{
  "ticker": "A",
  "name": "Agilent Technologies,\u00a0Inc.",
  "quarters": [
    {
      "date": "2021-01-31T00:00:00",
      "quarter_label": "2021-01 (Q1)",
      "revenue": 1548000000,
      "gross_profit": 838000000,
      "operating_income": 328000000,
      "net_income": 288000000,
      "opex": 1220000000,
      "cogs": 710000000,
      "rd": 103000000,
      "sga": 407000000,
      "fcf": 197000000,
      "ocf": 238000000,
      "capex": -41000000,
      "gross_margin": 0.541343669250646,
      "op_margin": 0.21188630490956073,
      "fcf_margin": 0.12726098191214472
    },
    {
      "date": "2021-04-30T00:00:00",
      "quarter_label": "2021-04 (Q2)",
      "revenue": 1525000000,
      "gross_profit": 817000000,
      "operating_income": 288000000,
      "net_income": 216000000,
      "opex": 1237000000,
      "cogs": 708000000,
      "rd": 109000000,
      "sga": 420000000,
      "fcf": 441000000,
      "ocf": 472000000,
      "capex": -31000000,
      "gross_margin": 0.5357377049180327,
      "op_margin": 0.18885245901639344,
      "fcf_margin": 0.28918032786885245,
      "fcf_margin_change": 0.16191934595670773
    },
    {
      "date": "2021-07-31T00:00:00",
      "quarter_label": "2021-07 (Q3)",
      "revenue": 1586000000,
      "gross_profit": 852000000,
      "operating_income": 336000000,
      "net_income": 264000000,
      "opex": 1250000000,
      "cogs": 734000000,
      "rd": 113000000,
      "sga": 403000000,
      "fcf": 280000000,
      "ocf": 334000000,
      "capex": -54000000,
      "gross_margin": 0.5372005044136192,
      "op_margin": 0.21185372005044137,
      "fcf_margin": 0.17654476670870115,
      "op_leverage_ratio": 3.8061538461538458,
      "fcf_margin_change": -0.1126355611601513
    },
    {
      "date": "2021-10-31T00:00:00",
      "quarter_label": "2021-10 (Q4)",
      "revenue": 1660000000,
      "gross_profit": 900000000,
      "operating_income": 395000000,
      "net_income": 442000000,
      "opex": 1265000000,
      "cogs": 760000000,
      "rd": 116000000,
      "sga": 389000000,
      "fcf": 379000000,
      "ocf": 441000000,
      "capex": -62000000,
      "gross_margin": 0.5421686746987951,
      "op_margin": 0.23795180722891565,
      "fcf_margin": 0.2283132530120482,
      "op_leverage_ratio": 3.8881883144178224,
      "fcf_margin_change": 0.051768486303347044
    },
    {
      "date": "2022-01-31T00:00:00",
      "quarter_label": "2022-01 (Q1)",
      "revenue": 1674000000,
      "gross_profit": 910000000,
      "operating_income": 376000000,
      "net_income": 283000000,
      "opex": 1298000000,
      "cogs": 764000000,
      "rd": 117000000,
      "sga": 417000000,
      "fcf": 180000000,
      "ocf": 255000000,
      "capex": -75000000,
      "gross_margin": 0.5436081242532855,
      "op_margin": 0.22461170848267623,
      "fcf_margin": 0.10752688172043011,
      "incr_op_margin_yoy": 0.38095238095238093,
      "rev_growth_yoy": 0.08139534883720931,
      "fcf_margin_change": -0.12078637129161808
    },
    {
      "date": "2022-04-30T00:00:00",
      "quarter_label": "2022-04 (Q2)",
      "revenue": 1607000000,
      "gross_profit": 861000000,
      "operating_income": 360000000,
      "net_income": 274000000,
      "opex": 1247000000,
      "cogs": 746000000,
      "rd": 115000000,
      "sga": 386000000,
      "fcf": 219000000,
      "ocf": 283000000,
      "capex": -64000000,
      "gross_margin": 0.5357809583074051,
      "op_margin": 0.22401991288114498,
      "fcf_margin": 0.13627878033602986,
      "incr_op_margin_yoy": 0.8780487804878049,
      "rev_growth_yoy": 0.05377049180327869,
      "rev_growth_yoy_accel": -0.027624857033930618,
      "fcf_margin_change": 0.02875189861559975
    },
    {
      "date": "2022-07-31T00:00:00",
      "quarter_label": "2022-07 (Q3)",
      "revenue": 1718000000,
      "gross_profit": 939000000,
      "operating_income": 411000000,
      "net_income": 329000000,
      "opex": 1307000000,
      "cogs": 779000000,
      "rd": 116000000,
      "sga": 412000000,
      "fcf": 244000000,
      "ocf": 326000000,
      "capex": -82000000,
      "gross_margin": 0.5465657741559954,
      "op_margin": 0.23923166472642607,
      "fcf_margin": 0.1420256111757858,
      "incr_op_margin_yoy": 0.5681818181818182,
      "rev_growth_yoy": 0.0832282471626734,
      "rev_growth_yoy_accel": 0.029457755359394704,
      "op_leverage_ratio": 1.4355631611698818,
      "fcf_margin_change": 0.00574683083975594
    },
    {
      "date": "2022-10-31T00:00:00",
      "quarter_label": "2022-10 (Q4)",
      "revenue": 1849000000,
      "gross_profit": 1012000000,
      "operating_income": 471000000,
      "net_income": 368000000,
      "opex": 1378000000,
      "cogs": 837000000,
      "rd": 119000000,
      "sga": 422000000,
      "fcf": 378000000,
      "ocf": 448000000,
      "capex": -70000000,
      "gross_margin": 0.5473228772309356,
      "op_margin": 0.2547322877230936,
      "fcf_margin": 0.20443482963764198,
      "incr_op_margin_yoy": 0.4021164021164021,
      "rev_growth_yoy": 0.11385542168674699,
      "rev_growth_yoy_accel": 0.030627174524073597,
      "op_leverage_ratio": 1.4036711538146223,
      "fcf_margin_change": 0.06240921846185618
    },
    {
      "date": "2023-01-31T00:00:00",
      "quarter_label": "2023-01 (Q1)",
      "revenue": 1756000000,
      "gross_profit": 968000000,
      "operating_income": 426000000,
      "net_income": 352000000,
      "opex": 1330000000,
      "cogs": 788000000,
      "rd": 123000000,
      "sga": 419000000,
      "fcf": 220000000,
      "ocf": 296000000,
      "capex": -76000000,
      "gross_margin": 0.55125284738041,
      "op_margin": 0.24259681093394078,
      "fcf_margin": 0.1252847380410023,
      "incr_op_margin_yoy": 0.6097560975609756,
      "rev_growth_yoy": 0.04898446833930705,
      "rev_growth_yoy_accel": -0.06487095334743995,
      "fcf_margin_change": -0.07915009159663969
    },
    {
      "date": "2023-04-30T00:00:00",
      "quarter_label": "2023-04 (Q2)",
      "revenue": 1717000000,
      "gross_profit": 924000000,
      "operating_income": 383000000,
      "net_income": 302000000,
      "opex": 1334000000,
      "cogs": 793000000,
      "rd": 126000000,
      "sga": 415000000,
      "fcf": 341000000,
      "ocf": 398000000,
      "capex": -57000000,
      "gross_margin": 0.5381479324403029,
      "op_margin": 0.22306348281887012,
      "fcf_margin": 0.1986022131624927,
      "incr_op_margin_yoy": 0.20909090909090908,
      "rev_growth_yoy": 0.06845052893590542,
      "rev_growth_yoy_accel": 0.019466060596598368,
      "fcf_margin_change": 0.07331747512149042
    },
    {
      "date": "2023-07-31T00:00:00",
      "quarter_label": "2023-07 (Q3)",
      "revenue": 1672000000,
      "gross_profit": 658000000,
      "operating_income": 133000000,
      "net_income": 111000000,
      "opex": 1539000000,
      "cogs": 1014000000,
      "rd": 118000000,
      "sga": 407000000,
      "fcf": 481000000,
      "ocf": 562000000,
      "capex": -81000000,
      "gross_margin": 0.39354066985645936,
      "op_margin": 0.07954545454545454,
      "fcf_margin": 0.2876794258373206,
      "incr_op_margin_yoy": 6.043478260869565,
      "rev_growth_yoy": -0.02677532013969732,
      "rev_growth_yoy_accel": -0.09522584907560275,
      "fcf_margin_change": 0.08907721267482788
    },
    {
      "date": "2023-10-31T00:00:00",
      "quarter_label": "2023-10 (Q4)",
      "revenue": 1688000000,
      "gross_profit": 915000000,
      "operating_income": 408000000,
      "net_income": 475000000,
      "opex": 1280000000,
      "cogs": 773000000,
      "rd": 114000000,
      "sga": 393000000,
      "fcf": 432000000,
      "ocf": 516000000,
      "capex": -84000000,
      "gross_margin": 0.5420616113744076,
      "op_margin": 0.24170616113744076,
      "fcf_margin": 0.2559241706161137,
      "incr_op_margin_yoy": 0.391304347826087,
      "rev_growth_yoy": -0.08707409410492158,
      "rev_growth_yoy_accel": -0.060298773965224255,
      "fcf_margin_change": -0.03175525522120687
    },
    {
      "date": "2024-01-31T00:00:00",
      "quarter_label": "2024-01 (Q1)",
      "revenue": 1658000000,
      "gross_profit": 908000000,
      "operating_income": 384000000,
      "net_income": 348000000,
      "opex": 1274000000,
      "cogs": 750000000,
      "rd": 128000000,
      "sga": 396000000,
      "fcf": 395000000,
      "ocf": 485000000,
      "capex": -90000000,
      "gross_margin": 0.5476477683956574,
      "op_margin": 0.2316043425814234,
      "fcf_margin": 0.2382388419782871,
      "incr_op_margin_yoy": 0.42857142857142855,
      "rev_growth_yoy": -0.05580865603644647,
      "rev_growth_yoy_accel": 0.03126543806847511,
      "fcf_margin_change": -0.017685328637826625
    },
    {
      "date": "2024-04-30T00:00:00",
      "quarter_label": "2024-04 (Q2)",
      "revenue": 1573000000,
      "gross_profit": 856000000,
      "operating_income": 363000000,
      "net_income": 308000000,
      "opex": 1210000000,
      "cogs": 717000000,
      "rd": 113000000,
      "sga": 380000000,
      "fcf": 230000000,
      "ocf": 333000000,
      "capex": -103000000,
      "gross_margin": 0.5441830896376351,
      "op_margin": 0.23076923076923078,
      "fcf_margin": 0.14621741894469167,
      "incr_op_margin_yoy": 0.1388888888888889,
      "rev_growth_yoy": -0.08386721025043681,
      "rev_growth_yoy_accel": -0.02805855421399034,
      "fcf_margin_change": -0.09202142303359542
    },
    {
      "date": "2024-07-31T00:00:00",
      "quarter_label": "2024-07 (Q3)",
      "revenue": 1578000000,
      "gross_profit": 855000000,
      "operating_income": 333000000,
      "net_income": 282000000,
      "opex": 1245000000,
      "cogs": 723000000,
      "rd": 127000000,
      "sga": 395000000,
      "fcf": 360000000,
      "ocf": 452000000,
      "capex": -92000000,
      "gross_margin": 0.5418250950570342,
      "op_margin": 0.21102661596958175,
      "fcf_margin": 0.22813688212927757,
      "incr_op_margin_yoy": -2.127659574468085,
      "rev_growth_yoy": -0.056220095693779906,
      "rev_growth_yoy_accel": 0.0276471145566569,
      "fcf_margin_change": 0.0819194631845859
    },
    {
      "date": "2024-10-31T00:00:00",
      "quarter_label": "2024-10 (Q4)",
      "revenue": 1701000000,
      "gross_profit": 916000000,
      "operating_income": 408000000,
      "net_income": 351000000,
      "opex": 1293000000,
      "cogs": 785000000,
      "rd": 111000000,
      "sga": 397000000,
      "fcf": 388000000,
      "ocf": 481000000,
      "capex": -93000000,
      "gross_margin": 0.538506760728983,
      "op_margin": 0.23985890652557318,
      "fcf_margin": 0.22810111699000588,
      "incr_op_margin_yoy": 0.0,
      "rev_growth_yoy": 0.007701421800947867,
      "rev_growth_yoy_accel": 0.06392151749472777,
      "op_leverage_ratio": 2.0217442965779466,
      "fcf_margin_change": -3.576513927169844e-05
    },
    {
      "date": "2025-01-31T00:00:00",
      "quarter_label": "2025-01 (Q1)",
      "revenue": 1681000000,
      "gross_profit": 899000000,
      "operating_income": 376000000,
      "net_income": 318000000,
      "opex": 1305000000,
      "cogs": 782000000,
      "rd": 113000000,
      "sga": 410000000,
      "fcf": 334000000,
      "ocf": 431000000,
      "capex": -97000000,
      "gross_margin": 0.5348007138607972,
      "op_margin": 0.22367638310529447,
      "fcf_margin": 0.19869125520523498,
      "incr_op_margin_yoy": -0.34782608695652173,
      "rev_growth_yoy": 0.013872135102533172,
      "rev_growth_yoy_accel": 0.006170713301585305,
      "fcf_margin_change": -0.029409861784770897
    },
    {
      "date": "2025-04-30T00:00:00",
      "quarter_label": "2025-04 (Q2)",
      "revenue": 1668000000,
      "gross_profit": 866000000,
      "operating_income": 300000000,
      "net_income": 215000000,
      "opex": 1368000000,
      "cogs": 802000000,
      "rd": 112000000,
      "sga": 454000000,
      "fcf": 107000000,
      "ocf": 221000000,
      "capex": -114000000,
      "gross_margin": 0.5191846522781774,
      "op_margin": 0.17985611510791366,
      "fcf_margin": 0.06414868105515588,
      "incr_op_margin_yoy": -0.6631578947368421,
      "rev_growth_yoy": 0.06039415130324221,
      "rev_growth_yoy_accel": 0.04652201620070904,
      "fcf_margin_change": -0.1345425741500791
    },
    {
      "date": "2025-07-31T00:00:00",
      "quarter_label": "2025-07 (Q3)",
      "revenue": 1738000000,
      "gross_profit": 888000000,
      "operating_income": 360000000,
      "net_income": 336000000,
      "opex": 1378000000,
      "cogs": 850000000,
      "rd": 111000000,
      "sga": 417000000,
      "fcf": 259000000,
      "ocf": 362000000,
      "capex": -103000000,
      "gross_margin": 0.5109321058688148,
      "op_margin": 0.20713463751438435,
      "fcf_margin": 0.14902186421173763,
      "incr_op_margin_yoy": 0.16875,
      "rev_growth_yoy": 0.10139416983523447,
      "rev_growth_yoy_accel": 0.04100001853199226,
      "op_leverage_ratio": 5.741007194244605,
      "fcf_margin_change": 0.08487318315658175
    },
    {
      "date": "2025-10-31T00:00:00",
      "quarter_label": "2025-10 (Q4)",
      "revenue": 1861000000,
      "gross_profit": 990000000,
      "operating_income": 443000000,
      "net_income": 434000000,
      "opex": 1418000000,
      "cogs": 871000000,
      "rd": 119000000,
      "sga": 428000000,
      "fcf": 452000000,
      "ocf": 545000000,
      "capex": -93000000,
      "gross_margin": 0.5319720580333154,
      "op_margin": 0.23804406233207953,
      "fcf_margin": 0.24288017195056422,
      "incr_op_margin_yoy": 0.21875,
      "rev_growth_yoy": 0.09406231628453851,
      "rev_growth_yoy_accel": -0.00733185355069596,
      "op_leverage_ratio": 2.438060989643268,
      "fcf_margin_change": 0.09385830773882659
    }
  ],
  "signals": [
    {
      "quarter": "2025-10 (Q4)",
      "signal": "FCF MARGIN EXPANSION",
      "detail": "FCF margin: +14.9% -> +24.3% (+9.4%)",
      "severity": "MEDIUM"
    },
    {
      "quarter": "2025-10 (Q4)",
      "signal": "OPERATING LEVERAGE",
      "detail": "Rev growth +7.1% vs OpEx growth +2.9% (leverage: 2.4x)",
      "severity": "MEDIUM"
    },
    {
      "quarter": "2025-10 (Q4)",
      "signal": "GROSS MARGIN INFLECTION",
      "detail": "GM: +51.9% -> +51.1% -> +53.2% (reversal +2.1%)",
      "severity": "MEDIUM"
    },
    {
      "quarter": "2025-07 (Q3)",
      "signal": "FCF MARGIN EXPANSION",
      "detail": "FCF margin: +6.4% -> +14.9% (+8.5%)",
      "severity": "MEDIUM"
    },
    {
      "quarter": "2025-07 (Q3)",
      "signal": "OPERATING LEVERAGE",
      "detail": "Rev growth +4.2% vs OpEx growth +0.7% (leverage: 5.7x)",
      "severity": "MEDIUM"
    },
    {
      "quarter": "2024-10 (Q4)",
      "signal": "OPERATING LEVERAGE",
      "detail": "Rev growth +7.8% vs OpEx growth +3.9% (leverage: 2.0x)",
      "severity": "MEDIUM"
    },
    {
      "quarter": "2024-10 (Q4)",
      "signal": "YoY REVENUE GROWTH ACCELERATION",
      "detail": "YoY growth: +0.8% vs prior quarter YoY: -5.6% (accel: +6.4%)",
      "severity": "MEDIUM"
    },
    {
      "quarter": "2024-07 (Q3)",
      "signal": "FCF MARGIN EXPANSION",
      "detail": "FCF margin: +14.6% -> +22.8% (+8.2%)",
      "severity": "MEDIUM"
    },
    {
      "quarter": "2024-01 (Q1)",
      "signal": "INCREMENTAL MARGIN (YoY)",
      "detail": "YoY Incr OPM: +42.9% vs year-ago OPM: +24.3%",
      "severity": "MEDIUM"
    },
    {
      "quarter": "2023-10 (Q4)",
      "signal": "GROSS MARGIN INFLECTION",
      "detail": "GM: +53.8% -> +39.4% -> +54.2% (reversal +14.9%)",
      "severity": "HIGH"
    },
    {
      "quarter": "2023-10 (Q4)",
      "signal": "YoY REVENUE GROWTH DECELERATION",
      "detail": "YoY growth: -8.7% vs prior quarter YoY: -2.7% (decel: -6.0%)",
      "severity": "WARNING"
    },
    {
      "quarter": "2023-10 (Q4)",
      "signal": "INCREMENTAL MARGIN (YoY)",
      "detail": "YoY Incr OPM: +39.1% vs year-ago OPM: +25.5%",
      "severity": "MEDIUM"
    },
    {
      "quarter": "2023-07 (Q3)",
      "signal": "FCF MARGIN EXPANSION",
      "detail": "FCF margin: +19.9% -> +28.8% (+8.9%)",
      "severity": "MEDIUM"
    },
    {
      "quarter": "2023-07 (Q3)",
      "signal": "YoY REVENUE GROWTH DECELERATION",
      "detail": "YoY growth: -2.7% vs prior quarter YoY: +6.8% (decel: -9.5%)",
      "severity": "WARNING"
    },
    {
      "quarter": "2023-07 (Q3)",
      "signal": "INCREMENTAL MARGIN (YoY)",
      "detail": "YoY Incr OPM: +604.3% vs year-ago OPM: +23.9%",
      "severity": "HIGH"
    },
    {
      "quarter": "2023-04 (Q2)",
      "signal": "FCF MARGIN EXPANSION",
      "detail": "FCF margin: +12.5% -> +19.9% (+7.3%)",
      "severity": "MEDIUM"
    },
    {
      "quarter": "2023-01 (Q1)",
      "signal": "YoY REVENUE GROWTH DECELERATION",
      "detail": "YoY growth: +4.9% vs prior quarter YoY: +11.4% (decel: -6.5%)",
      "severity": "WARNING"
    },
    {
      "quarter": "2023-01 (Q1)",
      "signal": "INCREMENTAL MARGIN (YoY)",
      "detail": "YoY Incr OPM: +61.0% vs year-ago OPM: +22.5%",
      "severity": "HIGH"
    },
    {
      "quarter": "2022-10 (Q4)",
      "signal": "FCF MARGIN EXPANSION",
      "detail": "FCF margin: +14.2% -> +20.4% (+6.2%)",
      "severity": "MEDIUM"
    },
    {
      "quarter": "2022-10 (Q4)",
      "signal": "INCREMENTAL MARGIN (YoY)",
      "detail": "YoY Incr OPM: +40.2% vs year-ago OPM: +23.8%",
      "severity": "MEDIUM"
    },
    {
      "quarter": "2022-07 (Q3)",
      "signal": "INCREMENTAL MARGIN (YoY)",
      "detail": "YoY Incr OPM: +56.8% vs year-ago OPM: +21.2%",
      "severity": "HIGH"
    },
    {
      "quarter": "2022-04 (Q2)",
      "signal": "INCREMENTAL MARGIN (YoY)",
      "detail": "YoY Incr OPM: +87.8% vs year-ago OPM: +18.9%",
      "severity": "HIGH"
    },
    {
      "quarter": "2022-01 (Q1)",
      "signal": "INCREMENTAL MARGIN (YoY)",
      "detail": "YoY Incr OPM: +38.1% vs year-ago OPM: +21.2%",
      "severity": "MEDIUM"
    },
    {
      "quarter": "2021-10 (Q4)",
      "signal": "FCF MARGIN EXPANSION",
      "detail": "FCF margin: +17.7% -> +22.8% (+5.2%)",
      "severity": "MEDIUM"
    },
    {
      "quarter": "2021-10 (Q4)",
      "signal": "OPERATING LEVERAGE",
      "detail": "Rev growth +4.7% vs OpEx growth +1.2% (leverage: 3.9x)",
      "severity": "MEDIUM"
    },
    {
      "quarter": "2021-07 (Q3)",
      "signal": "OPERATING LEVERAGE",
      "detail": "Rev growth +4.0% vs OpEx growth +1.1% (leverage: 3.8x)",
      "severity": "MEDIUM"
    },
    {
      "quarter": "2021-04 (Q2)",
      "signal": "FCF MARGIN EXPANSION",
      "detail": "FCF margin: +12.7% -> +28.9% (+16.2%)",
      "severity": "MEDIUM"
    }
  ],
  "data_quality": {
    "n_quarters": 20,
    "coverage": {
      "revenue": [
        20,
        20
      ],
      "gross_profit": [
        20,
        20
      ],
      "op_income": [
        20,
        20
      ],
      "fcf": [
        20,
        20
      ]
    },
    "gaps": [],
    "warnings": []
  },
  "market_cap": null,
  "source": "SEC EDGAR",
  "last_updated": "2026-02-02T20:04:09.809913",
  "sector": "Healthcare",
  "industry": "Diagnostics & Research"
}