{
  "ticker": "AAOI",
  "name": "Applied Optoelectronics, Inc.",
  "quarters": [
    {
      "date": "2020-12-31T00:00:00",
      "quarter_label": "2020-12 (Q4)",
      "revenue": 52326000,
      "gross_profit": 11277000,
      "operating_income": -13161000,
      "net_income": -13439000,
      "opex": 24438000,
      "cogs": 41049000,
      "rd": 10826000,
      "sga": null,
      "fcf": -17767000,
      "ocf": -14104000,
      "capex": -3663000,
      "gross_margin": 0.21551427588579292,
      "op_margin": -0.2515193211787639,
      "fcf_margin": -0.33954439475595305
    },
    {
      "date": "2021-03-31T00:00:00",
      "quarter_label": "2021-03 (Q1)",
      "revenue": 49701000,
      "gross_profit": 10719000,
      "operating_income": -14038000,
      "net_income": -15622000,
      "opex": 24757000,
      "cogs": 38982000,
      "rd": 10928000,
      "sga": null,
      "fcf": -17426000,
      "ocf": -15214000,
      "capex": -2212000,
      "gross_margin": 0.21566970483491277,
      "op_margin": -0.2824490452908392,
      "fcf_margin": -0.35061668779300215,
      "fcf_margin_change": -0.011072293037049097
    },
    {
      "date": "2021-06-30T00:00:00",
      "quarter_label": "2021-06 (Q2)",
      "revenue": 54189000,
      "gross_profit": 10778000,
      "operating_income": -13649000,
      "net_income": -8203000,
      "opex": 24427000,
      "cogs": 43411000,
      "rd": 10914000,
      "sga": null,
      "fcf": -1038000,
      "ocf": 332000,
      "capex": -1370000,
      "gross_margin": 0.19889645500009226,
      "op_margin": -0.25187768735352195,
      "fcf_margin": -0.019155179095388362,
      "op_leverage_ratio": Infinity,
      "fcf_margin_change": 0.33146150869761376
    },
    {
      "date": "2021-09-30T00:00:00",
      "quarter_label": "2021-09 (Q3)",
      "revenue": 53267000,
      "gross_profit": 8124000,
      "operating_income": -15453000,
      "net_income": -15797000,
      "opex": 23577000,
      "cogs": 45143000,
      "rd": 10149000,
      "sga": null,
      "fcf": 1526000,
      "ocf": 3499000,
      "capex": -1973000,
      "gross_margin": 0.15251469014586894,
      "op_margin": -0.29010456755589764,
      "fcf_margin": 0.028648131113071882,
      "fcf_margin_change": 0.047803310208460244
    },
    {
      "date": "2021-12-31T00:00:00",
      "quarter_label": "2021-12 (Q4)",
      "revenue": 54408000,
      "gross_profit": 8095000,
      "operating_income": -13625000,
      "net_income": -14540000,
      "opex": 21720000,
      "cogs": 46313000,
      "rd": 9230000,
      "sga": null,
      "fcf": -2687000,
      "ocf": -261000,
      "capex": -2426000,
      "gross_margin": 0.14878326716659315,
      "op_margin": -0.25042273195118364,
      "fcf_margin": -0.04938611968828113,
      "incr_op_margin_yoy": -0.2228626320845341,
      "rev_growth_yoy": 0.03978901502121316,
      "op_leverage_ratio": Infinity,
      "fcf_margin_change": -0.07803425080135301
    },
    {
      "date": "2022-03-31T00:00:00",
      "quarter_label": "2022-03 (Q1)",
      "revenue": 52242000,
      "gross_profit": 9025000,
      "operating_income": -14239000,
      "net_income": -16062000,
      "opex": 23264000,
      "cogs": 43217000,
      "rd": 9486000,
      "sga": null,
      "fcf": -4625000,
      "ocf": -3603000,
      "capex": -1022000,
      "gross_margin": 0.17275372305807588,
      "op_margin": -0.2725584778530684,
      "fcf_margin": -0.08853030129014969,
      "incr_op_margin_yoy": -0.07910271546635184,
      "rev_growth_yoy": 0.0511257318766222,
      "rev_growth_yoy_accel": 0.011336716855409039,
      "fcf_margin_change": -0.039144181601868555
    },
    {
      "date": "2022-06-30T00:00:00",
      "quarter_label": "2022-06 (Q2)",
      "revenue": 52299000,
      "gross_profit": 8628000,
      "operating_income": -12899000,
      "net_income": -14456000,
      "opex": 21527000,
      "cogs": 43671000,
      "rd": 8328000,
      "sga": null,
      "fcf": 1606000,
      "ocf": 2253000,
      "capex": -647000,
      "gross_margin": 0.1649744736993059,
      "op_margin": -0.24663951509589094,
      "fcf_margin": 0.03070804413086292,
      "incr_op_margin_yoy": -0.3968253968253968,
      "rev_growth_yoy": -0.03487792725460887,
      "rev_growth_yoy_accel": -0.08600365913123106,
      "fcf_margin_change": 0.11923834542101261
    },
    {
      "date": "2022-09-30T00:00:00",
      "quarter_label": "2022-09 (Q3)",
      "revenue": 56693000,
      "gross_profit": 9749000,
      "operating_income": -13496000,
      "net_income": -15627000,
      "opex": 23245000,
      "cogs": 46944000,
      "rd": 9206000,
      "sga": null,
      "fcf": -9970000,
      "ocf": -9189000,
      "capex": -781000,
      "gross_margin": 0.1719612650591784,
      "op_margin": -0.23805408075070997,
      "fcf_margin": -0.17585945354805707,
      "incr_op_margin_yoy": 0.5712200817279627,
      "rev_growth_yoy": 0.0643174948842623,
      "rev_growth_yoy_accel": 0.09919542213887117,
      "op_leverage_ratio": 1.0527542879895782,
      "fcf_margin_change": -0.20656749767892
    },
    {
      "date": "2022-12-31T00:00:00",
      "quarter_label": "2022-12 (Q4)",
      "revenue": 61585000,
      "gross_profit": 6226000,
      "operating_income": -18363000,
      "net_income": -20250000,
      "opex": 24589000,
      "cogs": 55359000,
      "rd": 9223000,
      "sga": null,
      "fcf": -4243000,
      "ocf": -3483000,
      "capex": -760000,
      "gross_margin": 0.10109604611512543,
      "op_margin": -0.2981732564747909,
      "fcf_margin": -0.06889664691077373,
      "incr_op_margin_yoy": -0.6601644141005991,
      "rev_growth_yoy": 0.1319107484193501,
      "rev_growth_yoy_accel": 0.0675932535350878,
      "op_leverage_ratio": 1.4924070473973021,
      "fcf_margin_change": 0.10696280663728334
    },
    {
      "date": "2023-03-31T00:00:00",
      "quarter_label": "2023-03 (Q1)",
      "revenue": 53030000,
      "gross_profit": 9244000,
      "operating_income": -14167000,
      "net_income": -16292000,
      "opex": 23411000,
      "cogs": 43786000,
      "rd": 8536000,
      "sga": null,
      "fcf": -9965000,
      "ocf": -9390000,
      "capex": -575000,
      "gross_margin": 0.1743164246652838,
      "op_margin": -0.26715066943239674,
      "fcf_margin": -0.1879125023571563,
      "rev_growth_yoy": 0.015083649171164963,
      "rev_growth_yoy_accel": -0.11682709924818514,
      "fcf_margin_change": -0.11901585544638259
    },
    {
      "date": "2023-06-30T00:00:00",
      "quarter_label": "2023-06 (Q2)",
      "revenue": 41615000,
      "gross_profit": 7898000,
      "operating_income": -15965000,
      "net_income": -16944000,
      "opex": 23863000,
      "cogs": 33717000,
      "rd": 8640000,
      "sga": null,
      "fcf": 14373000,
      "ocf": 15258000,
      "capex": -885000,
      "gross_margin": 0.18978733629700828,
      "op_margin": -0.38363570827826504,
      "fcf_margin": 0.34538027153670553,
      "incr_op_margin_yoy": 0.28697117184575066,
      "rev_growth_yoy": -0.20428688885064725,
      "rev_growth_yoy_accel": -0.21937053802181222,
      "fcf_margin_change": 0.5332927738938619
    },
    {
      "date": "2023-09-30T00:00:00",
      "quarter_label": "2023-09 (Q3)",
      "revenue": 62547000,
      "gross_profit": 20174000,
      "operating_income": -6686000,
      "net_income": -8953000,
      "opex": 26860000,
      "cogs": 42373000,
      "rd": 9457000,
      "sga": null,
      "fcf": -16802000,
      "ocf": -15347000,
      "capex": -1455000,
      "gross_margin": 0.32254144883047947,
      "op_margin": -0.10689561449789758,
      "fcf_margin": -0.268629990247334,
      "incr_op_margin_yoy": 1.163307140416809,
      "rev_growth_yoy": 0.10325789780043391,
      "rev_growth_yoy_accel": 0.30754478665108115,
      "op_leverage_ratio": 4.00496869170825,
      "fcf_margin_change": -0.6140102617840395
    },
    {
      "date": "2023-12-31T00:00:00",
      "quarter_label": "2023-12 (Q4)",
      "revenue": 60453000,
      "gross_profit": 21604000,
      "operating_income": -4532000,
      "net_income": -13858000,
      "opex": 26136000,
      "cogs": 38849000,
      "rd": 9342000,
      "sga": null,
      "fcf": -4614000,
      "ocf": 1550000,
      "capex": -6164000,
      "gross_margin": 0.35736853423320597,
      "op_margin": -0.07496732999189452,
      "fcf_margin": -0.07632375564488114,
      "incr_op_margin_yoy": -12.218197879858657,
      "rev_growth_yoy": -0.01838109929365917,
      "rev_growth_yoy_accel": -0.1216389970940931,
      "fcf_margin_change": 0.19230623460245289
    },
    {
      "date": "2024-03-31T00:00:00",
      "quarter_label": "2024-03 (Q1)",
      "revenue": 40673000,
      "gross_profit": 7591000,
      "operating_income": -21646000,
      "net_income": -23170000,
      "opex": 29237000,
      "cogs": 33082000,
      "rd": 11712000,
      "sga": null,
      "fcf": -34242000,
      "ocf": -28481000,
      "capex": -5761000,
      "gross_margin": 0.18663486834017654,
      "op_margin": -0.5321958055712634,
      "fcf_margin": -0.8418852801612864,
      "incr_op_margin_yoy": 0.6052439912600146,
      "rev_growth_yoy": -0.233019045823119,
      "rev_growth_yoy_accel": -0.21463794652945983,
      "fcf_margin_change": -0.7655615245164052
    },
    {
      "date": "2024-06-30T00:00:00",
      "quarter_label": "2024-06 (Q2)",
      "revenue": 43270000,
      "gross_profit": 9562000,
      "operating_income": -26244000,
      "net_income": -26115000,
      "opex": 35806000,
      "cogs": 33708000,
      "rd": 13078000,
      "sga": null,
      "fcf": -4967000,
      "ocf": -1989000,
      "capex": -2978000,
      "gross_margin": 0.22098451583082968,
      "op_margin": -0.6065172174716894,
      "fcf_margin": -0.11479084816269933,
      "incr_op_margin_yoy": -6.2108761329305135,
      "rev_growth_yoy": 0.03976931394929713,
      "rev_growth_yoy_accel": 0.2727883597724161,
      "op_leverage_ratio": 0.2841837814200045,
      "fcf_margin_change": 0.727094431998587
    },
    {
      "date": "2024-09-30T00:00:00",
      "quarter_label": "2024-09 (Q3)",
      "revenue": 65151000,
      "gross_profit": 15917000,
      "operating_income": -16547000,
      "net_income": -17757000,
      "opex": 32464000,
      "cogs": 49234000,
      "rd": 13428000,
      "sga": null,
      "fcf": -20728000,
      "ocf": -14440000,
      "capex": -6288000,
      "gross_margin": 0.24430937360900062,
      "op_margin": -0.25397921751009195,
      "fcf_margin": -0.31815321330447727,
      "incr_op_margin_yoy": -3.7868663594470044,
      "rev_growth_yoy": 0.04163269221545398,
      "rev_growth_yoy_accel": 0.0018633782661568524,
      "op_leverage_ratio": Infinity,
      "fcf_margin_change": -0.20336236514177794
    },
    {
      "date": "2024-12-31T00:00:00",
      "quarter_label": "2024-12 (Q4)",
      "revenue": 100271000,
      "gross_profit": 28729000,
      "operating_income": -6472000,
      "net_income": -119691000,
      "opex": 35201000,
      "cogs": 71542000,
      "rd": 16737000,
      "sga": null,
      "fcf": -52995000,
      "ocf": -24616000,
      "capex": -28379000,
      "gross_margin": 0.28651354828414993,
      "op_margin": -0.06454508282554278,
      "fcf_margin": -0.5285177169869654,
      "incr_op_margin_yoy": -0.04872168366065598,
      "rev_growth_yoy": 0.6586604469587944,
      "rev_growth_yoy_accel": 0.6170277547433405,
      "op_leverage_ratio": 6.393823646365558,
      "fcf_margin_change": -0.2103645036824881
    },
    {
      "date": "2025-03-31T00:00:00",
      "quarter_label": "2025-03 (Q1)",
      "revenue": 99859000,
      "gross_profit": 30544000,
      "operating_income": -8937000,
      "net_income": -9172000,
      "opex": 39481000,
      "cogs": 69315000,
      "rd": 17810000,
      "sga": null,
      "fcf": -79304000,
      "ocf": -50915000,
      "capex": -28389000,
      "gross_margin": 0.3058712785026888,
      "op_margin": -0.0894961896273746,
      "fcf_margin": -0.7941597652690293,
      "incr_op_margin_yoy": 0.21472983475821986,
      "rev_growth_yoy": 1.4551668182823987,
      "rev_growth_yoy_accel": 0.7965063713236042,
      "fcf_margin_change": -0.26564204828206395
    },
    {
      "date": "2025-06-30T00:00:00",
      "quarter_label": "2025-06 (Q2)",
      "revenue": 102952000,
      "gross_profit": 31162000,
      "operating_income": -15976000,
      "net_income": -9098000,
      "opex": 47138000,
      "cogs": 71790000,
      "rd": 20612000,
      "sga": null,
      "fcf": -90953000,
      "ocf": -65474000,
      "capex": -25479000,
      "gross_margin": 0.302684746289533,
      "op_margin": -0.15517911259616132,
      "fcf_margin": -0.8834505400575026,
      "incr_op_margin_yoy": 0.17204517274890252,
      "rev_growth_yoy": 1.379292812572221,
      "rev_growth_yoy_accel": -0.07587400571017766,
      "op_leverage_ratio": 0.1597063574410717,
      "fcf_margin_change": -0.08929077478847325
    },
    {
      "date": "2025-09-30T00:00:00",
      "quarter_label": "2025-09 (Q3)",
      "revenue": 118630000,
      "gross_profit": 33263000,
      "operating_income": -18187000,
      "net_income": -17936000,
      "opex": 51450000,
      "cogs": 85367000,
      "rd": 21265000,
      "sga": null,
      "fcf": -78707000,
      "ocf": -28462000,
      "capex": -50245000,
      "gross_margin": 0.28039281800556354,
      "op_margin": -0.15330860659192447,
      "fcf_margin": -0.663466239568406,
      "incr_op_margin_yoy": -0.030666242824286167,
      "rev_growth_yoy": 0.8208469555340671,
      "rev_growth_yoy_accel": -0.558445857038154,
      "op_leverage_ratio": 1.6647471195755834,
      "fcf_margin_change": 0.21998430048909656
    }
  ],
  "signals": [
    {
      "quarter": "2025-09 (Q3)",
      "signal": "FCF MARGIN EXPANSION",
      "detail": "FCF margin: -88.3% -> -66.3% (+22.0%)",
      "severity": "MEDIUM"
    },
    {
      "quarter": "2025-09 (Q3)",
      "signal": "OPERATING LEVERAGE",
      "detail": "Rev growth +15.2% vs OpEx growth +9.1% (leverage: 1.7x)",
      "severity": "MEDIUM"
    },
    {
      "quarter": "2025-09 (Q3)",
      "signal": "YoY REVENUE GROWTH DECELERATION",
      "detail": "YoY growth: +82.1% vs prior quarter YoY: +137.9% (decel: -55.8%)",
      "severity": "WARNING"
    },
    {
      "quarter": "2025-06 (Q2)",
      "signal": "YoY REVENUE GROWTH DECELERATION",
      "detail": "YoY growth: +137.9% vs prior quarter YoY: +145.5% (decel: -7.6%)",
      "severity": "WARNING"
    },
    {
      "quarter": "2025-03 (Q1)",
      "signal": "YoY REVENUE GROWTH ACCELERATION",
      "detail": "YoY growth: +145.5% vs prior quarter YoY: +65.9% (accel: +79.7%)",
      "severity": "HIGH"
    },
    {
      "quarter": "2024-12 (Q4)",
      "signal": "OPERATING LEVERAGE",
      "detail": "Rev growth +53.9% vs OpEx growth +8.4% (leverage: 6.4x)",
      "severity": "MEDIUM"
    },
    {
      "quarter": "2024-12 (Q4)",
      "signal": "YoY REVENUE GROWTH ACCELERATION",
      "detail": "YoY growth: +65.9% vs prior quarter YoY: +4.2% (accel: +61.7%)",
      "severity": "HIGH"
    },
    {
      "quarter": "2024-06 (Q2)",
      "signal": "FCF MARGIN EXPANSION",
      "detail": "FCF margin: -84.2% -> -11.5% (+72.7%)",
      "severity": "MEDIUM"
    },
    {
      "quarter": "2024-06 (Q2)",
      "signal": "GROSS MARGIN INFLECTION",
      "detail": "GM: +35.7% -> +18.7% -> +22.1% (reversal +3.4%)",
      "severity": "MEDIUM"
    },
    {
      "quarter": "2024-06 (Q2)",
      "signal": "YoY REVENUE GROWTH ACCELERATION",
      "detail": "YoY growth: +4.0% vs prior quarter YoY: -23.3% (accel: +27.3%)",
      "severity": "HIGH"
    },
    {
      "quarter": "2024-03 (Q1)",
      "signal": "YoY REVENUE GROWTH DECELERATION",
      "detail": "YoY growth: -23.3% vs prior quarter YoY: -1.8% (decel: -21.5%)",
      "severity": "WARNING"
    },
    {
      "quarter": "2023-12 (Q4)",
      "signal": "FCF MARGIN EXPANSION",
      "detail": "FCF margin: -26.9% -> -7.6% (+19.2%)",
      "severity": "MEDIUM"
    },
    {
      "quarter": "2023-12 (Q4)",
      "signal": "YoY REVENUE GROWTH DECELERATION",
      "detail": "YoY growth: -1.8% vs prior quarter YoY: +10.3% (decel: -12.2%)",
      "severity": "WARNING"
    },
    {
      "quarter": "2023-09 (Q3)",
      "signal": "OPERATING LEVERAGE",
      "detail": "Rev growth +50.3% vs OpEx growth +12.6% (leverage: 4.0x)",
      "severity": "MEDIUM"
    },
    {
      "quarter": "2023-09 (Q3)",
      "signal": "YoY REVENUE GROWTH ACCELERATION",
      "detail": "YoY growth: +10.3% vs prior quarter YoY: -20.4% (accel: +30.8%)",
      "severity": "HIGH"
    },
    {
      "quarter": "2023-06 (Q2)",
      "signal": "FCF TURNED POSITIVE",
      "detail": "FCF margin: -18.8% -> +34.5%",
      "severity": "HIGH"
    },
    {
      "quarter": "2023-06 (Q2)",
      "signal": "YoY REVENUE GROWTH DECELERATION",
      "detail": "YoY growth: -20.4% vs prior quarter YoY: +1.5% (decel: -21.9%)",
      "severity": "WARNING"
    },
    {
      "quarter": "2023-03 (Q1)",
      "signal": "GROSS MARGIN INFLECTION",
      "detail": "GM: +17.2% -> +10.1% -> +17.4% (reversal +7.3%)",
      "severity": "HIGH"
    },
    {
      "quarter": "2023-03 (Q1)",
      "signal": "YoY REVENUE GROWTH DECELERATION",
      "detail": "YoY growth: +1.5% vs prior quarter YoY: +13.2% (decel: -11.7%)",
      "severity": "WARNING"
    },
    {
      "quarter": "2022-12 (Q4)",
      "signal": "FCF MARGIN EXPANSION",
      "detail": "FCF margin: -17.6% -> -6.9% (+10.7%)",
      "severity": "MEDIUM"
    },
    {
      "quarter": "2022-12 (Q4)",
      "signal": "YoY REVENUE GROWTH ACCELERATION",
      "detail": "YoY growth: +13.2% vs prior quarter YoY: +6.4% (accel: +6.8%)",
      "severity": "MEDIUM"
    },
    {
      "quarter": "2022-09 (Q3)",
      "signal": "YoY REVENUE GROWTH ACCELERATION",
      "detail": "YoY growth: +6.4% vs prior quarter YoY: -3.5% (accel: +9.9%)",
      "severity": "MEDIUM"
    },
    {
      "quarter": "2022-06 (Q2)",
      "signal": "FCF TURNED POSITIVE",
      "detail": "FCF margin: -8.9% -> +3.1%",
      "severity": "HIGH"
    },
    {
      "quarter": "2022-06 (Q2)",
      "signal": "YoY REVENUE GROWTH DECELERATION",
      "detail": "YoY growth: -3.5% vs prior quarter YoY: +5.1% (decel: -8.6%)",
      "severity": "WARNING"
    },
    {
      "quarter": "2022-03 (Q1)",
      "signal": "GROSS MARGIN INFLECTION",
      "detail": "GM: +15.3% -> +14.9% -> +17.3% (reversal +2.4%)",
      "severity": "MEDIUM"
    },
    {
      "quarter": "2021-09 (Q3)",
      "signal": "FCF TURNED POSITIVE",
      "detail": "FCF margin: -1.9% -> +2.9%",
      "severity": "HIGH"
    },
    {
      "quarter": "2021-06 (Q2)",
      "signal": "FCF MARGIN EXPANSION",
      "detail": "FCF margin: -35.1% -> -1.9% (+33.1%)",
      "severity": "MEDIUM"
    }
  ],
  "data_quality": {
    "n_quarters": 20,
    "coverage": {
      "revenue": [
        20,
        20
      ],
      "gross_profit": [
        20,
        20
      ],
      "op_income": [
        20,
        20
      ],
      "fcf": [
        20,
        20
      ]
    },
    "gaps": [],
    "warnings": []
  },
  "market_cap": null,
  "source": "SEC EDGAR",
  "last_updated": "2026-02-02T21:28:53.112122"
}