{
  "ticker": "AAON",
  "name": "AAON, INC.",
  "quarters": [
    {
      "date": "2020-12-31T00:00:00",
      "quarter_label": "2020-12 (Q4)",
      "revenue": 116700000,
      "gross_profit": 33923000,
      "operating_income": 25718000,
      "net_income": 18892000,
      "opex": 8205000,
      "cogs": 82777000,
      "rd": null,
      "sga": 14622000,
      "fcf": 31819000,
      "ocf": 31819000,
      "capex": null,
      "gross_margin": 0.29068551842330764,
      "op_margin": 0.2203770351328192,
      "fcf_margin": 0.27265638389031704
    },
    {
      "date": "2021-03-31T00:00:00",
      "quarter_label": "2021-03 (Q1)",
      "revenue": 115788000,
      "gross_profit": 33157000,
      "operating_income": 18461000,
      "net_income": 16376000,
      "opex": 14696000,
      "cogs": 82631000,
      "rd": null,
      "sga": 14696000,
      "fcf": 28838000,
      "ocf": 28838000,
      "capex": null,
      "gross_margin": 0.2863595536670467,
      "op_margin": 0.15943793830103292,
      "fcf_margin": 0.24905862438249213,
      "fcf_margin_change": -0.023597759507824917
    },
    {
      "date": "2021-06-30T00:00:00",
      "quarter_label": "2021-06 (Q2)",
      "revenue": 143876000,
      "gross_profit": 42107000,
      "operating_income": 25212000,
      "net_income": 20615000,
      "opex": 16895000,
      "cogs": 101769000,
      "rd": null,
      "sga": 16895000,
      "fcf": 34074000,
      "ocf": 34074000,
      "capex": null,
      "gross_margin": 0.2926617364953154,
      "op_margin": 0.1752342294753816,
      "fcf_margin": 0.23682893602824653,
      "op_leverage_ratio": 1.6211797782631172,
      "fcf_margin_change": -0.012229688354245594
    },
    {
      "date": "2021-09-30T00:00:00",
      "quarter_label": "2021-09 (Q3)",
      "revenue": 138571000,
      "gross_profit": 36019000,
      "operating_income": 20137000,
      "net_income": 15581000,
      "opex": 15882000,
      "cogs": 102552000,
      "rd": null,
      "sga": 15897000,
      "fcf": 11791000,
      "ocf": 11791000,
      "capex": null,
      "gross_margin": 0.25993173174762396,
      "op_margin": 0.14531900614125612,
      "fcf_margin": 0.08508995388645532,
      "fcf_margin_change": -0.1517389821417912
    },
    {
      "date": "2021-12-31T00:00:00",
      "quarter_label": "2021-12 (Q4)",
      "revenue": 136282000,
      "gross_profit": 26547000,
      "operating_income": 5443000,
      "net_income": 6186000,
      "opex": 21104000,
      "cogs": 109735000,
      "rd": null,
      "sga": 21110000,
      "fcf": -13520000,
      "ocf": -13520000,
      "capex": null,
      "gross_margin": 0.1947946170440704,
      "op_margin": 0.03993924362718481,
      "fcf_margin": -0.09920605802673868,
      "incr_op_margin_yoy": -1.0353896435501992,
      "rev_growth_yoy": 0.16779777206512425,
      "fcf_margin_change": -0.184296011913194
    },
    {
      "date": "2022-03-31T00:00:00",
      "quarter_label": "2022-03 (Q1)",
      "revenue": 182771000,
      "gross_profit": 46064000,
      "operating_income": 23010000,
      "net_income": 18059000,
      "opex": 23054000,
      "cogs": 136707000,
      "rd": null,
      "sga": 23056000,
      "fcf": -6803000,
      "ocf": -6803000,
      "capex": null,
      "gross_margin": 0.25203123033741676,
      "op_margin": 0.12589524596352814,
      "fcf_margin": -0.03722144103823911,
      "incr_op_margin_yoy": 0.06791275398235373,
      "rev_growth_yoy": 0.5784969081424672,
      "rev_growth_yoy_accel": 0.410699136077343,
      "op_leverage_ratio": 3.6918315152705605,
      "fcf_margin_change": 0.06198461698849957
    },
    {
      "date": "2022-06-30T00:00:00",
      "quarter_label": "2022-06 (Q2)",
      "revenue": 208814000,
      "gross_profit": 47376000,
      "operating_income": 20453000,
      "net_income": 15946000,
      "opex": 26923000,
      "cogs": 161438000,
      "rd": null,
      "sga": 26933000,
      "fcf": 5223000,
      "ocf": 5223000,
      "capex": null,
      "gross_margin": 0.2268813393737968,
      "op_margin": 0.09794841342055609,
      "fcf_margin": 0.025012690719970882,
      "incr_op_margin_yoy": -0.07328528750500478,
      "rev_growth_yoy": 0.4513469932441825,
      "rev_growth_yoy_accel": -0.12714991489828475,
      "op_leverage_ratio": 0.8490461207157357,
      "fcf_margin_change": 0.06223413175820999
    },
    {
      "date": "2022-09-30T00:00:00",
      "quarter_label": "2022-09 (Q3)",
      "revenue": 242605000,
      "gross_profit": 65591000,
      "operating_income": 36700000,
      "net_income": 27473000,
      "opex": 28891000,
      "cogs": 177014000,
      "rd": null,
      "sga": 28891000,
      "fcf": 44994000,
      "ocf": 44994000,
      "capex": null,
      "gross_margin": 0.27036128686548094,
      "op_margin": 0.15127470579748975,
      "fcf_margin": 0.18546196492240474,
      "incr_op_margin_yoy": 0.15920756675702175,
      "rev_growth_yoy": 0.7507631466901444,
      "rev_growth_yoy_accel": 0.29941615344596195,
      "op_leverage_ratio": 2.213807165084327,
      "fcf_margin_change": 0.16044927420243385
    },
    {
      "date": "2022-12-31T00:00:00",
      "quarter_label": "2022-12 (Q4)",
      "revenue": 254598000,
      "gross_profit": 78541000,
      "operating_income": 46598000,
      "net_income": 38898000,
      "opex": 31943000,
      "cogs": 176057000,
      "rd": null,
      "sga": 31943000,
      "fcf": 17904000,
      "ocf": 17904000,
      "capex": null,
      "gross_margin": 0.30849024737036423,
      "op_margin": 0.18302578967627398,
      "fcf_margin": 0.07032262625786534,
      "incr_op_margin_yoy": 0.3478396835592819,
      "rev_growth_yoy": 0.8681704113529299,
      "rev_growth_yoy_accel": 0.1174072646627855,
      "op_leverage_ratio": 0.46795719749292863,
      "fcf_margin_change": -0.1151393386645394
    },
    {
      "date": "2023-03-31T00:00:00",
      "quarter_label": "2023-03 (Q1)",
      "revenue": 265953000,
      "gross_profit": 77154000,
      "operating_income": 44206000,
      "net_income": 36814000,
      "opex": 32948000,
      "cogs": 188799000,
      "rd": null,
      "sga": 32942000,
      "fcf": 4823000,
      "ocf": 4823000,
      "capex": null,
      "gross_margin": 0.29010389053704977,
      "op_margin": 0.16621733915391065,
      "fcf_margin": 0.018134783213575333,
      "incr_op_margin_yoy": 0.254814743574331,
      "rev_growth_yoy": 0.45511596478653615,
      "rev_growth_yoy_accel": -0.4130544465663938,
      "op_leverage_ratio": 1.4175611115586022,
      "fcf_margin_change": -0.05218784304429001
    },
    {
      "date": "2023-06-30T00:00:00",
      "quarter_label": "2023-06 (Q2)",
      "revenue": 283957000,
      "gross_profit": 94018000,
      "operating_income": 54740000,
      "net_income": 45682000,
      "opex": 39278000,
      "cogs": 189939000,
      "rd": null,
      "sga": 39272000,
      "fcf": 55117000,
      "ocf": 55117000,
      "capex": null,
      "gross_margin": 0.33109942702592293,
      "op_margin": 0.19277566673827376,
      "fcf_margin": 0.19410333254682927,
      "incr_op_margin_yoy": 0.45629000705321854,
      "rev_growth_yoy": 0.35985613991399046,
      "rev_growth_yoy_accel": -0.0952598248725457,
      "op_leverage_ratio": 0.35236231770964244,
      "fcf_margin_change": 0.17596854933325393
    },
    {
      "date": "2023-09-30T00:00:00",
      "quarter_label": "2023-09 (Q3)",
      "revenue": 311970000,
      "gross_profit": 116109000,
      "operating_income": 64664000,
      "net_income": 48078000,
      "opex": 51445000,
      "cogs": 195861000,
      "rd": null,
      "sga": 51470000,
      "fcf": 47205000,
      "ocf": 47205000,
      "capex": null,
      "gross_margin": 0.3721800173093567,
      "op_margin": 0.20727634067378273,
      "fcf_margin": 0.15131262621405905,
      "incr_op_margin_yoy": 0.40314279535788944,
      "rev_growth_yoy": 0.2859174378104326,
      "rev_growth_yoy_accel": -0.07393870210355785,
      "op_leverage_ratio": 0.3184732059618572,
      "fcf_margin_change": -0.04279070633277021
    },
    {
      "date": "2023-12-31T00:00:00",
      "quarter_label": "2023-12 (Q4)",
      "revenue": 306638000,
      "gross_profit": 111739000,
      "operating_income": 63884000,
      "net_income": 47049000,
      "opex": 47855000,
      "cogs": 194899000,
      "rd": null,
      "sga": 47855000,
      "fcf": 51750000,
      "ocf": 51750000,
      "capex": null,
      "gross_margin": 0.3644003678604739,
      "op_margin": 0.20833686627228198,
      "fcf_margin": 0.16876577593122835,
      "incr_op_margin_yoy": 0.33216756341275944,
      "rev_growth_yoy": 0.20440066300599377,
      "rev_growth_yoy_accel": -0.08151677480443884,
      "fcf_margin_change": 0.017453149717169297
    },
    {
      "date": "2024-03-31T00:00:00",
      "quarter_label": "2024-03 (Q1)",
      "revenue": 262099000,
      "gross_profit": 92242000,
      "operating_income": 46970000,
      "net_income": 39016000,
      "opex": 45272000,
      "cogs": 169857000,
      "rd": null,
      "sga": 45288000,
      "fcf": 92370000,
      "ocf": 92370000,
      "capex": null,
      "gross_margin": 0.3519357189458945,
      "op_margin": 0.1792070935028367,
      "fcf_margin": 0.3524240840293172,
      "incr_op_margin_yoy": -0.7171769590036325,
      "rev_growth_yoy": -0.01449128229423996,
      "rev_growth_yoy_accel": -0.21889194530023373,
      "fcf_margin_change": 0.18365830809808883
    },
    {
      "date": "2024-06-30T00:00:00",
      "quarter_label": "2024-06 (Q2)",
      "revenue": 313566000,
      "gross_profit": 113094000,
      "operating_income": 67199000,
      "net_income": 52228000,
      "opex": 45895000,
      "cogs": 200472000,
      "rd": null,
      "sga": 45895000,
      "fcf": 35542000,
      "ocf": 35542000,
      "capex": null,
      "gross_margin": 0.360670480855705,
      "op_margin": 0.21430576019083702,
      "fcf_margin": 0.11334774816147158,
      "incr_op_margin_yoy": 0.4207842210138809,
      "rev_growth_yoy": 0.1042728300411682,
      "rev_growth_yoy_accel": 0.11876411233540816,
      "op_leverage_ratio": 14.269380683271034,
      "fcf_margin_change": -0.2390763358678456
    },
    {
      "date": "2024-09-30T00:00:00",
      "quarter_label": "2024-09 (Q3)",
      "revenue": 327252000,
      "gross_profit": 114158000,
      "operating_income": 65520000,
      "net_income": 52625000,
      "opex": 48638000,
      "cogs": 213094000,
      "rd": null,
      "sga": 48637000,
      "fcf": 63775000,
      "ocf": 63775000,
      "capex": null,
      "gross_margin": 0.34883820419737693,
      "op_margin": 0.20021268013640864,
      "fcf_margin": 0.194880397980761,
      "incr_op_margin_yoy": 0.0560136107839288,
      "rev_growth_yoy": 0.04898547937301664,
      "rev_growth_yoy_accel": -0.05528735066815157,
      "op_leverage_ratio": 0.7302761819246749,
      "fcf_margin_change": 0.08153264981928943
    },
    {
      "date": "2024-12-31T00:00:00",
      "quarter_label": "2024-12 (Q4)",
      "revenue": 297718000,
      "gross_profit": 77615000,
      "operating_income": 29429000,
      "net_income": 24690000,
      "opex": 48186000,
      "cogs": 220103000,
      "rd": null,
      "sga": 48194000,
      "fcf": 845000,
      "ocf": 845000,
      "capex": null,
      "gross_margin": 0.2606997225562445,
      "op_margin": 0.0988485748258419,
      "fcf_margin": 0.0028382563365332296,
      "incr_op_margin_yoy": 3.8626681614349776,
      "rev_growth_yoy": -0.029089675774039748,
      "rev_growth_yoy_accel": -0.07807515514705639,
      "fcf_margin_change": -0.19204214164422778
    },
    {
      "date": "2025-03-31T00:00:00",
      "quarter_label": "2025-03 (Q1)",
      "revenue": 322054000,
      "gross_profit": 86364000,
      "operating_income": 35111000,
      "net_income": 29292000,
      "opex": 51253000,
      "cogs": 235690000,
      "rd": null,
      "sga": 51293000,
      "fcf": -9214000,
      "ocf": -9214000,
      "capex": null,
      "gross_margin": 0.268166208151428,
      "op_margin": 0.10902208946325771,
      "fcf_margin": -0.028610108863730926,
      "incr_op_margin_yoy": -0.19779834876157118,
      "rev_growth_yoy": 0.22874944200473868,
      "rev_growth_yoy_accel": 0.25783911777877844,
      "op_leverage_ratio": 1.284254819421936,
      "fcf_margin_change": -0.03144836520026416
    },
    {
      "date": "2025-06-30T00:00:00",
      "quarter_label": "2025-06 (Q2)",
      "revenue": 311567000,
      "gross_profit": 82729000,
      "operating_income": 23582000,
      "net_income": 15487000,
      "opex": 59147000,
      "cogs": 228838000,
      "rd": null,
      "sga": 59147000,
      "fcf": -21826000,
      "ocf": -21826000,
      "capex": null,
      "gross_margin": 0.26552555309130943,
      "op_margin": 0.07568837521303604,
      "fcf_margin": -0.07005234829105778,
      "incr_op_margin_yoy": 21.819409704852426,
      "rev_growth_yoy": -0.006375053417781265,
      "rev_growth_yoy_accel": -0.23512449542251995,
      "fcf_margin_change": -0.041442239427326846
    },
    {
      "date": "2025-09-30T00:00:00",
      "quarter_label": "2025-09 (Q3)",
      "revenue": 384238000,
      "gross_profit": 106861000,
      "operating_income": 43595000,
      "net_income": 30782000,
      "opex": 63266000,
      "cogs": 277377000,
      "rd": null,
      "sga": 63230000,
      "fcf": 12256000,
      "ocf": 12256000,
      "capex": null,
      "gross_margin": 0.278111482987107,
      "op_margin": 0.11345832530879299,
      "fcf_margin": 0.03189689723556754,
      "incr_op_margin_yoy": -0.38474362124030465,
      "rev_growth_yoy": 0.1741349174336597,
      "rev_growth_yoy_accel": 0.18050997085144097,
      "op_leverage_ratio": 3.3492735017217776,
      "fcf_margin_change": 0.10194924552662532
    }
  ],
  "signals": [
    {
      "quarter": "2025-09 (Q3)",
      "signal": "FCF TURNED POSITIVE",
      "detail": "FCF margin: -7.0% -> +3.2%",
      "severity": "HIGH"
    },
    {
      "quarter": "2025-09 (Q3)",
      "signal": "OPERATING LEVERAGE",
      "detail": "Rev growth +23.3% vs OpEx growth +7.0% (leverage: 3.3x)",
      "severity": "MEDIUM"
    },
    {
      "quarter": "2025-09 (Q3)",
      "signal": "YoY REVENUE GROWTH ACCELERATION",
      "detail": "YoY growth: +17.4% vs prior quarter YoY: -0.6% (accel: +18.1%)",
      "severity": "HIGH"
    },
    {
      "quarter": "2025-06 (Q2)",
      "signal": "YoY REVENUE GROWTH DECELERATION",
      "detail": "YoY growth: -0.6% vs prior quarter YoY: +22.9% (decel: -23.5%)",
      "severity": "WARNING"
    },
    {
      "quarter": "2025-06 (Q2)",
      "signal": "INCREMENTAL MARGIN (YoY)",
      "detail": "YoY Incr OPM: +2181.9% vs year-ago OPM: +21.4%",
      "severity": "HIGH"
    },
    {
      "quarter": "2025-03 (Q1)",
      "signal": "YoY REVENUE GROWTH ACCELERATION",
      "detail": "YoY growth: +22.9% vs prior quarter YoY: -2.9% (accel: +25.8%)",
      "severity": "HIGH"
    },
    {
      "quarter": "2024-12 (Q4)",
      "signal": "YoY REVENUE GROWTH DECELERATION",
      "detail": "YoY growth: -2.9% vs prior quarter YoY: +4.9% (decel: -7.8%)",
      "severity": "WARNING"
    },
    {
      "quarter": "2024-12 (Q4)",
      "signal": "INCREMENTAL MARGIN (YoY)",
      "detail": "YoY Incr OPM: +386.3% vs year-ago OPM: +20.8%",
      "severity": "HIGH"
    },
    {
      "quarter": "2024-09 (Q3)",
      "signal": "FCF MARGIN EXPANSION",
      "detail": "FCF margin: +11.3% -> +19.5% (+8.2%)",
      "severity": "MEDIUM"
    },
    {
      "quarter": "2024-09 (Q3)",
      "signal": "YoY REVENUE GROWTH DECELERATION",
      "detail": "YoY growth: +4.9% vs prior quarter YoY: +10.4% (decel: -5.5%)",
      "severity": "WARNING"
    },
    {
      "quarter": "2024-06 (Q2)",
      "signal": "OPERATING LEVERAGE",
      "detail": "Rev growth +19.6% vs OpEx growth +1.4% (leverage: 14.3x)",
      "severity": "MEDIUM"
    },
    {
      "quarter": "2024-06 (Q2)",
      "signal": "YoY REVENUE GROWTH ACCELERATION",
      "detail": "YoY growth: +10.4% vs prior quarter YoY: -1.4% (accel: +11.9%)",
      "severity": "MEDIUM"
    },
    {
      "quarter": "2024-06 (Q2)",
      "signal": "INCREMENTAL MARGIN (YoY)",
      "detail": "YoY Incr OPM: +42.1% vs year-ago OPM: +19.3%",
      "severity": "HIGH"
    },
    {
      "quarter": "2024-03 (Q1)",
      "signal": "FCF MARGIN EXPANSION",
      "detail": "FCF margin: +16.9% -> +35.2% (+18.4%)",
      "severity": "MEDIUM"
    },
    {
      "quarter": "2024-03 (Q1)",
      "signal": "YoY REVENUE GROWTH DECELERATION",
      "detail": "YoY growth: -1.4% vs prior quarter YoY: +20.4% (decel: -21.9%)",
      "severity": "WARNING"
    },
    {
      "quarter": "2023-12 (Q4)",
      "signal": "YoY REVENUE GROWTH DECELERATION",
      "detail": "YoY growth: +20.4% vs prior quarter YoY: +28.6% (decel: -8.2%)",
      "severity": "WARNING"
    },
    {
      "quarter": "2023-12 (Q4)",
      "signal": "INCREMENTAL MARGIN (YoY)",
      "detail": "YoY Incr OPM: +33.2% vs year-ago OPM: +18.3%",
      "severity": "MEDIUM"
    },
    {
      "quarter": "2023-09 (Q3)",
      "signal": "YoY REVENUE GROWTH DECELERATION",
      "detail": "YoY growth: +28.6% vs prior quarter YoY: +36.0% (decel: -7.4%)",
      "severity": "WARNING"
    },
    {
      "quarter": "2023-09 (Q3)",
      "signal": "INCREMENTAL MARGIN (YoY)",
      "detail": "YoY Incr OPM: +40.3% vs year-ago OPM: +15.1%",
      "severity": "HIGH"
    },
    {
      "quarter": "2023-06 (Q2)",
      "signal": "FCF MARGIN EXPANSION",
      "detail": "FCF margin: +1.8% -> +19.4% (+17.6%)",
      "severity": "MEDIUM"
    },
    {
      "quarter": "2023-06 (Q2)",
      "signal": "GROSS MARGIN INFLECTION",
      "detail": "GM: +30.8% -> +29.0% -> +33.1% (reversal +4.1%)",
      "severity": "MEDIUM"
    },
    {
      "quarter": "2023-06 (Q2)",
      "signal": "YoY REVENUE GROWTH DECELERATION",
      "detail": "YoY growth: +36.0% vs prior quarter YoY: +45.5% (decel: -9.5%)",
      "severity": "WARNING"
    },
    {
      "quarter": "2023-06 (Q2)",
      "signal": "INCREMENTAL MARGIN (YoY)",
      "detail": "YoY Incr OPM: +45.6% vs year-ago OPM: +9.8%",
      "severity": "HIGH"
    },
    {
      "quarter": "2023-03 (Q1)",
      "signal": "YoY REVENUE GROWTH DECELERATION",
      "detail": "YoY growth: +45.5% vs prior quarter YoY: +86.8% (decel: -41.3%)",
      "severity": "WARNING"
    },
    {
      "quarter": "2023-03 (Q1)",
      "signal": "INCREMENTAL MARGIN (YoY)",
      "detail": "YoY Incr OPM: +25.5% vs year-ago OPM: +12.6%",
      "severity": "MEDIUM"
    },
    {
      "quarter": "2022-12 (Q4)",
      "signal": "YoY REVENUE GROWTH ACCELERATION",
      "detail": "YoY growth: +86.8% vs prior quarter YoY: +75.1% (accel: +11.7%)",
      "severity": "MEDIUM"
    },
    {
      "quarter": "2022-12 (Q4)",
      "signal": "INCREMENTAL MARGIN (YoY)",
      "detail": "YoY Incr OPM: +34.8% vs year-ago OPM: +4.0%",
      "severity": "HIGH"
    },
    {
      "quarter": "2022-09 (Q3)",
      "signal": "FCF MARGIN EXPANSION",
      "detail": "FCF margin: +2.5% -> +18.5% (+16.0%)",
      "severity": "MEDIUM"
    },
    {
      "quarter": "2022-09 (Q3)",
      "signal": "OPERATING LEVERAGE",
      "detail": "Rev growth +16.2% vs OpEx growth +7.3% (leverage: 2.2x)",
      "severity": "MEDIUM"
    },
    {
      "quarter": "2022-09 (Q3)",
      "signal": "GROSS MARGIN INFLECTION",
      "detail": "GM: +25.2% -> +22.7% -> +27.0% (reversal +4.3%)",
      "severity": "MEDIUM"
    },
    {
      "quarter": "2022-09 (Q3)",
      "signal": "YoY REVENUE GROWTH ACCELERATION",
      "detail": "YoY growth: +75.1% vs prior quarter YoY: +45.1% (accel: +29.9%)",
      "severity": "HIGH"
    },
    {
      "quarter": "2022-06 (Q2)",
      "signal": "FCF TURNED POSITIVE",
      "detail": "FCF margin: -3.7% -> +2.5%",
      "severity": "HIGH"
    },
    {
      "quarter": "2022-06 (Q2)",
      "signal": "YoY REVENUE GROWTH DECELERATION",
      "detail": "YoY growth: +45.1% vs prior quarter YoY: +57.8% (decel: -12.7%)",
      "severity": "WARNING"
    },
    {
      "quarter": "2022-03 (Q1)",
      "signal": "FCF MARGIN EXPANSION",
      "detail": "FCF margin: -9.9% -> -3.7% (+6.2%)",
      "severity": "MEDIUM"
    },
    {
      "quarter": "2022-03 (Q1)",
      "signal": "OPERATING LEVERAGE",
      "detail": "Rev growth +34.1% vs OpEx growth +9.2% (leverage: 3.7x)",
      "severity": "MEDIUM"
    },
    {
      "quarter": "2022-03 (Q1)",
      "signal": "GROSS MARGIN INFLECTION",
      "detail": "GM: +26.0% -> +19.5% -> +25.2% (reversal +5.7%)",
      "severity": "HIGH"
    },
    {
      "quarter": "2022-03 (Q1)",
      "signal": "YoY REVENUE GROWTH ACCELERATION",
      "detail": "YoY growth: +57.8% vs prior quarter YoY: +16.8% (accel: +41.1%)",
      "severity": "HIGH"
    },
    {
      "quarter": "2021-06 (Q2)",
      "signal": "OPERATING LEVERAGE",
      "detail": "Rev growth +24.3% vs OpEx growth +15.0% (leverage: 1.6x)",
      "severity": "MEDIUM"
    }
  ],
  "data_quality": {
    "n_quarters": 20,
    "coverage": {
      "revenue": [
        20,
        20
      ],
      "gross_profit": [
        20,
        20
      ],
      "op_income": [
        20,
        20
      ],
      "fcf": [
        20,
        20
      ]
    },
    "gaps": [],
    "warnings": []
  },
  "market_cap": null,
  "source": "SEC EDGAR",
  "last_updated": "2026-02-02T20:48:15.323619",
  "sector": "Industrials",
  "industry": "Building Products & Equipment"
}