{
  "ticker": "AAPL",
  "name": "Apple Inc.",
  "sector": "Technology",
  "industry": "Consumer Electronics",
  "quarters": [
    {
      "date": "2021-03-27T00:00:00",
      "quarter_label": "2021-03 (Q1)",
      "revenue": 89584000000,
      "gross_profit": 38079000000,
      "operating_income": 27503000000,
      "net_income": 23630000000,
      "opex": 10576000000,
      "cogs": 51505000000,
      "rd": 5262000000,
      "sga": 5314000000,
      "fcf": 21712000000,
      "ocf": 23981000000,
      "capex": -2269000000,
      "gross_margin": 0.4250647437042329,
      "op_margin": 0.30700794784783,
      "fcf_margin": 0.2423647079835685
    },
    {
      "date": "2021-06-26T00:00:00",
      "quarter_label": "2021-06 (Q2)",
      "revenue": 81434000000,
      "gross_profit": 35255000000,
      "operating_income": 24126000000,
      "net_income": 21744000000,
      "opex": 11129000000,
      "cogs": 46179000000,
      "rd": 5717000000,
      "sga": 5412000000,
      "fcf": 19001000000,
      "ocf": 21094000000,
      "capex": -2093000000,
      "gross_margin": 0.4329272785323084,
      "op_margin": 0.296264459562345,
      "fcf_margin": 0.2333300586978412,
      "fcf_margin_change": -0.009034649285727281
    },
    {
      "date": "2021-09-25T00:00:00",
      "quarter_label": "2021-09 (Q3)",
      "revenue": 83360000000,
      "gross_profit": 35174000000,
      "operating_income": 23786000000,
      "net_income": 20551000000,
      "opex": 11388000000,
      "cogs": 48186000000,
      "rd": 5772000000,
      "sga": 5616000000,
      "fcf": 16977000000,
      "ocf": 20200000000,
      "capex": -3223000000,
      "gross_margin": 0.4219529750479846,
      "op_margin": 0.28534069097888676,
      "fcf_margin": 0.2036588291746641,
      "op_leverage_ratio": 1.016264823691697,
      "fcf_margin_change": -0.029671229523177106
    },
    {
      "date": "2021-12-25T00:00:00",
      "quarter_label": "2021-12 (Q4)",
      "revenue": 123945000000,
      "gross_profit": 54243000000,
      "operating_income": 41488000000,
      "net_income": 34630000000,
      "opex": 12755000000,
      "cogs": 69702000000,
      "rd": 6306000000,
      "sga": 6449000000,
      "fcf": 44163000000,
      "ocf": 46966000000,
      "capex": -2803000000,
      "gross_margin": 0.43763766186615033,
      "op_margin": 0.3347291137197951,
      "fcf_margin": 0.3563112670942757,
      "op_leverage_ratio": 4.055895792936604,
      "fcf_margin_change": 0.15265243791961158
    },
    {
      "date": "2022-03-26T00:00:00",
      "quarter_label": "2022-03 (Q1)",
      "revenue": 97278000000,
      "gross_profit": 42559000000,
      "operating_income": 29979000000,
      "net_income": 25010000000,
      "opex": 12580000000,
      "cogs": 54719000000,
      "rd": 6387000000,
      "sga": 6193000000,
      "fcf": 25652000000,
      "ocf": 28166000000,
      "capex": -2514000000,
      "gross_margin": 0.437498715022924,
      "op_margin": 0.30817862209338187,
      "fcf_margin": 0.26369785563025555,
      "incr_op_margin_yoy": 0.3218092019755654,
      "rev_growth_yoy": 0.08588587247722808,
      "fcf_margin_change": -0.09261341146402013
    },
    {
      "date": "2022-06-25T00:00:00",
      "quarter_label": "2022-06 (Q2)",
      "revenue": 82959000000,
      "gross_profit": 35885000000,
      "operating_income": 23076000000,
      "net_income": 19442000000,
      "opex": 12809000000,
      "cogs": 47074000000,
      "rd": 6797000000,
      "sga": 6012000000,
      "fcf": 20790000000,
      "ocf": 22892000000,
      "capex": -2102000000,
      "gross_margin": 0.4325630733253776,
      "op_margin": 0.2781615014645789,
      "fcf_margin": 0.25060572089827504,
      "incr_op_margin_yoy": -0.6885245901639344,
      "rev_growth_yoy": 0.01872682172065722,
      "rev_growth_yoy_accel": -0.06715905075657086,
      "fcf_margin_change": -0.01309213473198051
    },
    {
      "date": "2022-09-24T00:00:00",
      "quarter_label": "2022-09 (Q3)",
      "revenue": 90146000000,
      "gross_profit": 38095000000,
      "operating_income": 24894000000,
      "net_income": 20721000000,
      "opex": 13201000000,
      "cogs": 52051000000,
      "rd": 6761000000,
      "sga": 6440000000,
      "fcf": 20838000000,
      "ocf": 24127000000,
      "capex": -3289000000,
      "gross_margin": 0.4225922392563175,
      "op_margin": 0.27615202005635303,
      "fcf_margin": 0.23115834313225211,
      "incr_op_margin_yoy": 0.1632773356911288,
      "rev_growth_yoy": 0.08140595009596929,
      "rev_growth_yoy_accel": 0.06267912837531207,
      "op_leverage_ratio": 2.8308267779682663,
      "fcf_margin_change": -0.019447377766022927
    },
    {
      "date": "2022-12-31T00:00:00",
      "quarter_label": "2022-12 (Q4)",
      "revenue": 117154000000,
      "gross_profit": 50332000000,
      "operating_income": 36016000000,
      "net_income": 29998000000,
      "opex": 14316000000,
      "cogs": 66822000000,
      "rd": 7709000000,
      "sga": 6607000000,
      "fcf": 30218000000,
      "ocf": 34005000000,
      "capex": -3787000000,
      "gross_margin": 0.42962254809908323,
      "op_margin": 0.30742441572630896,
      "fcf_margin": 0.25793400139986683,
      "incr_op_margin_yoy": 0.8057723457517302,
      "rev_growth_yoy": -0.054790431239662755,
      "rev_growth_yoy_accel": -0.13619638133563206,
      "op_leverage_ratio": 3.5471367176256874,
      "fcf_margin_change": 0.026775658267614716
    },
    {
      "date": "2023-04-01T00:00:00",
      "quarter_label": "2023-04 (Q2)",
      "revenue": 94836000000,
      "gross_profit": 41976000000,
      "operating_income": 28318000000,
      "net_income": 24160000000,
      "opex": 13658000000,
      "cogs": 52860000000,
      "rd": 7457000000,
      "sga": 6201000000,
      "fcf": 25644000000,
      "ocf": 28560000000,
      "capex": -2916000000,
      "gross_margin": 0.44261672782487665,
      "op_margin": 0.2985996878822388,
      "fcf_margin": 0.27040364418575225,
      "incr_op_margin_yoy": 0.6801801801801802,
      "rev_growth_yoy": -0.025103312156911122,
      "rev_growth_yoy_accel": 0.029687119082751633,
      "fcf_margin_change": 0.012469642785885415
    },
    {
      "date": "2023-07-01T00:00:00",
      "quarter_label": "2023-07 (Q3)",
      "revenue": 81797000000,
      "gross_profit": 36413000000,
      "operating_income": 22998000000,
      "net_income": 19881000000,
      "opex": 13415000000,
      "cogs": 45384000000,
      "rd": 7442000000,
      "sga": 5973000000,
      "fcf": 24287000000,
      "ocf": 26380000000,
      "capex": -2093000000,
      "gross_margin": 0.44516302553883397,
      "op_margin": 0.2811594557257601,
      "fcf_margin": 0.2969179798770126,
      "incr_op_margin_yoy": 0.06712564543889846,
      "rev_growth_yoy": -0.014006919080509649,
      "rev_growth_yoy_accel": 0.011096393076401473,
      "fcf_margin_change": 0.026514335691260382
    },
    {
      "date": "2023-09-30T00:00:00",
      "quarter_label": "2023-09 (Q3)",
      "revenue": 89498000000,
      "gross_profit": 40427000000,
      "operating_income": 26969000000,
      "net_income": 22956000000,
      "opex": 13458000000,
      "cogs": 49071000000,
      "rd": 7307000000,
      "sga": 6151000000,
      "fcf": 19435000000,
      "ocf": 21598000000,
      "capex": -2163000000,
      "gross_margin": 0.4517084180652082,
      "op_margin": 0.30133634271156895,
      "fcf_margin": 0.2171556906299582,
      "incr_op_margin_yoy": -3.2021604938271606,
      "rev_growth_yoy": -0.0071883389168681915,
      "rev_growth_yoy_accel": 0.0068185801636414575,
      "op_leverage_ratio": 29.37189514256934,
      "fcf_margin_change": -0.07976228924705442
    },
    {
      "date": "2023-12-30T00:00:00",
      "quarter_label": "2023-12 (Q4)",
      "revenue": 119575000000,
      "gross_profit": 54855000000,
      "operating_income": 40373000000,
      "net_income": 33916000000,
      "opex": 14482000000,
      "cogs": 64720000000,
      "rd": 7696000000,
      "sga": 6786000000,
      "fcf": 37503000000,
      "ocf": 39895000000,
      "capex": -2392000000,
      "gross_margin": 0.4587497386577462,
      "op_margin": 0.337637466025507,
      "fcf_margin": 0.3136357934350826,
      "incr_op_margin_yoy": 1.7996695580338704,
      "rev_growth_yoy": 0.02066510746538744,
      "rev_growth_yoy_accel": 0.02785344638225563,
      "op_leverage_ratio": 4.4167391703236385,
      "fcf_margin_change": 0.09648010280512437
    },
    {
      "date": "2024-03-30T00:00:00",
      "quarter_label": "2024-03 (Q1)",
      "revenue": 90753000000,
      "gross_profit": 42271000000,
      "operating_income": 27900000000,
      "net_income": 23636000000,
      "opex": 14371000000,
      "cogs": 48482000000,
      "rd": 7903000000,
      "sga": 6468000000,
      "fcf": 20694000000,
      "ocf": 22690000000,
      "capex": -1996000000,
      "gross_margin": 0.46578074554009236,
      "op_margin": 0.30742785362467356,
      "fcf_margin": 0.2280255198175267,
      "incr_op_margin_yoy": 0.1023757041391134,
      "rev_growth_yoy": -0.043053270909781095,
      "rev_growth_yoy_accel": -0.06371837837516853,
      "fcf_margin_change": -0.08561027361755588
    },
    {
      "date": "2024-06-29T00:00:00",
      "quarter_label": "2024-06 (Q2)",
      "revenue": 85777000000,
      "gross_profit": 39678000000,
      "operating_income": 25352000000,
      "net_income": 21448000000,
      "opex": 14326000000,
      "cogs": 46099000000,
      "rd": 8006000000,
      "sga": 6320000000,
      "fcf": 26707000000,
      "ocf": 28858000000,
      "capex": -2151000000,
      "gross_margin": 0.462571551814589,
      "op_margin": 0.29555708406682446,
      "fcf_margin": 0.3113538594261865,
      "incr_op_margin_yoy": 0.5914572864321608,
      "rev_growth_yoy": 0.04865704121178038,
      "rev_growth_yoy_accel": 0.09171031212156147,
      "fcf_margin_change": 0.08332833960865979
    },
    {
      "date": "2024-09-28T00:00:00",
      "quarter_label": "2024-09 (Q3)",
      "revenue": 94930000000,
      "gross_profit": 43879000000,
      "operating_income": 29591000000,
      "net_income": 14736000000,
      "opex": 14288000000,
      "cogs": 51051000000,
      "rd": 7765000000,
      "sga": 6523000000,
      "fcf": 23903000000,
      "ocf": 26811000000,
      "capex": -2908000000,
      "gross_margin": 0.4622247972190035,
      "op_margin": 0.31171389444854103,
      "fcf_margin": 0.2517960602549247,
      "incr_op_margin_yoy": 0.48269513991163476,
      "rev_growth_yoy": 0.060694093722764755,
      "rev_growth_yoy_accel": 0.012037052510984372,
      "op_leverage_ratio": null,
      "fcf_margin_change": -0.059557799171261805
    },
    {
      "date": "2024-12-28T00:00:00",
      "quarter_label": "2024-12 (Q4)",
      "revenue": 124300000000,
      "gross_profit": 58275000000,
      "operating_income": 42832000000,
      "net_income": 36330000000,
      "opex": 15443000000,
      "cogs": 66025000000,
      "rd": 8268000000,
      "sga": 7175000000,
      "fcf": 26995000000,
      "ocf": 29935000000,
      "capex": -2940000000,
      "gross_margin": 0.4688254223652454,
      "op_margin": 0.34458567980691873,
      "fcf_margin": 0.21717618664521318,
      "incr_op_margin_yoy": 0.5204232804232805,
      "rev_growth_yoy": 0.03951494877691825,
      "rev_growth_yoy_accel": -0.021179144945846502,
      "op_leverage_ratio": 3.8272772418774736,
      "fcf_margin_change": -0.0346198736097115
    },
    {
      "date": "2025-03-29T00:00:00",
      "quarter_label": "2025-03 (Q1)",
      "revenue": 95359000000,
      "gross_profit": 44867000000,
      "operating_income": 29589000000,
      "net_income": 24780000000,
      "opex": 15278000000,
      "cogs": 50492000000,
      "rd": 8550000000,
      "sga": 6728000000,
      "fcf": 20881000000,
      "ocf": 23952000000,
      "capex": -3071000000,
      "gross_margin": 0.47050619238876246,
      "op_margin": 0.31029058610094484,
      "fcf_margin": 0.2189725143929781,
      "incr_op_margin_yoy": 0.36669561441597914,
      "rev_growth_yoy": 0.050753143146783024,
      "rev_growth_yoy_accel": 0.01123819436986477,
      "fcf_margin_change": 0.0017963277477649198
    },
    {
      "date": "2025-06-28T00:00:00",
      "quarter_label": "2025-06 (Q2)",
      "revenue": 94036000000,
      "gross_profit": 43718000000,
      "operating_income": 28202000000,
      "net_income": 23434000000,
      "opex": 15516000000,
      "cogs": 50318000000,
      "rd": 8866000000,
      "sga": 6650000000,
      "fcf": 24405000000,
      "ocf": 27867000000,
      "capex": -3462000000,
      "gross_margin": 0.4649070568718363,
      "op_margin": 0.2999064188183249,
      "fcf_margin": 0.25952826577055593,
      "incr_op_margin_yoy": 0.34507809662186706,
      "rev_growth_yoy": 0.09628455180293086,
      "rev_growth_yoy_accel": 0.04553140865614783,
      "fcf_margin_change": 0.04055575137757783
    },
    {
      "date": "2025-09-27T00:00:00",
      "quarter_label": "2025-09 (Q3)",
      "revenue": 102466000000,
      "gross_profit": 48341000000,
      "operating_income": 32427000000,
      "net_income": 27466000000,
      "opex": 15914000000,
      "cogs": 54125000000,
      "rd": 8866000000,
      "sga": 7048000000,
      "fcf": 26486000000,
      "ocf": 29728000000,
      "capex": -3242000000,
      "gross_margin": 0.47177600374758455,
      "op_margin": 0.3164659496808698,
      "fcf_margin": 0.2584857416118517,
      "incr_op_margin_yoy": 0.37632696390658177,
      "rev_growth_yoy": 0.07938480985989677,
      "rev_growth_yoy_accel": -0.01689974194303409,
      "op_leverage_ratio": 3.4948627607816616,
      "fcf_margin_change": -0.0010425241587042056
    },
    {
      "date": "2025-12-27T00:00:00",
      "quarter_label": "2025-12 (Q4)",
      "revenue": 143756000000,
      "gross_profit": 69231000000,
      "operating_income": 50852000000,
      "net_income": 42097000000,
      "opex": 18379000000,
      "cogs": 74525000000,
      "rd": 10887000000,
      "sga": 7492000000,
      "fcf": 51552000000,
      "ocf": 53925000000,
      "capex": -2373000000,
      "gross_margin": 0.4815868555051615,
      "op_margin": 0.35373827875010433,
      "fcf_margin": 0.3586076407245611,
      "incr_op_margin_yoy": 0.4122121710526316,
      "rev_growth_yoy": 0.15652453740949315,
      "rev_growth_yoy_accel": 0.07713972754959639,
      "op_leverage_ratio": 2.601522163251381,
      "fcf_margin_change": 0.10012189911270936
    }
  ],
  "signals": [
    {
      "quarter": "2025-12 (Q4)",
      "signal": "FCF MARGIN EXPANSION",
      "detail": "FCF margin: +25.8% -> +35.9% (+10.0%)",
      "severity": "MEDIUM"
    },
    {
      "quarter": "2025-12 (Q4)",
      "signal": "OPERATING LEVERAGE",
      "detail": "Rev growth +40.3% vs OpEx growth +15.5% (leverage: 2.6x)",
      "severity": "MEDIUM"
    },
    {
      "quarter": "2025-12 (Q4)",
      "signal": "YoY REVENUE GROWTH ACCELERATION",
      "detail": "YoY growth: +15.7% vs prior quarter YoY: +7.9% (accel: +7.7%)",
      "severity": "MEDIUM"
    },
    {
      "quarter": "2025-09 (Q3)",
      "signal": "OPERATING LEVERAGE",
      "detail": "Rev growth +9.0% vs OpEx growth +2.6% (leverage: 3.5x)",
      "severity": "MEDIUM"
    },
    {
      "quarter": "2024-12 (Q4)",
      "signal": "OPERATING LEVERAGE",
      "detail": "Rev growth +30.9% vs OpEx growth +8.1% (leverage: 3.8x)",
      "severity": "MEDIUM"
    },
    {
      "quarter": "2024-12 (Q4)",
      "signal": "INCREMENTAL MARGIN (YoY)",
      "detail": "YoY Incr OPM: +52.0% vs year-ago OPM: +33.8%",
      "severity": "MEDIUM"
    },
    {
      "quarter": "2024-09 (Q3)",
      "signal": "INCREMENTAL MARGIN (YoY)",
      "detail": "YoY Incr OPM: +48.3% vs year-ago OPM: +30.1%",
      "severity": "MEDIUM"
    },
    {
      "quarter": "2024-06 (Q2)",
      "signal": "FCF MARGIN EXPANSION",
      "detail": "FCF margin: +22.8% -> +31.1% (+8.3%)",
      "severity": "MEDIUM"
    },
    {
      "quarter": "2024-06 (Q2)",
      "signal": "YoY REVENUE GROWTH ACCELERATION",
      "detail": "YoY growth: +4.9% vs prior quarter YoY: -4.3% (accel: +9.2%)",
      "severity": "MEDIUM"
    },
    {
      "quarter": "2024-06 (Q2)",
      "signal": "INCREMENTAL MARGIN (YoY)",
      "detail": "YoY Incr OPM: +59.1% vs year-ago OPM: +28.1%",
      "severity": "HIGH"
    },
    {
      "quarter": "2024-03 (Q1)",
      "signal": "YoY REVENUE GROWTH DECELERATION",
      "detail": "YoY growth: -4.3% vs prior quarter YoY: +2.1% (decel: -6.4%)",
      "severity": "WARNING"
    },
    {
      "quarter": "2023-12 (Q4)",
      "signal": "FCF MARGIN EXPANSION",
      "detail": "FCF margin: +21.7% -> +31.4% (+9.6%)",
      "severity": "MEDIUM"
    },
    {
      "quarter": "2023-12 (Q4)",
      "signal": "OPERATING LEVERAGE",
      "detail": "Rev growth +33.6% vs OpEx growth +7.6% (leverage: 4.4x)",
      "severity": "MEDIUM"
    },
    {
      "quarter": "2023-12 (Q4)",
      "signal": "INCREMENTAL MARGIN (YoY)",
      "detail": "YoY Incr OPM: +180.0% vs year-ago OPM: +30.7%",
      "severity": "HIGH"
    },
    {
      "quarter": "2023-09 (Q3)",
      "signal": "OPERATING LEVERAGE",
      "detail": "Rev growth +9.4% vs OpEx growth +0.3% (leverage: 29.4x)",
      "severity": "MEDIUM"
    },
    {
      "quarter": "2023-04 (Q2)",
      "signal": "INCREMENTAL MARGIN (YoY)",
      "detail": "YoY Incr OPM: +68.0% vs year-ago OPM: +30.8%",
      "severity": "HIGH"
    },
    {
      "quarter": "2022-12 (Q4)",
      "signal": "OPERATING LEVERAGE",
      "detail": "Rev growth +30.0% vs OpEx growth +8.4% (leverage: 3.5x)",
      "severity": "MEDIUM"
    },
    {
      "quarter": "2022-12 (Q4)",
      "signal": "YoY REVENUE GROWTH DECELERATION",
      "detail": "YoY growth: -5.5% vs prior quarter YoY: +8.1% (decel: -13.6%)",
      "severity": "WARNING"
    },
    {
      "quarter": "2022-12 (Q4)",
      "signal": "INCREMENTAL MARGIN (YoY)",
      "detail": "YoY Incr OPM: +80.6% vs year-ago OPM: +33.5%",
      "severity": "HIGH"
    },
    {
      "quarter": "2022-09 (Q3)",
      "signal": "OPERATING LEVERAGE",
      "detail": "Rev growth +8.7% vs OpEx growth +3.1% (leverage: 2.8x)",
      "severity": "MEDIUM"
    },
    {
      "quarter": "2022-09 (Q3)",
      "signal": "YoY REVENUE GROWTH ACCELERATION",
      "detail": "YoY growth: +8.1% vs prior quarter YoY: +1.9% (accel: +6.3%)",
      "severity": "MEDIUM"
    },
    {
      "quarter": "2022-06 (Q2)",
      "signal": "YoY REVENUE GROWTH DECELERATION",
      "detail": "YoY growth: +1.9% vs prior quarter YoY: +8.6% (decel: -6.7%)",
      "severity": "WARNING"
    },
    {
      "quarter": "2021-12 (Q4)",
      "signal": "FCF MARGIN EXPANSION",
      "detail": "FCF margin: +20.4% -> +35.6% (+15.3%)",
      "severity": "MEDIUM"
    },
    {
      "quarter": "2021-12 (Q4)",
      "signal": "OPERATING LEVERAGE",
      "detail": "Rev growth +48.7% vs OpEx growth +12.0% (leverage: 4.1x)",
      "severity": "MEDIUM"
    }
  ],
  "data_quality": {
    "n_quarters": 20,
    "coverage": {
      "revenue": [
        20,
        20
      ],
      "gross_profit": [
        20,
        20
      ],
      "op_income": [
        20,
        20
      ],
      "fcf": [
        20,
        20
      ]
    },
    "gaps": [],
    "warnings": []
  },
  "market_cap": null,
  "source": "SEC EDGAR",
  "last_updated": "2026-02-04T17:45:06.014507"
}