{
  "ticker": "ABBV",
  "name": "AbbVie Inc.",
  "quarters": [
    {
      "date": "2020-12-31T00:00:00",
      "quarter_label": "2020-12 (Q4)",
      "revenue": 13858000000,
      "gross_profit": 9174000000,
      "operating_income": 3753000000,
      "net_income": 36000000,
      "opex": 10105000000,
      "cogs": 4684000000,
      "rd": null,
      "sga": 3231000000,
      "fcf": 4575000000,
      "ocf": 4854000000,
      "capex": -279000000,
      "gross_margin": 0.6620002886419397,
      "op_margin": 0.2708182998989753,
      "fcf_margin": 0.33013421850194835
    },
    {
      "date": "2021-03-31T00:00:00",
      "quarter_label": "2021-03 (Q1)",
      "revenue": 13010000000,
      "gross_profit": 8797000000,
      "operating_income": 4103000000,
      "net_income": 3553000000,
      "opex": 8907000000,
      "cogs": 4213000000,
      "rd": null,
      "sga": 2842000000,
      "fcf": 4689000000,
      "ocf": 4877000000,
      "capex": -188000000,
      "gross_margin": 0.6761721752498079,
      "op_margin": 0.3153727901614143,
      "fcf_margin": 0.3604150653343582,
      "fcf_margin_change": 0.030280846832409836
    },
    {
      "date": "2021-06-30T00:00:00",
      "quarter_label": "2021-06 (Q2)",
      "revenue": 13959000000,
      "gross_profit": 9436000000,
      "operating_income": 4441000000,
      "net_income": 766000000,
      "opex": 9518000000,
      "cogs": 4523000000,
      "rd": null,
      "sga": 3164000000,
      "fcf": 4695000000,
      "ocf": 4890000000,
      "capex": -195000000,
      "gross_margin": 0.675979654703059,
      "op_margin": 0.3181459989970628,
      "fcf_margin": 0.33634214485278313,
      "op_leverage_ratio": 1.0633571557067394,
      "fcf_margin_change": -0.024072920481575055
    },
    {
      "date": "2021-09-30T00:00:00",
      "quarter_label": "2021-09 (Q3)",
      "revenue": 14342000000,
      "gross_profit": 9952000000,
      "operating_income": 4306000000,
      "net_income": 3179000000,
      "opex": 10036000000,
      "cogs": 4390000000,
      "rd": null,
      "sga": 3083000000,
      "fcf": 7718000000,
      "ocf": 7935000000,
      "capex": -217000000,
      "gross_margin": 0.6939060103193418,
      "op_margin": 0.3002370659601171,
      "fcf_margin": 0.5381397294659044,
      "op_leverage_ratio": 0.5041507381932914,
      "fcf_margin_change": 0.20179758461312125
    },
    {
      "date": "2021-12-31T00:00:00",
      "quarter_label": "2021-12 (Q4)",
      "revenue": 14886000000,
      "gross_profit": 10566000000,
      "operating_income": 5074000000,
      "net_income": 4044000000,
      "opex": 9812000000,
      "cogs": 4320000000,
      "rd": null,
      "sga": 3260000000,
      "fcf": 4888000000,
      "ocf": 5075000000,
      "capex": -187000000,
      "gross_margin": 0.7097944377267231,
      "op_margin": 0.340857181244122,
      "fcf_margin": 0.32836221953513367,
      "incr_op_margin_yoy": 1.2850194552529184,
      "rev_growth_yoy": 0.0741809784961755,
      "op_leverage_ratio": Infinity,
      "fcf_margin_change": -0.2097775099307707
    },
    {
      "date": "2022-03-31T00:00:00",
      "quarter_label": "2022-03 (Q1)",
      "revenue": 13538000000,
      "gross_profit": 9486000000,
      "operating_income": 4717000000,
      "net_income": 4490000000,
      "opex": 8821000000,
      "cogs": 4052000000,
      "rd": null,
      "sga": 3127000000,
      "fcf": 4746000000,
      "ocf": 4908000000,
      "capex": -162000000,
      "gross_margin": 0.7006943418525632,
      "op_margin": 0.3484266509085537,
      "fcf_margin": 0.3505687693898656,
      "incr_op_margin_yoy": 1.1628787878787878,
      "rev_growth_yoy": 0.040584166026133746,
      "rev_growth_yoy_accel": -0.03359681247004175,
      "fcf_margin_change": 0.022206549854731916
    },
    {
      "date": "2022-06-30T00:00:00",
      "quarter_label": "2022-06 (Q2)",
      "revenue": 14583000000,
      "gross_profit": 10413000000,
      "operating_income": 3295000000,
      "net_income": 924000000,
      "opex": 11288000000,
      "cogs": 4170000000,
      "rd": null,
      "sga": 5412000000,
      "fcf": 4862000000,
      "ocf": 5005000000,
      "capex": -143000000,
      "gross_margin": 0.7140506068710142,
      "op_margin": 0.22594802166906672,
      "fcf_margin": 0.3334019063292875,
      "incr_op_margin_yoy": -1.8365384615384615,
      "rev_growth_yoy": 0.044702342574683,
      "rev_growth_yoy_accel": 0.004118176548549256,
      "op_leverage_ratio": 0.2760008714230083,
      "fcf_margin_change": -0.017166863060578075
    },
    {
      "date": "2022-09-30T00:00:00",
      "quarter_label": "2022-09 (Q3)",
      "revenue": 14812000000,
      "gross_profit": 9790000000,
      "operating_income": 4603000000,
      "net_income": 3949000000,
      "opex": 10209000000,
      "cogs": 5022000000,
      "rd": null,
      "sga": 3304000000,
      "fcf": 7425000000,
      "ocf": 7602000000,
      "capex": -177000000,
      "gross_margin": 0.660950580610316,
      "op_margin": 0.31076154469349176,
      "fcf_margin": 0.5012827437213071,
      "incr_op_margin_yoy": 0.6319148936170212,
      "rev_growth_yoy": 0.032770882722075026,
      "rev_growth_yoy_accel": -0.011931459852607976,
      "op_leverage_ratio": Infinity,
      "fcf_margin_change": 0.1678808373920196
    },
    {
      "date": "2022-12-31T00:00:00",
      "quarter_label": "2022-12 (Q4)",
      "revenue": 15121000000,
      "gross_profit": 10951000000,
      "operating_income": 5502000000,
      "net_income": 2473000000,
      "opex": 9619000000,
      "cogs": 4170000000,
      "rd": null,
      "sga": 3417000000,
      "fcf": 7215000000,
      "ocf": 7428000000,
      "capex": -213000000,
      "gross_margin": 0.7242245883208782,
      "op_margin": 0.36386482375504264,
      "fcf_margin": 0.4771509820779049,
      "incr_op_margin_yoy": 1.8212765957446808,
      "rev_growth_yoy": 0.01578664516995835,
      "rev_growth_yoy_accel": -0.016984237552116675,
      "op_leverage_ratio": Infinity,
      "fcf_margin_change": -0.024131761643402194
    },
    {
      "date": "2023-03-31T00:00:00",
      "quarter_label": "2023-03 (Q1)",
      "revenue": 12225000000,
      "gross_profit": 8239000000,
      "operating_income": 2768000000,
      "net_income": 239000000,
      "opex": 9457000000,
      "cogs": 3986000000,
      "rd": null,
      "sga": 3039000000,
      "fcf": 4018000000,
      "ocf": 4193000000,
      "capex": -175000000,
      "gross_margin": 0.6739468302658487,
      "op_margin": 0.22642126789366054,
      "fcf_margin": 0.32867075664621676,
      "incr_op_margin_yoy": 1.4843869002284844,
      "rev_growth_yoy": -0.09698626089525779,
      "rev_growth_yoy_accel": -0.11277290606521614,
      "fcf_margin_change": -0.14848022543168815
    },
    {
      "date": "2023-06-30T00:00:00",
      "quarter_label": "2023-06 (Q2)",
      "revenue": 13865000000,
      "gross_profit": 9625000000,
      "operating_income": 4513000000,
      "net_income": 2024000000,
      "opex": 9352000000,
      "cogs": 4240000000,
      "rd": null,
      "sga": 3268000000,
      "fcf": 6141000000,
      "ocf": 6319000000,
      "capex": -178000000,
      "gross_margin": 0.6941940137035701,
      "op_margin": 0.3254958528669311,
      "fcf_margin": 0.4429138117562207,
      "incr_op_margin_yoy": -1.6963788300835654,
      "rev_growth_yoy": -0.049235411095110745,
      "rev_growth_yoy_accel": 0.047750849800147044,
      "op_leverage_ratio": Infinity,
      "fcf_margin_change": 0.11424305511000393
    },
    {
      "date": "2023-09-30T00:00:00",
      "quarter_label": "2023-09 (Q3)",
      "revenue": 13927000000,
      "gross_profit": 7442000000,
      "operating_income": 2281000000,
      "net_income": 1778000000,
      "opex": 11646000000,
      "cogs": 6485000000,
      "rd": null,
      "sga": 3372000000,
      "fcf": 7355000000,
      "ocf": 7574000000,
      "capex": -219000000,
      "gross_margin": 0.5343577224097078,
      "op_margin": 0.1637825805988368,
      "fcf_margin": 0.5281108637897609,
      "incr_op_margin_yoy": 2.623728813559322,
      "rev_growth_yoy": -0.059748852281933565,
      "rev_growth_yoy_accel": -0.01051344118682282,
      "fcf_margin_change": 0.08519705203354022
    },
    {
      "date": "2023-12-31T00:00:00",
      "quarter_label": "2023-12 (Q4)",
      "revenue": 14301000000,
      "gross_profit": 8597000000,
      "operating_income": 3195000000,
      "net_income": 822000000,
      "opex": 11106000000,
      "cogs": 5704000000,
      "rd": null,
      "sga": 3193000000,
      "fcf": 4548000000,
      "ocf": 4753000000,
      "capex": -205000000,
      "gross_margin": 0.6011467729529404,
      "op_margin": 0.223410950283197,
      "fcf_margin": 0.3180197189007762,
      "incr_op_margin_yoy": 2.8134146341463415,
      "rev_growth_yoy": -0.05422921764433569,
      "rev_growth_yoy_accel": 0.005519634637597873,
      "op_leverage_ratio": Infinity,
      "fcf_margin_change": -0.21009114488898473
    },
    {
      "date": "2024-03-31T00:00:00",
      "quarter_label": "2024-03 (Q1)",
      "revenue": 12310000000,
      "gross_profit": 8216000000,
      "operating_income": 2798000000,
      "net_income": 1369000000,
      "opex": 9512000000,
      "cogs": 4094000000,
      "rd": null,
      "sga": 3315000000,
      "fcf": 3847000000,
      "ocf": 4040000000,
      "capex": -193000000,
      "gross_margin": 0.6674248578391552,
      "op_margin": 0.2272948822095857,
      "fcf_margin": 0.3125101543460601,
      "incr_op_margin_yoy": 0.35294117647058826,
      "rev_growth_yoy": 0.006952965235173824,
      "rev_growth_yoy_accel": 0.061182182879509515,
      "fcf_margin_change": -0.005509564554716073
    },
    {
      "date": "2024-06-30T00:00:00",
      "quarter_label": "2024-06 (Q2)",
      "revenue": 14462000000,
      "gross_profit": 10260000000,
      "operating_income": 3998000000,
      "net_income": 1370000000,
      "opex": 10464000000,
      "cogs": 4202000000,
      "rd": null,
      "sga": 3377000000,
      "fcf": 2030000000,
      "ocf": 2271000000,
      "capex": -241000000,
      "gross_margin": 0.7094454432305352,
      "op_margin": 0.27644862398008574,
      "fcf_margin": 0.1403678606001936,
      "incr_op_margin_yoy": -0.8626465661641541,
      "rev_growth_yoy": 0.0430580598629643,
      "rev_growth_yoy_accel": 0.03610509462779048,
      "op_leverage_ratio": 1.7467031654253904,
      "fcf_margin_change": -0.1721422937458665
    },
    {
      "date": "2024-09-30T00:00:00",
      "quarter_label": "2024-09 (Q3)",
      "revenue": 14460000000,
      "gross_profit": 10248000000,
      "operating_income": 3831000000,
      "net_income": 1561000000,
      "opex": 10629000000,
      "cogs": 4212000000,
      "rd": null,
      "sga": 4205000000,
      "fcf": 5198000000,
      "ocf": 5447000000,
      "capex": -249000000,
      "gross_margin": 0.7087136929460581,
      "op_margin": 0.2649377593360996,
      "fcf_margin": 0.3594744121715076,
      "incr_op_margin_yoy": 2.9080675422138835,
      "rev_growth_yoy": 0.038270984418754934,
      "rev_growth_yoy_accel": -0.0047870754442093655,
      "fcf_margin_change": 0.219106551571314
    },
    {
      "date": "2024-12-31T00:00:00",
      "quarter_label": "2024-12 (Q4)",
      "revenue": 15102000000,
      "gross_profit": 10706000000,
      "operating_income": -1490000000,
      "net_income": -22000000,
      "opex": 16592000000,
      "cogs": 4396000000,
      "rd": null,
      "sga": 3855000000,
      "fcf": 6757000000,
      "ocf": 7048000000,
      "capex": -291000000,
      "gross_margin": 0.7089127267911535,
      "op_margin": -0.09866242881737518,
      "fcf_margin": 0.4474241822275195,
      "incr_op_margin_yoy": -5.848938826466917,
      "rev_growth_yoy": 0.05601006922592826,
      "rev_growth_yoy_accel": 0.017739084807173323,
      "op_leverage_ratio": 0.07913968782596413,
      "fcf_margin_change": 0.0879497700560119
    },
    {
      "date": "2025-03-31T00:00:00",
      "quarter_label": "2025-03 (Q1)",
      "revenue": 13343000000,
      "gross_profit": 9341000000,
      "operating_income": 3733000000,
      "net_income": 1286000000,
      "opex": 9610000000,
      "cogs": 4002000000,
      "rd": null,
      "sga": 3293000000,
      "fcf": 1400000000,
      "ocf": 1635000000,
      "capex": -235000000,
      "gross_margin": 0.700067451097954,
      "op_margin": 0.27977216518024434,
      "fcf_margin": 0.10492393015064079,
      "incr_op_margin_yoy": 0.9051306873184899,
      "rev_growth_yoy": 0.08391551584077986,
      "rev_growth_yoy_accel": 0.0279054466148516,
      "fcf_margin_change": -0.34250025207687873
    },
    {
      "date": "2025-06-30T00:00:00",
      "quarter_label": "2025-06 (Q2)",
      "revenue": 15423000000,
      "gross_profit": 11077000000,
      "operating_income": 4894000000,
      "net_income": 938000000,
      "opex": 10529000000,
      "cogs": 4346000000,
      "rd": null,
      "sga": 3253000000,
      "fcf": 4884000000,
      "ocf": 5153000000,
      "capex": -269000000,
      "gross_margin": 0.718213058419244,
      "op_margin": 0.3173182908642936,
      "fcf_margin": 0.3166699085780976,
      "incr_op_margin_yoy": 0.9323621227887617,
      "rev_growth_yoy": 0.06645000691467294,
      "rev_growth_yoy_accel": -0.017465508926106918,
      "op_leverage_ratio": 1.630113053781384,
      "fcf_margin_change": 0.21174597842745685
    },
    {
      "date": "2025-09-30T00:00:00",
      "quarter_label": "2025-09 (Q3)",
      "revenue": 15776000000,
      "gross_profit": 10472000000,
      "operating_income": 1904000000,
      "net_income": 186000000,
      "opex": 13872000000,
      "cogs": 5304000000,
      "rd": null,
      "sga": 3569000000,
      "fcf": 6643000000,
      "ocf": 7024000000,
      "capex": -381000000,
      "gross_margin": 0.6637931034482759,
      "op_margin": 0.1206896551724138,
      "fcf_margin": 0.42108265720081134,
      "incr_op_margin_yoy": -1.4642857142857142,
      "rev_growth_yoy": 0.09100968188105117,
      "rev_growth_yoy_accel": 0.02455967496637823,
      "op_leverage_ratio": 0.07208694086895134,
      "fcf_margin_change": 0.10441274862271371
    }
  ],
  "signals": [
    {
      "quarter": "2025-09 (Q3)",
      "signal": "FCF MARGIN EXPANSION",
      "detail": "FCF margin: +31.7% -> +42.1% (+10.4%)",
      "severity": "MEDIUM"
    },
    {
      "quarter": "2025-06 (Q2)",
      "signal": "FCF MARGIN EXPANSION",
      "detail": "FCF margin: +10.5% -> +31.7% (+21.2%)",
      "severity": "MEDIUM"
    },
    {
      "quarter": "2025-06 (Q2)",
      "signal": "OPERATING LEVERAGE",
      "detail": "Rev growth +15.6% vs OpEx growth +9.6% (leverage: 1.6x)",
      "severity": "MEDIUM"
    },
    {
      "quarter": "2025-06 (Q2)",
      "signal": "INCREMENTAL MARGIN (YoY)",
      "detail": "YoY Incr OPM: +93.2% vs year-ago OPM: +27.6%",
      "severity": "HIGH"
    },
    {
      "quarter": "2025-03 (Q1)",
      "signal": "INCREMENTAL MARGIN (YoY)",
      "detail": "YoY Incr OPM: +90.5% vs year-ago OPM: +22.7%",
      "severity": "HIGH"
    },
    {
      "quarter": "2025-03 (Q1)",
      "signal": "OP MARGIN TURNED POSITIVE (QoQ)",
      "detail": "Op margin: -9.9% -> +28.0%",
      "severity": "HIGH"
    },
    {
      "quarter": "2024-12 (Q4)",
      "signal": "FCF MARGIN EXPANSION",
      "detail": "FCF margin: +35.9% -> +44.7% (+8.8%)",
      "severity": "MEDIUM"
    },
    {
      "quarter": "2024-09 (Q3)",
      "signal": "FCF MARGIN EXPANSION",
      "detail": "FCF margin: +14.0% -> +35.9% (+21.9%)",
      "severity": "MEDIUM"
    },
    {
      "quarter": "2024-09 (Q3)",
      "signal": "INCREMENTAL MARGIN (YoY)",
      "detail": "YoY Incr OPM: +290.8% vs year-ago OPM: +16.4%",
      "severity": "HIGH"
    },
    {
      "quarter": "2024-06 (Q2)",
      "signal": "OPERATING LEVERAGE",
      "detail": "Rev growth +17.5% vs OpEx growth +10.0% (leverage: 1.7x)",
      "severity": "MEDIUM"
    },
    {
      "quarter": "2024-03 (Q1)",
      "signal": "YoY REVENUE GROWTH ACCELERATION",
      "detail": "YoY growth: +0.7% vs prior quarter YoY: -5.4% (accel: +6.1%)",
      "severity": "MEDIUM"
    },
    {
      "quarter": "2024-03 (Q1)",
      "signal": "INCREMENTAL MARGIN (YoY)",
      "detail": "YoY Incr OPM: +35.3% vs year-ago OPM: +22.6%",
      "severity": "MEDIUM"
    },
    {
      "quarter": "2023-12 (Q4)",
      "signal": "GROSS MARGIN INFLECTION",
      "detail": "GM: +69.4% -> +53.4% -> +60.1% (reversal +6.7%)",
      "severity": "HIGH"
    },
    {
      "quarter": "2023-12 (Q4)",
      "signal": "INCREMENTAL MARGIN (YoY)",
      "detail": "YoY Incr OPM: +281.3% vs year-ago OPM: +36.4%",
      "severity": "HIGH"
    },
    {
      "quarter": "2023-09 (Q3)",
      "signal": "FCF MARGIN EXPANSION",
      "detail": "FCF margin: +44.3% -> +52.8% (+8.5%)",
      "severity": "MEDIUM"
    },
    {
      "quarter": "2023-09 (Q3)",
      "signal": "INCREMENTAL MARGIN (YoY)",
      "detail": "YoY Incr OPM: +262.4% vs year-ago OPM: +31.1%",
      "severity": "HIGH"
    },
    {
      "quarter": "2023-06 (Q2)",
      "signal": "FCF MARGIN EXPANSION",
      "detail": "FCF margin: +32.9% -> +44.3% (+11.4%)",
      "severity": "MEDIUM"
    },
    {
      "quarter": "2023-06 (Q2)",
      "signal": "GROSS MARGIN INFLECTION",
      "detail": "GM: +72.4% -> +67.4% -> +69.4% (reversal +2.0%)",
      "severity": "MEDIUM"
    },
    {
      "quarter": "2023-03 (Q1)",
      "signal": "YoY REVENUE GROWTH DECELERATION",
      "detail": "YoY growth: -9.7% vs prior quarter YoY: +1.6% (decel: -11.3%)",
      "severity": "WARNING"
    },
    {
      "quarter": "2023-03 (Q1)",
      "signal": "INCREMENTAL MARGIN (YoY)",
      "detail": "YoY Incr OPM: +148.4% vs year-ago OPM: +34.8%",
      "severity": "HIGH"
    },
    {
      "quarter": "2022-12 (Q4)",
      "signal": "GROSS MARGIN INFLECTION",
      "detail": "GM: +71.4% -> +66.1% -> +72.4% (reversal +6.3%)",
      "severity": "HIGH"
    },
    {
      "quarter": "2022-12 (Q4)",
      "signal": "INCREMENTAL MARGIN (YoY)",
      "detail": "YoY Incr OPM: +182.1% vs year-ago OPM: +34.1%",
      "severity": "HIGH"
    },
    {
      "quarter": "2022-09 (Q3)",
      "signal": "FCF MARGIN EXPANSION",
      "detail": "FCF margin: +33.3% -> +50.1% (+16.8%)",
      "severity": "MEDIUM"
    },
    {
      "quarter": "2022-09 (Q3)",
      "signal": "INCREMENTAL MARGIN (YoY)",
      "detail": "YoY Incr OPM: +63.2% vs year-ago OPM: +30.0%",
      "severity": "HIGH"
    },
    {
      "quarter": "2022-03 (Q1)",
      "signal": "INCREMENTAL MARGIN (YoY)",
      "detail": "YoY Incr OPM: +116.3% vs year-ago OPM: +31.5%",
      "severity": "HIGH"
    },
    {
      "quarter": "2021-12 (Q4)",
      "signal": "INCREMENTAL MARGIN (YoY)",
      "detail": "YoY Incr OPM: +128.5% vs year-ago OPM: +27.1%",
      "severity": "HIGH"
    },
    {
      "quarter": "2021-09 (Q3)",
      "signal": "FCF MARGIN EXPANSION",
      "detail": "FCF margin: +33.6% -> +53.8% (+20.2%)",
      "severity": "MEDIUM"
    }
  ],
  "data_quality": {
    "n_quarters": 20,
    "coverage": {
      "revenue": [
        20,
        20
      ],
      "gross_profit": [
        20,
        20
      ],
      "op_income": [
        20,
        20
      ],
      "fcf": [
        20,
        20
      ]
    },
    "gaps": [],
    "warnings": []
  },
  "market_cap": null,
  "source": "SEC EDGAR",
  "last_updated": "2026-02-02T19:46:05.150528"
}