{
  "ticker": "ABM",
  "name": "ABM INDUSTRIES INC",
  "quarters": [
    {
      "date": "2021-01-31T00:00:00",
      "quarter_label": "2021-01 (Q1)",
      "revenue": 1492400000,
      "gross_profit": 243000000,
      "operating_income": 109700000,
      "net_income": 74600000,
      "opex": 133300000,
      "cogs": 1249400000,
      "rd": null,
      "sga": 122600000,
      "fcf": 38700000,
      "ocf": 45300000,
      "capex": -6600000,
      "gross_margin": 0.16282497989815062,
      "op_margin": 0.07350576253015277,
      "fcf_margin": 0.02593138568748325
    },
    {
      "date": "2021-04-30T00:00:00",
      "quarter_label": "2021-04 (Q2)",
      "revenue": 1497400000,
      "gross_profit": 222900000,
      "operating_income": 50300000,
      "net_income": 31100000,
      "opex": 172600000,
      "cogs": 1274500000,
      "rd": null,
      "sga": 161900000,
      "fcf": 117600000,
      "ocf": 125900000,
      "capex": -8300000,
      "gross_margin": 0.14885802056898625,
      "op_margin": 0.0335915587017497,
      "fcf_margin": 0.07853612929077067,
      "fcf_margin_change": 0.052604743603287415
    },
    {
      "date": "2021-07-31T00:00:00",
      "quarter_label": "2021-07 (Q3)",
      "revenue": 1543100000,
      "gross_profit": 255000000,
      "operating_income": -9400000,
      "net_income": -13700000,
      "opex": 264400000,
      "cogs": 1288100000,
      "rd": null,
      "sga": 253800000,
      "fcf": 79200000,
      "ocf": 87600000,
      "capex": -8400000,
      "gross_margin": 0.1652517659257339,
      "op_margin": -0.0060916337243211716,
      "fcf_margin": 0.0513252543581103,
      "op_leverage_ratio": 0.05738210574436504,
      "fcf_margin_change": -0.02721087493266037
    },
    {
      "date": "2021-10-31T00:00:00",
      "quarter_label": "2021-10 (Q4)",
      "revenue": 1695600000,
      "gross_profit": 249400000,
      "operating_income": 55700000,
      "net_income": 34300000,
      "opex": 193700000,
      "cogs": 1446200000,
      "rd": null,
      "sga": 180900000,
      "fcf": 44500000,
      "ocf": 55500000,
      "capex": -11000000,
      "gross_margin": 0.14708657702288275,
      "op_margin": 0.032849728709601324,
      "fcf_margin": 0.026244397263505543,
      "op_leverage_ratio": Infinity,
      "fcf_margin_change": -0.025080857094604756
    },
    {
      "date": "2022-01-31T00:00:00",
      "quarter_label": "2022-01 (Q1)",
      "revenue": 1936200000,
      "gross_profit": 276600000,
      "operating_income": 106000000,
      "net_income": 76000000,
      "opex": 170600000,
      "cogs": 1659600000,
      "rd": null,
      "sga": 153100000,
      "fcf": -103200000,
      "ocf": -93600000,
      "capex": -9600000,
      "gross_margin": 0.14285714285714285,
      "op_margin": 0.0547464104947836,
      "fcf_margin": -0.05330027889680818,
      "incr_op_margin_yoy": -0.008337088778729157,
      "rev_growth_yoy": 0.2973733583489681,
      "op_leverage_ratio": Infinity,
      "fcf_margin_change": -0.07954467616031373
    },
    {
      "date": "2022-04-30T00:00:00",
      "quarter_label": "2022-04 (Q2)",
      "revenue": 1897800000,
      "gross_profit": 249500000,
      "operating_income": 75000000,
      "net_income": 48800000,
      "opex": 174500000,
      "cogs": 1648300000,
      "rd": null,
      "sga": 156800000,
      "fcf": -53900000,
      "ocf": -43900000,
      "capex": -10000000,
      "gross_margin": 0.13146801559700705,
      "op_margin": 0.03951944356623459,
      "fcf_margin": -0.028401306776267256,
      "incr_op_margin_yoy": 0.06168831168831169,
      "rev_growth_yoy": 0.26739682115667157,
      "rev_growth_yoy_accel": -0.029976537192296537,
      "fcf_margin_change": 0.024898972120540926
    },
    {
      "date": "2022-07-31T00:00:00",
      "quarter_label": "2022-07 (Q3)",
      "revenue": 1961400000,
      "gross_profit": 265000000,
      "operating_income": 88700000,
      "net_income": 56800000,
      "opex": 176300000,
      "cogs": 1696400000,
      "rd": null,
      "sga": 158600000,
      "fcf": 22700000,
      "ocf": 40800000,
      "capex": -18100000,
      "gross_margin": 0.1351075762210666,
      "op_margin": 0.045222800040787194,
      "fcf_margin": 0.011573365963087591,
      "incr_op_margin_yoy": 0.23452067893856085,
      "rev_growth_yoy": 0.27107770073229215,
      "rev_growth_yoy_accel": 0.003680879575620577,
      "op_leverage_ratio": 3.248849545087294,
      "fcf_margin_change": 0.039974672739354844
    },
    {
      "date": "2022-10-31T00:00:00",
      "quarter_label": "2022-10 (Q4)",
      "revenue": 2011100000,
      "gross_profit": 258000000,
      "operating_income": 79100000,
      "net_income": 48800000,
      "opex": 178900000,
      "cogs": 1753100000,
      "rd": null,
      "sga": 159800000,
      "fcf": 104000000,
      "ocf": 117100000,
      "capex": -13100000,
      "gross_margin": 0.12828800159116902,
      "op_margin": 0.03933170901496694,
      "fcf_margin": 0.051712992889463474,
      "incr_op_margin_yoy": 0.07416798732171156,
      "rev_growth_yoy": 0.186069827789573,
      "rev_growth_yoy_accel": -0.08500787294271914,
      "op_leverage_ratio": 1.7181820677538022,
      "fcf_margin_change": 0.04013962692637588
    },
    {
      "date": "2023-01-31T00:00:00",
      "quarter_label": "2023-01 (Q1)",
      "revenue": 1991300000,
      "gross_profit": 241500000,
      "operating_income": 71400000,
      "net_income": 38500000,
      "opex": 170100000,
      "cogs": 1749800000,
      "rd": null,
      "sga": 150600000,
      "fcf": -84700000,
      "ocf": -70900000,
      "capex": -13800000,
      "gross_margin": 0.12127755737457942,
      "op_margin": 0.035855973484658264,
      "fcf_margin": -0.04253502736905539,
      "incr_op_margin_yoy": -0.6279491833030852,
      "rev_growth_yoy": 0.02845780394587336,
      "rev_growth_yoy_accel": -0.15761202384369966,
      "fcf_margin_change": -0.09424802025851886
    },
    {
      "date": "2023-04-30T00:00:00",
      "quarter_label": "2023-04 (Q2)",
      "revenue": 1984000000,
      "gross_profit": 268800000,
      "operating_income": 92700000,
      "net_income": 51900000,
      "opex": 176100000,
      "cogs": 1715200000,
      "rd": null,
      "sga": 156600000,
      "fcf": 15900000,
      "ocf": 25900000,
      "capex": -10000000,
      "gross_margin": 0.13548387096774195,
      "op_margin": 0.046723790322580644,
      "fcf_margin": 0.008014112903225807,
      "incr_op_margin_yoy": 0.20533642691415313,
      "rev_growth_yoy": 0.04542101380545895,
      "rev_growth_yoy_accel": 0.016963209859585594,
      "fcf_margin_change": 0.050549140272281204
    },
    {
      "date": "2023-07-31T00:00:00",
      "quarter_label": "2023-07 (Q3)",
      "revenue": 2028200000,
      "gross_profit": 262400000,
      "operating_income": 138900000,
      "net_income": 98100000,
      "opex": 123500000,
      "cogs": 1765800000,
      "rd": null,
      "sga": 104300000,
      "fcf": 138300000,
      "ocf": 149100000,
      "capex": -10800000,
      "gross_margin": 0.12937580120303718,
      "op_margin": 0.06848437037767478,
      "fcf_margin": 0.06818854156394832,
      "incr_op_margin_yoy": 0.7514970059880239,
      "rev_growth_yoy": 0.03405730600591414,
      "rev_growth_yoy_accel": -0.011363707799544813,
      "op_leverage_ratio": Infinity,
      "fcf_margin_change": 0.06017442866072252
    },
    {
      "date": "2023-10-31T00:00:00",
      "quarter_label": "2023-10 (Q4)",
      "revenue": 2092900000,
      "gross_profit": 286000000,
      "operating_income": 106400000,
      "net_income": 62800000,
      "opex": 179600000,
      "cogs": 1806900000,
      "rd": null,
      "sga": 161300000,
      "fcf": 121200000,
      "ocf": 139200000,
      "capex": -18000000,
      "gross_margin": 0.13665249175784797,
      "op_margin": 0.05083854938124134,
      "fcf_margin": 0.05791007692675235,
      "incr_op_margin_yoy": 0.33374083129584353,
      "rev_growth_yoy": 0.04067425786882801,
      "rev_growth_yoy_accel": 0.006616951862913868,
      "op_leverage_ratio": 0.07022594606775306,
      "fcf_margin_change": -0.01027846463719597
    },
    {
      "date": "2024-01-31T00:00:00",
      "quarter_label": "2024-01 (Q1)",
      "revenue": 2069600000,
      "gross_profit": 243300000,
      "operating_income": 74100000,
      "net_income": 44700000,
      "opex": 169200000,
      "cogs": 1826300000,
      "rd": null,
      "sga": 154600000,
      "fcf": -13700000,
      "ocf": -100000,
      "capex": -13600000,
      "gross_margin": 0.11755894858909935,
      "op_margin": 0.035804020100502515,
      "fcf_margin": -0.006619636644762273,
      "incr_op_margin_yoy": 0.034482758620689655,
      "rev_growth_yoy": 0.03932104655250339,
      "rev_growth_yoy_accel": -0.0013532113163246193,
      "fcf_margin_change": -0.06452971357151463
    },
    {
      "date": "2024-04-30T00:00:00",
      "quarter_label": "2024-04 (Q2)",
      "revenue": 2018200000,
      "gross_profit": 254700000,
      "operating_income": 81300000,
      "net_income": 43800000,
      "opex": 173400000,
      "cogs": 1763500000,
      "rd": null,
      "sga": 159900000,
      "fcf": 101500000,
      "ocf": 117000000,
      "capex": -15500000,
      "gross_margin": 0.1262015657516599,
      "op_margin": 0.04028342087008225,
      "fcf_margin": 0.050292339708651275,
      "incr_op_margin_yoy": -0.3333333333333333,
      "rev_growth_yoy": 0.017237903225806452,
      "rev_growth_yoy_accel": -0.022083143326696936,
      "fcf_margin_change": 0.05691197635341355
    },
    {
      "date": "2024-07-31T00:00:00",
      "quarter_label": "2024-07 (Q3)",
      "revenue": 2094200000,
      "gross_profit": 263200000,
      "operating_income": 37400000,
      "net_income": 4700000,
      "opex": 225800000,
      "cogs": 1831000000,
      "rd": null,
      "sga": 211800000,
      "fcf": 63900000,
      "ocf": 79400000,
      "capex": -15500000,
      "gross_margin": 0.12568045076879,
      "op_margin": 0.017858848247540828,
      "fcf_margin": 0.03051284500047751,
      "incr_op_margin_yoy": -1.5378787878787878,
      "rev_growth_yoy": 0.03254116950991027,
      "rev_growth_yoy_accel": 0.015303266284103816,
      "op_leverage_ratio": 0.1246141032633569,
      "fcf_margin_change": -0.019779494708173764
    },
    {
      "date": "2024-10-31T00:00:00",
      "quarter_label": "2024-10 (Q4)",
      "revenue": 2177400000,
      "gross_profit": 272300000,
      "operating_income": 19200000,
      "net_income": -11700000,
      "opex": 253100000,
      "cogs": 1905100000,
      "rd": null,
      "sga": 239000000,
      "fcf": 15600000,
      "ocf": 30400000,
      "capex": -14800000,
      "gross_margin": 0.1250574079177,
      "op_margin": 0.008817856158721412,
      "fcf_margin": 0.0071645081289611464,
      "incr_op_margin_yoy": -1.0319526627218936,
      "rev_growth_yoy": 0.04037459983754599,
      "rev_growth_yoy_accel": 0.00783343032763572,
      "op_leverage_ratio": 0.3285991695885689,
      "fcf_margin_change": -0.023348336871516363
    },
    {
      "date": "2025-01-31T00:00:00",
      "quarter_label": "2025-01 (Q1)",
      "revenue": 2114900000,
      "gross_profit": 259800000,
      "operating_income": 77600000,
      "net_income": 43600000,
      "opex": 182200000,
      "cogs": 1855100000,
      "rd": null,
      "sga": 169000000,
      "fcf": -122900000,
      "ocf": -106200000,
      "capex": -16700000,
      "gross_margin": 0.12284268759752234,
      "op_margin": 0.03669204217693508,
      "fcf_margin": -0.058111494633315997,
      "incr_op_margin_yoy": 0.0772626931567329,
      "rev_growth_yoy": 0.02188828759180518,
      "rev_growth_yoy_accel": -0.018486312245740807,
      "fcf_margin_change": -0.06527600276227714
    },
    {
      "date": "2025-04-30T00:00:00",
      "quarter_label": "2025-04 (Q2)",
      "revenue": 2111700000,
      "gross_profit": 270700000,
      "operating_income": 82300000,
      "net_income": 42200000,
      "opex": 188400000,
      "cogs": 1841000000,
      "rd": null,
      "sga": 175100000,
      "fcf": 15200000,
      "ocf": 32300000,
      "capex": -17100000,
      "gross_margin": 0.12819055737083865,
      "op_margin": 0.03897333901595871,
      "fcf_margin": 0.007197992139034901,
      "incr_op_margin_yoy": 0.0106951871657754,
      "rev_growth_yoy": 0.04632841145575265,
      "rev_growth_yoy_accel": 0.02444012386394747,
      "fcf_margin_change": 0.06530948677235089
    },
    {
      "date": "2025-07-31T00:00:00",
      "quarter_label": "2025-07 (Q3)",
      "revenue": 2224000000,
      "gross_profit": 274400000,
      "operating_income": 83400000,
      "net_income": 41800000,
      "opex": 191000000,
      "cogs": 1949600000,
      "rd": null,
      "sga": 177500000,
      "fcf": 150100000,
      "ocf": 174900000,
      "capex": -24800000,
      "gross_margin": 0.12338129496402878,
      "op_margin": 0.0375,
      "fcf_margin": 0.0674910071942446,
      "incr_op_margin_yoy": 0.3543913713405239,
      "rev_growth_yoy": 0.061980708623818166,
      "rev_growth_yoy_accel": 0.015652297168065515,
      "op_leverage_ratio": 3.8534975466357766,
      "fcf_margin_change": 0.060293015055209696
    },
    {
      "date": "2025-10-31T00:00:00",
      "quarter_label": "2025-10 (Q4)",
      "revenue": 2295400000,
      "gross_profit": 270300000,
      "operating_income": 68400000,
      "net_income": 34800000,
      "opex": 201900000,
      "cogs": 2025100000,
      "rd": null,
      "sga": 175700000,
      "fcf": 112700000,
      "ocf": 133400000,
      "capex": -20700000,
      "gross_margin": 0.1177572536377102,
      "op_margin": 0.029798727890563738,
      "fcf_margin": 0.04909819639278557,
      "incr_op_margin_yoy": 0.41694915254237286,
      "rev_growth_yoy": 0.054193074308808674,
      "rev_growth_yoy_accel": -0.007787634315009492,
      "op_leverage_ratio": 0.5625618771038214,
      "fcf_margin_change": -0.018392810801459027
    }
  ],
  "signals": [
    {
      "quarter": "2025-10 (Q4)",
      "signal": "INCREMENTAL MARGIN (YoY)",
      "detail": "YoY Incr OPM: +41.7% vs year-ago OPM: +0.9%",
      "severity": "HIGH"
    },
    {
      "quarter": "2025-07 (Q3)",
      "signal": "FCF MARGIN EXPANSION",
      "detail": "FCF margin: +0.7% -> +6.7% (+6.0%)",
      "severity": "MEDIUM"
    },
    {
      "quarter": "2025-07 (Q3)",
      "signal": "OPERATING LEVERAGE",
      "detail": "Rev growth +5.3% vs OpEx growth +1.4% (leverage: 3.9x)",
      "severity": "MEDIUM"
    },
    {
      "quarter": "2025-07 (Q3)",
      "signal": "INCREMENTAL MARGIN (YoY)",
      "detail": "YoY Incr OPM: +35.4% vs year-ago OPM: +1.8%",
      "severity": "HIGH"
    },
    {
      "quarter": "2025-04 (Q2)",
      "signal": "FCF TURNED POSITIVE",
      "detail": "FCF margin: -5.8% -> +0.7%",
      "severity": "HIGH"
    },
    {
      "quarter": "2024-04 (Q2)",
      "signal": "FCF TURNED POSITIVE",
      "detail": "FCF margin: -0.7% -> +5.0%",
      "severity": "HIGH"
    },
    {
      "quarter": "2023-10 (Q4)",
      "signal": "INCREMENTAL MARGIN (YoY)",
      "detail": "YoY Incr OPM: +33.4% vs year-ago OPM: +3.9%",
      "severity": "HIGH"
    },
    {
      "quarter": "2023-07 (Q3)",
      "signal": "FCF MARGIN EXPANSION",
      "detail": "FCF margin: +0.8% -> +6.8% (+6.0%)",
      "severity": "MEDIUM"
    },
    {
      "quarter": "2023-07 (Q3)",
      "signal": "INCREMENTAL MARGIN (YoY)",
      "detail": "YoY Incr OPM: +75.1% vs year-ago OPM: +4.5%",
      "severity": "HIGH"
    },
    {
      "quarter": "2023-04 (Q2)",
      "signal": "FCF TURNED POSITIVE",
      "detail": "FCF margin: -4.3% -> +0.8%",
      "severity": "HIGH"
    },
    {
      "quarter": "2023-04 (Q2)",
      "signal": "INCREMENTAL MARGIN (YoY)",
      "detail": "YoY Incr OPM: +20.5% vs year-ago OPM: +4.0%",
      "severity": "MEDIUM"
    },
    {
      "quarter": "2023-01 (Q1)",
      "signal": "YoY REVENUE GROWTH DECELERATION",
      "detail": "YoY growth: +2.8% vs prior quarter YoY: +18.6% (decel: -15.8%)",
      "severity": "WARNING"
    },
    {
      "quarter": "2022-10 (Q4)",
      "signal": "OPERATING LEVERAGE",
      "detail": "Rev growth +2.5% vs OpEx growth +1.5% (leverage: 1.7x)",
      "severity": "MEDIUM"
    },
    {
      "quarter": "2022-10 (Q4)",
      "signal": "YoY REVENUE GROWTH DECELERATION",
      "detail": "YoY growth: +18.6% vs prior quarter YoY: +27.1% (decel: -8.5%)",
      "severity": "WARNING"
    },
    {
      "quarter": "2022-07 (Q3)",
      "signal": "FCF TURNED POSITIVE",
      "detail": "FCF margin: -2.8% -> +1.2%",
      "severity": "HIGH"
    },
    {
      "quarter": "2022-07 (Q3)",
      "signal": "OPERATING LEVERAGE",
      "detail": "Rev growth +3.4% vs OpEx growth +1.0% (leverage: 3.2x)",
      "severity": "MEDIUM"
    },
    {
      "quarter": "2022-07 (Q3)",
      "signal": "OP MARGIN TURNED POSITIVE (YoY)",
      "detail": "Op margin: -0.6% (year-ago) -> +4.5%",
      "severity": "HIGH"
    },
    {
      "quarter": "2021-10 (Q4)",
      "signal": "OP MARGIN TURNED POSITIVE (QoQ)",
      "detail": "Op margin: -0.6% -> +3.3%",
      "severity": "HIGH"
    },
    {
      "quarter": "2021-04 (Q2)",
      "signal": "FCF MARGIN EXPANSION",
      "detail": "FCF margin: +2.6% -> +7.9% (+5.3%)",
      "severity": "MEDIUM"
    }
  ],
  "data_quality": {
    "n_quarters": 20,
    "coverage": {
      "revenue": [
        20,
        20
      ],
      "gross_profit": [
        20,
        20
      ],
      "op_income": [
        20,
        20
      ],
      "fcf": [
        20,
        20
      ]
    },
    "gaps": [],
    "warnings": []
  },
  "market_cap": null,
  "source": "SEC EDGAR",
  "last_updated": "2026-02-02T21:25:41.399137"
}