{
  "ticker": "ABNB",
  "name": "Airbnb, Inc.",
  "sector": "Consumer Cyclical",
  "industry": "Travel Services",
  "quarters": [
    {
      "date": "2021-03-31T00:00:00",
      "quarter_label": "2021-03 (Q1)",
      "revenue": 886936000,
      "gross_profit": 632421000,
      "operating_income": -446945000,
      "net_income": -1172211000,
      "opex": 1333881000,
      "cogs": 254515000,
      "rd": 363061000,
      "sga": null,
      "fcf": 598670000,
      "ocf": 606376000,
      "capex": -7706000,
      "gross_margin": 0.7130401742628555,
      "op_margin": -0.5039202377623639,
      "fcf_margin": 0.674986695770608
    },
    {
      "date": "2021-06-30T00:00:00",
      "quarter_label": "2021-06 (Q2)",
      "revenue": 1335196000,
      "gross_profit": 1040769000,
      "operating_income": -51278000,
      "net_income": -68217000,
      "opex": 1386474000,
      "cogs": 294427000,
      "rd": 349734000,
      "sga": null,
      "fcf": 782002000,
      "ocf": 789654000,
      "capex": -7652000,
      "gross_margin": 0.7794878055356667,
      "op_margin": -0.03840484842674783,
      "fcf_margin": 0.5856833004293003,
      "op_leverage_ratio": 12.81819416613156,
      "fcf_margin_change": -0.08930339534130771
    },
    {
      "date": "2021-09-30T00:00:00",
      "quarter_label": "2021-09 (Q3)",
      "revenue": 2237432000,
      "gross_profit": 1925852000,
      "operating_income": 851973000,
      "net_income": 833893000,
      "opex": 1385459000,
      "cogs": 311580000,
      "rd": 344410000,
      "sga": null,
      "fcf": 529228000,
      "ocf": 534734000,
      "capex": -5506000,
      "gross_margin": 0.860742136520797,
      "op_margin": 0.38078162822378514,
      "fcf_margin": 0.2365336689561962,
      "op_leverage_ratio": null,
      "fcf_margin_change": -0.34914963147310407
    },
    {
      "date": "2021-12-31T00:00:00",
      "quarter_label": "2021-12 (Q4)",
      "revenue": 1532196000,
      "gross_profit": 1236885000,
      "operating_income": 75567000,
      "net_income": 54501000,
      "opex": 1456629000,
      "cogs": 295311000,
      "rd": 367843000,
      "sga": null,
      "fcf": 378100000,
      "ocf": 382236000,
      "capex": -4136000,
      "gross_margin": 0.8072629089228793,
      "op_margin": 0.04931940822192461,
      "fcf_margin": 0.24676999548360654,
      "fcf_margin_change": 0.010236326527410328
    },
    {
      "date": "2022-03-31T00:00:00",
      "quarter_label": "2022-03 (Q1)",
      "revenue": 1508937000,
      "gross_profit": 1146314000,
      "operating_income": -5131000,
      "net_income": -18792000,
      "opex": 1514068000,
      "cogs": 362623000,
      "rd": 362927000,
      "sga": null,
      "fcf": 1196000000,
      "ocf": 1202000000,
      "capex": -6000000,
      "gross_margin": 0.7596831411781937,
      "op_margin": -0.0034004070415133304,
      "fcf_margin": 0.7926109572500376,
      "incr_op_margin_yoy": 0.7103107551274034,
      "rev_growth_yoy": 0.701291863223502,
      "fcf_margin_change": 0.545840961766431
    },
    {
      "date": "2022-06-30T00:00:00",
      "quarter_label": "2022-06 (Q2)",
      "revenue": 2104107000,
      "gross_profit": 1714000000,
      "operating_income": 368823000,
      "net_income": 378841000,
      "opex": 1735284000,
      "cogs": 390107000,
      "rd": 375050000,
      "sga": null,
      "fcf": 796000000,
      "ocf": 801000000,
      "capex": -5000000,
      "gross_margin": 0.8145973565032577,
      "op_margin": 0.17528718834165752,
      "fcf_margin": 0.3783077571625397,
      "incr_op_margin_yoy": 0.546358421195691,
      "rev_growth_yoy": 0.5758787473898963,
      "rev_growth_yoy_accel": -0.1254131158336057,
      "op_leverage_ratio": 2.699595961679524,
      "fcf_margin_change": -0.4143032000874979
    },
    {
      "date": "2022-09-30T00:00:00",
      "quarter_label": "2022-09 (Q3)",
      "revenue": 2884410000,
      "gross_profit": 2483261000,
      "operating_income": 1203481000,
      "net_income": 1214288000,
      "opex": 1680929000,
      "cogs": 401149000,
      "rd": 366182000,
      "sga": null,
      "fcf": 958000000,
      "ocf": 964000000,
      "capex": -6000000,
      "gross_margin": 0.8609251112012508,
      "op_margin": 0.4172364539021845,
      "fcf_margin": 0.332130314345048,
      "incr_op_margin_yoy": 0.5433075004095966,
      "rev_growth_yoy": 0.28916096667965774,
      "rev_growth_yoy_accel": -0.28671778071023857,
      "op_leverage_ratio": null,
      "fcf_margin_change": -0.0461774428174917
    },
    {
      "date": "2022-12-31T00:00:00",
      "quarter_label": "2022-12 (Q4)",
      "revenue": 1901546000,
      "gross_profit": 1556425000,
      "operating_income": 234827000,
      "net_income": 318663000,
      "opex": 1666719000,
      "cogs": 345121000,
      "rd": 397841000,
      "sga": null,
      "fcf": 455000000,
      "ocf": 463000000,
      "capex": -8000000,
      "gross_margin": 0.8185050479977871,
      "op_margin": 0.12349267385590462,
      "fcf_margin": 0.23927898667715639,
      "incr_op_margin_yoy": 0.4311899282523352,
      "rev_growth_yoy": 0.24105923785207636,
      "rev_growth_yoy_accel": -0.048101728827581375,
      "fcf_margin_change": -0.09285132766789164
    },
    {
      "date": "2023-03-31T00:00:00",
      "quarter_label": "2023-03 (Q1)",
      "revenue": 1818000000,
      "gross_profit": 1390000000,
      "operating_income": -5000000,
      "net_income": 117000000,
      "opex": 1823000000,
      "cogs": 428000000,
      "rd": 420000000,
      "sga": null,
      "fcf": 1581000000,
      "ocf": 1587000000,
      "capex": -6000000,
      "gross_margin": 0.7645764576457645,
      "op_margin": -0.0027502750275027505,
      "fcf_margin": 0.8696369636963697,
      "incr_op_margin_yoy": 0.000423861801639148,
      "rev_growth_yoy": 0.20482167247539163,
      "rev_growth_yoy_accel": -0.03623756537668474,
      "fcf_margin_change": 0.6303579770192133
    },
    {
      "date": "2023-06-30T00:00:00",
      "quarter_label": "2023-06 (Q2)",
      "revenue": 2484000000,
      "gross_profit": 2052000000,
      "operating_income": 523000000,
      "net_income": 650000000,
      "opex": 1961000000,
      "cogs": 432000000,
      "rd": 451000000,
      "sga": null,
      "fcf": 900000000,
      "ocf": 909000000,
      "capex": -9000000,
      "gross_margin": 0.8260869565217391,
      "op_margin": 0.2105475040257649,
      "fcf_margin": 0.36231884057971014,
      "incr_op_margin_yoy": 0.40584322427630937,
      "rev_growth_yoy": 0.18054832762782502,
      "rev_growth_yoy_accel": -0.024273344847566602,
      "op_leverage_ratio": 4.839360022958817,
      "fcf_margin_change": -0.5073181231166595
    },
    {
      "date": "2023-09-30T00:00:00",
      "quarter_label": "2023-09 (Q3)",
      "revenue": 3397000000,
      "gross_profit": 2938000000,
      "operating_income": 1496000000,
      "net_income": 4374000000,
      "opex": 1901000000,
      "cogs": 459000000,
      "rd": 419000000,
      "sga": null,
      "fcf": 1310000000,
      "ocf": 1325000000,
      "capex": -15000000,
      "gross_margin": 0.8648807771563144,
      "op_margin": 0.4403885781571975,
      "fcf_margin": 0.38563438327936417,
      "incr_op_margin_yoy": 0.5706685655202013,
      "rev_growth_yoy": 0.17771051965566614,
      "rev_growth_yoy_accel": -0.002837807972158879,
      "op_leverage_ratio": null,
      "fcf_margin_change": 0.023315542699654024
    },
    {
      "date": "2023-12-31T00:00:00",
      "quarter_label": "2023-12 (Q4)",
      "revenue": 2218000000,
      "gross_profit": 1834000000,
      "operating_income": -496000000,
      "net_income": -349000000,
      "opex": 2714000000,
      "cogs": 384000000,
      "rd": 432000000,
      "sga": null,
      "fcf": 63000000,
      "ocf": 63000000,
      "capex": null,
      "gross_margin": 0.8268710550045085,
      "op_margin": -0.2236248872858431,
      "fcf_margin": 0.028403967538322812,
      "incr_op_margin_yoy": -2.309425698521744,
      "rev_growth_yoy": 0.16641932406578647,
      "rev_growth_yoy_accel": -0.011291195589879677,
      "fcf_margin_change": -0.35723041574104136
    },
    {
      "date": "2024-03-31T00:00:00",
      "quarter_label": "2024-03 (Q1)",
      "revenue": 2142000000,
      "gross_profit": 1662000000,
      "operating_income": 101000000,
      "net_income": 264000000,
      "opex": 2041000000,
      "cogs": 480000000,
      "rd": 475000000,
      "sga": null,
      "fcf": 1923000000,
      "ocf": 1923000000,
      "capex": null,
      "gross_margin": 0.7759103641456583,
      "op_margin": 0.04715219421101774,
      "fcf_margin": 0.8977591036414566,
      "incr_op_margin_yoy": 0.3271604938271605,
      "rev_growth_yoy": 0.1782178217821782,
      "rev_growth_yoy_accel": 0.011798497716391743,
      "fcf_margin_change": 0.8693551361031338
    },
    {
      "date": "2024-06-30T00:00:00",
      "quarter_label": "2024-06 (Q2)",
      "revenue": 2748000000,
      "gross_profit": 2242000000,
      "operating_income": 497000000,
      "net_income": 555000000,
      "opex": 2251000000,
      "cogs": 506000000,
      "rd": 519000000,
      "sga": null,
      "fcf": 1051000000,
      "ocf": 1051000000,
      "capex": null,
      "gross_margin": 0.8158660844250364,
      "op_margin": 0.18085880640465793,
      "fcf_margin": 0.3824599708879185,
      "incr_op_margin_yoy": -0.09848484848484848,
      "rev_growth_yoy": 0.10628019323671498,
      "rev_growth_yoy_accel": -0.07193762854546323,
      "op_leverage_ratio": 2.749646525276777,
      "fcf_margin_change": -0.5152991327535381
    },
    {
      "date": "2024-09-30T00:00:00",
      "quarter_label": "2024-09 (Q3)",
      "revenue": 3732000000,
      "gross_profit": 3267000000,
      "operating_income": 1525000000,
      "net_income": 1368000000,
      "opex": 2207000000,
      "cogs": 465000000,
      "rd": 524000000,
      "sga": null,
      "fcf": 1078000000,
      "ocf": 1078000000,
      "capex": null,
      "gross_margin": 0.8754019292604501,
      "op_margin": 0.40862808145766344,
      "fcf_margin": 0.28885316184351556,
      "incr_op_margin_yoy": 0.08656716417910448,
      "rev_growth_yoy": 0.09861642625846335,
      "rev_growth_yoy_accel": -0.007663766978251621,
      "op_leverage_ratio": null,
      "fcf_margin_change": -0.09360680904440294
    },
    {
      "date": "2024-12-31T00:00:00",
      "quarter_label": "2024-12 (Q4)",
      "revenue": 2480000000,
      "gross_profit": 2053000000,
      "operating_income": 430000000,
      "net_income": 461000000,
      "opex": 2050000000,
      "cogs": 427000000,
      "rd": 538000000,
      "sga": null,
      "fcf": 466000000,
      "ocf": 466000000,
      "capex": null,
      "gross_margin": 0.8278225806451613,
      "op_margin": 0.17338709677419356,
      "fcf_margin": 0.1879032258064516,
      "incr_op_margin_yoy": 3.5343511450381677,
      "rev_growth_yoy": 0.11812443642921551,
      "rev_growth_yoy_accel": 0.019508010170752155,
      "fcf_margin_change": -0.10094993603706395
    },
    {
      "date": "2025-03-31T00:00:00",
      "quarter_label": "2025-03 (Q1)",
      "revenue": 2272000000,
      "gross_profit": 1766000000,
      "operating_income": 38000000,
      "net_income": 154000000,
      "opex": 2234000000,
      "cogs": 506000000,
      "rd": 568000000,
      "sga": null,
      "fcf": 1789000000,
      "ocf": 1789000000,
      "capex": null,
      "gross_margin": 0.7772887323943662,
      "op_margin": 0.016725352112676055,
      "fcf_margin": 0.7874119718309859,
      "incr_op_margin_yoy": -0.4846153846153846,
      "rev_growth_yoy": 0.06069094304388422,
      "rev_growth_yoy_accel": -0.05743349338533129,
      "fcf_margin_change": 0.5995087460245343
    },
    {
      "date": "2025-06-30T00:00:00",
      "quarter_label": "2025-06 (Q2)",
      "revenue": 3096000000,
      "gross_profit": 2552000000,
      "operating_income": 612000000,
      "net_income": 642000000,
      "opex": 2484000000,
      "cogs": 544000000,
      "rd": 610000000,
      "sga": null,
      "fcf": 975000000,
      "ocf": 975000000,
      "capex": null,
      "gross_margin": 0.8242894056847545,
      "op_margin": 0.19767441860465115,
      "fcf_margin": 0.31492248062015504,
      "incr_op_margin_yoy": 0.33045977011494254,
      "rev_growth_yoy": 0.12663755458515283,
      "rev_growth_yoy_accel": 0.0659466115412686,
      "op_leverage_ratio": 3.24087323943662,
      "fcf_margin_change": -0.47248949121083084
    },
    {
      "date": "2025-09-30T00:00:00",
      "quarter_label": "2025-09 (Q3)",
      "revenue": 4095000000,
      "gross_profit": 3546000000,
      "operating_income": 1625000000,
      "net_income": 1374000000,
      "opex": 2470000000,
      "cogs": 549000000,
      "rd": 587000000,
      "sga": null,
      "fcf": 1356000000,
      "ocf": 1356000000,
      "capex": null,
      "gross_margin": 0.865934065934066,
      "op_margin": 0.3968253968253968,
      "fcf_margin": 0.3311355311355311,
      "incr_op_margin_yoy": 0.27548209366391185,
      "rev_growth_yoy": 0.0972668810289389,
      "rev_growth_yoy_accel": -0.029370673556213922,
      "op_leverage_ratio": null,
      "fcf_margin_change": 0.016213050515376082
    },
    {
      "date": "2025-12-31T00:00:00",
      "quarter_label": "2025-12 (Q4)",
      "revenue": 2778000000,
      "gross_profit": 2291000000,
      "operating_income": 269000000,
      "net_income": 341000000,
      "opex": 2509000000,
      "cogs": 487000000,
      "rd": 589000000,
      "sga": null,
      "fcf": 526000000,
      "ocf": 526000000,
      "capex": null,
      "gross_margin": 0.8246940244780417,
      "op_margin": 0.09683225341972643,
      "fcf_margin": 0.18934485241180707,
      "incr_op_margin_yoy": -0.540268456375839,
      "rev_growth_yoy": 0.12016129032258065,
      "rev_growth_yoy_accel": 0.02289440929364174,
      "fcf_margin_change": -0.14179067872372406
    }
  ],
  "signals": [
    {
      "quarter": "2025-06 (Q2)",
      "signal": "OPERATING LEVERAGE",
      "detail": "Rev growth +36.3% vs OpEx growth +11.2% (leverage: 3.2x)",
      "severity": "MEDIUM"
    },
    {
      "quarter": "2025-06 (Q2)",
      "signal": "GROSS MARGIN INFLECTION",
      "detail": "GM: +82.8% -> +77.7% -> +82.4% (reversal +4.7%)",
      "severity": "MEDIUM"
    },
    {
      "quarter": "2025-06 (Q2)",
      "signal": "YoY REVENUE GROWTH ACCELERATION",
      "detail": "YoY growth: +12.7% vs prior quarter YoY: +6.1% (accel: +6.6%)",
      "severity": "MEDIUM"
    },
    {
      "quarter": "2025-06 (Q2)",
      "signal": "INCREMENTAL MARGIN (YoY)",
      "detail": "YoY Incr OPM: +33.0% vs year-ago OPM: +18.1%",
      "severity": "MEDIUM"
    },
    {
      "quarter": "2025-03 (Q1)",
      "signal": "FCF MARGIN EXPANSION",
      "detail": "FCF margin: +18.8% -> +78.7% (+60.0%)",
      "severity": "MEDIUM"
    },
    {
      "quarter": "2025-03 (Q1)",
      "signal": "YoY REVENUE GROWTH DECELERATION",
      "detail": "YoY growth: +6.1% vs prior quarter YoY: +11.8% (decel: -5.7%)",
      "severity": "WARNING"
    },
    {
      "quarter": "2024-12 (Q4)",
      "signal": "OP MARGIN TURNED POSITIVE (YoY)",
      "detail": "Op margin: -22.4% (year-ago) -> +17.3%",
      "severity": "HIGH"
    },
    {
      "quarter": "2024-06 (Q2)",
      "signal": "OPERATING LEVERAGE",
      "detail": "Rev growth +28.3% vs OpEx growth +10.3% (leverage: 2.7x)",
      "severity": "MEDIUM"
    },
    {
      "quarter": "2024-06 (Q2)",
      "signal": "GROSS MARGIN INFLECTION",
      "detail": "GM: +82.7% -> +77.6% -> +81.6% (reversal +4.0%)",
      "severity": "MEDIUM"
    },
    {
      "quarter": "2024-06 (Q2)",
      "signal": "YoY REVENUE GROWTH DECELERATION",
      "detail": "YoY growth: +10.6% vs prior quarter YoY: +17.8% (decel: -7.2%)",
      "severity": "WARNING"
    },
    {
      "quarter": "2024-03 (Q1)",
      "signal": "FCF MARGIN EXPANSION",
      "detail": "FCF margin: +2.8% -> +89.8% (+86.9%)",
      "severity": "MEDIUM"
    },
    {
      "quarter": "2024-03 (Q1)",
      "signal": "OP MARGIN TURNED POSITIVE (YoY)",
      "detail": "Op margin: -0.3% (year-ago) -> +4.7%",
      "severity": "HIGH"
    },
    {
      "quarter": "2024-03 (Q1)",
      "signal": "OP MARGIN TURNED POSITIVE (QoQ)",
      "detail": "Op margin: -22.4% -> +4.7%",
      "severity": "HIGH"
    },
    {
      "quarter": "2023-09 (Q3)",
      "signal": "INCREMENTAL MARGIN (YoY)",
      "detail": "YoY Incr OPM: +57.1% vs year-ago OPM: +41.7%",
      "severity": "MEDIUM"
    },
    {
      "quarter": "2023-06 (Q2)",
      "signal": "OPERATING LEVERAGE",
      "detail": "Rev growth +36.6% vs OpEx growth +7.6% (leverage: 4.8x)",
      "severity": "MEDIUM"
    },
    {
      "quarter": "2023-06 (Q2)",
      "signal": "GROSS MARGIN INFLECTION",
      "detail": "GM: +81.9% -> +76.5% -> +82.6% (reversal +6.2%)",
      "severity": "HIGH"
    },
    {
      "quarter": "2023-06 (Q2)",
      "signal": "INCREMENTAL MARGIN (YoY)",
      "detail": "YoY Incr OPM: +40.6% vs year-ago OPM: +17.5%",
      "severity": "HIGH"
    },
    {
      "quarter": "2023-06 (Q2)",
      "signal": "OP MARGIN TURNED POSITIVE (QoQ)",
      "detail": "Op margin: -0.3% -> +21.1%",
      "severity": "HIGH"
    },
    {
      "quarter": "2023-03 (Q1)",
      "signal": "FCF MARGIN EXPANSION",
      "detail": "FCF margin: +23.9% -> +87.0% (+63.0%)",
      "severity": "MEDIUM"
    },
    {
      "quarter": "2022-12 (Q4)",
      "signal": "INCREMENTAL MARGIN (YoY)",
      "detail": "YoY Incr OPM: +43.1% vs year-ago OPM: +4.9%",
      "severity": "HIGH"
    },
    {
      "quarter": "2022-09 (Q3)",
      "signal": "YoY REVENUE GROWTH DECELERATION",
      "detail": "YoY growth: +28.9% vs prior quarter YoY: +57.6% (decel: -28.7%)",
      "severity": "WARNING"
    },
    {
      "quarter": "2022-09 (Q3)",
      "signal": "INCREMENTAL MARGIN (YoY)",
      "detail": "YoY Incr OPM: +54.3% vs year-ago OPM: +38.1%",
      "severity": "MEDIUM"
    },
    {
      "quarter": "2022-06 (Q2)",
      "signal": "OPERATING LEVERAGE",
      "detail": "Rev growth +39.4% vs OpEx growth +14.6% (leverage: 2.7x)",
      "severity": "MEDIUM"
    },
    {
      "quarter": "2022-06 (Q2)",
      "signal": "GROSS MARGIN INFLECTION",
      "detail": "GM: +80.7% -> +76.0% -> +81.5% (reversal +5.5%)",
      "severity": "HIGH"
    },
    {
      "quarter": "2022-06 (Q2)",
      "signal": "YoY REVENUE GROWTH DECELERATION",
      "detail": "YoY growth: +57.6% vs prior quarter YoY: +70.1% (decel: -12.5%)",
      "severity": "WARNING"
    },
    {
      "quarter": "2022-06 (Q2)",
      "signal": "OP MARGIN TURNED POSITIVE (YoY)",
      "detail": "Op margin: -3.8% (year-ago) -> +17.5%",
      "severity": "HIGH"
    },
    {
      "quarter": "2022-06 (Q2)",
      "signal": "OP MARGIN TURNED POSITIVE (QoQ)",
      "detail": "Op margin: -0.3% -> +17.5%",
      "severity": "HIGH"
    },
    {
      "quarter": "2022-03 (Q1)",
      "signal": "FCF MARGIN EXPANSION",
      "detail": "FCF margin: +24.7% -> +79.3% (+54.6%)",
      "severity": "MEDIUM"
    },
    {
      "quarter": "2021-09 (Q3)",
      "signal": "OP MARGIN TURNED POSITIVE (QoQ)",
      "detail": "Op margin: -3.8% -> +38.1%",
      "severity": "HIGH"
    },
    {
      "quarter": "2021-06 (Q2)",
      "signal": "OPERATING LEVERAGE",
      "detail": "Rev growth +50.5% vs OpEx growth +3.9% (leverage: 12.8x)",
      "severity": "MEDIUM"
    }
  ],
  "data_quality": {
    "n_quarters": 20,
    "coverage": {
      "revenue": [
        20,
        20
      ],
      "gross_profit": [
        20,
        20
      ],
      "op_income": [
        20,
        20
      ],
      "fcf": [
        20,
        20
      ]
    },
    "gaps": [],
    "warnings": []
  },
  "market_cap": null,
  "source": "SEC EDGAR",
  "last_updated": "2026-02-13T11:32:39.466601"
}