{
  "ticker": "ABT",
  "name": "Abbott Laboratories",
  "sector": "Healthcare",
  "industry": "Medical Devices",
  "quarters": [
    {
      "date": "2021-03-31T00:00:00",
      "quarter_label": "2021-03 (Q1)",
      "revenue": 10456000000,
      "gross_profit": 6055000000,
      "operating_income": 2109000000,
      "net_income": 1793000000,
      "opex": 8347000000,
      "cogs": 4401000000,
      "rd": 654000000,
      "sga": 2783000000,
      "fcf": 2240000000,
      "ocf": 2637000000,
      "capex": -397000000,
      "gross_margin": 0.5790933435348126,
      "op_margin": 0.20170237184391737,
      "fcf_margin": 0.21423106350420812
    },
    {
      "date": "2021-06-30T00:00:00",
      "quarter_label": "2021-06 (Q2)",
      "revenue": 10223000000,
      "gross_profit": 5276000000,
      "operating_income": 1392000000,
      "net_income": 1189000000,
      "opex": 8831000000,
      "cogs": 4947000000,
      "rd": 654000000,
      "sga": 2726000000,
      "fcf": 1715000000,
      "ocf": 2128000000,
      "capex": -413000000,
      "gross_margin": 0.5160911669764257,
      "op_margin": 0.13616355277315856,
      "fcf_margin": 0.16775897486060842,
      "fcf_margin_change": -0.046472088643599696
    },
    {
      "date": "2021-09-30T00:00:00",
      "quarter_label": "2021-09 (Q3)",
      "revenue": 10928000000,
      "gross_profit": 6505000000,
      "operating_income": 2546000000,
      "net_income": 2100000000,
      "opex": 8382000000,
      "cogs": 4423000000,
      "rd": 672000000,
      "sga": 2767000000,
      "fcf": 2240000000,
      "ocf": 2701000000,
      "capex": -461000000,
      "gross_margin": 0.5952598828696926,
      "op_margin": 0.23297950219619326,
      "fcf_margin": 0.20497803806734993,
      "op_leverage_ratio": null,
      "fcf_margin_change": 0.03721906320674151
    },
    {
      "date": "2021-12-31T00:00:00",
      "quarter_label": "2021-12 (Q4)",
      "revenue": 11468000000,
      "gross_profit": 6702000000,
      "operating_income": 2378000000,
      "net_income": 1989000000,
      "opex": 9090000000,
      "cogs": 4766000000,
      "rd": 762000000,
      "sga": 3048000000,
      "fcf": 2453000000,
      "ocf": 3067000000,
      "capex": -614000000,
      "gross_margin": 0.5844087896756192,
      "op_margin": 0.20735960934775027,
      "fcf_margin": 0.21389954656435298,
      "op_leverage_ratio": 0.5850156339181577,
      "fcf_margin_change": 0.008921508497003044
    },
    {
      "date": "2022-03-31T00:00:00",
      "quarter_label": "2022-03 (Q1)",
      "revenue": 11895000000,
      "gross_profit": 6908000000,
      "operating_income": 2912000000,
      "net_income": 2447000000,
      "opex": 8983000000,
      "cogs": 4987000000,
      "rd": 697000000,
      "sga": 2787000000,
      "fcf": 1744000000,
      "ocf": 2065000000,
      "capex": -321000000,
      "gross_margin": 0.5807482135350988,
      "op_margin": 0.2448087431693989,
      "fcf_margin": 0.1466162253047499,
      "incr_op_margin_yoy": 0.5580264072272412,
      "rev_growth_yoy": 0.13762433052792655,
      "op_leverage_ratio": null,
      "fcf_margin_change": -0.06728332125960307
    },
    {
      "date": "2022-06-30T00:00:00",
      "quarter_label": "2022-06 (Q2)",
      "revenue": 11257000000,
      "gross_profit": 6324000000,
      "operating_income": 2376000000,
      "net_income": 2018000000,
      "opex": 8881000000,
      "cogs": 4933000000,
      "rd": 684000000,
      "sga": 2757000000,
      "fcf": 2031000000,
      "ocf": 2410000000,
      "capex": -379000000,
      "gross_margin": 0.5617837789819667,
      "op_margin": 0.21106866838411656,
      "fcf_margin": 0.18042107133339255,
      "incr_op_margin_yoy": 0.9516441005802708,
      "rev_growth_yoy": 0.10114447813753301,
      "rev_growth_yoy_accel": -0.036479852390393544,
      "fcf_margin_change": 0.03380484602864264
    },
    {
      "date": "2022-09-30T00:00:00",
      "quarter_label": "2022-09 (Q3)",
      "revenue": 10410000000,
      "gross_profit": 5781000000,
      "operating_income": 1770000000,
      "net_income": 1435000000,
      "opex": 8640000000,
      "cogs": 4629000000,
      "rd": 782000000,
      "sga": 2731000000,
      "fcf": 2313000000,
      "ocf": 2780000000,
      "capex": -467000000,
      "gross_margin": 0.5553314121037464,
      "op_margin": 0.17002881844380405,
      "fcf_margin": 0.22219020172910664,
      "incr_op_margin_yoy": 1.498069498069498,
      "rev_growth_yoy": -0.04740117130307467,
      "rev_growth_yoy_accel": -0.14854564944060766,
      "fcf_margin_change": 0.04176913039571409
    },
    {
      "date": "2022-12-31T00:00:00",
      "quarter_label": "2022-12 (Q4)",
      "revenue": 10091000000,
      "gross_profit": 5498000000,
      "operating_income": 1304000000,
      "net_income": 1033000000,
      "opex": 8787000000,
      "cogs": 4593000000,
      "rd": 725000000,
      "sga": 2973000000,
      "fcf": 1716000000,
      "ocf": 2326000000,
      "capex": -610000000,
      "gross_margin": 0.5448419383609157,
      "op_margin": 0.1292240610444951,
      "fcf_margin": 0.1700525220493509,
      "incr_op_margin_yoy": 0.7799564270152506,
      "rev_growth_yoy": -0.12007324729682595,
      "rev_growth_yoy_accel": -0.07267207599375128,
      "fcf_margin_change": -0.052137679679755744
    },
    {
      "date": "2023-03-31T00:00:00",
      "quarter_label": "2023-03 (Q1)",
      "revenue": 9747000000,
      "gross_profit": 5416000000,
      "operating_income": 1509000000,
      "net_income": 1318000000,
      "opex": 8238000000,
      "cogs": 4331000000,
      "rd": 654000000,
      "sga": 2762000000,
      "fcf": 763000000,
      "ocf": 1143000000,
      "capex": -380000000,
      "gross_margin": 0.5556581512260182,
      "op_margin": 0.15481686672822406,
      "fcf_margin": 0.07828049656304505,
      "incr_op_margin_yoy": 0.6531657355679702,
      "rev_growth_yoy": -0.18058007566204287,
      "rev_growth_yoy_accel": -0.060506828365216925,
      "fcf_margin_change": -0.09177202548630585
    },
    {
      "date": "2023-06-30T00:00:00",
      "quarter_label": "2023-06 (Q2)",
      "revenue": 9978000000,
      "gross_profit": 5495000000,
      "operating_income": 1542000000,
      "net_income": 1375000000,
      "opex": 8436000000,
      "cogs": 4483000000,
      "rd": 715000000,
      "sga": 2740000000,
      "fcf": 696000000,
      "ocf": 1203000000,
      "capex": -507000000,
      "gross_margin": 0.5507115654439767,
      "op_margin": 0.1545399879735418,
      "fcf_margin": 0.06975345760673482,
      "incr_op_margin_yoy": 0.6520719311962471,
      "rev_growth_yoy": -0.11361819312427823,
      "rev_growth_yoy_accel": 0.06696188253776464,
      "op_leverage_ratio": 0.986046988817072,
      "fcf_margin_change": -0.008527038956310226
    },
    {
      "date": "2023-09-30T00:00:00",
      "quarter_label": "2023-09 (Q3)",
      "revenue": 10143000000,
      "gross_profit": 5538000000,
      "operating_income": 1647000000,
      "net_income": 1436000000,
      "opex": 8496000000,
      "cogs": 4605000000,
      "rd": 672000000,
      "sga": 2723000000,
      "fcf": 1317000000,
      "ocf": 1877000000,
      "capex": -560000000,
      "gross_margin": 0.5459923099674653,
      "op_margin": 0.16237799467613132,
      "fcf_margin": 0.12984324164448388,
      "incr_op_margin_yoy": 0.4606741573033708,
      "rev_growth_yoy": -0.025648414985590777,
      "rev_growth_yoy_accel": 0.08796977813868745,
      "op_leverage_ratio": 2.32501503307276,
      "fcf_margin_change": 0.06008978403774906
    },
    {
      "date": "2023-12-31T00:00:00",
      "quarter_label": "2023-12 (Q4)",
      "revenue": 10241000000,
      "gross_profit": 5685000000,
      "operating_income": 1780000000,
      "net_income": 1594000000,
      "opex": 8461000000,
      "cogs": 4556000000,
      "rd": 700000000,
      "sga": 2724000000,
      "fcf": 2283000000,
      "ocf": 3038000000,
      "capex": -755000000,
      "gross_margin": 0.5551215701591642,
      "op_margin": 0.17381115125476027,
      "fcf_margin": 0.22292744849135826,
      "incr_op_margin_yoy": 3.1733333333333333,
      "rev_growth_yoy": 0.014864730948369834,
      "rev_growth_yoy_accel": 0.04051314593396061,
      "fcf_margin_change": 0.09308420684687438
    },
    {
      "date": "2024-03-31T00:00:00",
      "quarter_label": "2024-03 (Q1)",
      "revenue": 9964000000,
      "gross_profit": 5501000000,
      "operating_income": 1386000000,
      "net_income": 1225000000,
      "opex": 8578000000,
      "cogs": 4463000000,
      "rd": 684000000,
      "sga": 2959000000,
      "fcf": 627000000,
      "ocf": 1025000000,
      "capex": -398000000,
      "gross_margin": 0.5520875150541951,
      "op_margin": 0.13910076274588518,
      "fcf_margin": 0.06292653552790044,
      "incr_op_margin_yoy": -0.5668202764976958,
      "rev_growth_yoy": 0.022263260490407305,
      "rev_growth_yoy_accel": 0.007398529542037471,
      "fcf_margin_change": -0.1600009129634578
    },
    {
      "date": "2024-06-30T00:00:00",
      "quarter_label": "2024-06 (Q2)",
      "revenue": 10377000000,
      "gross_profit": 5774000000,
      "operating_income": 1669000000,
      "net_income": 1302000000,
      "opex": 8708000000,
      "cogs": 4603000000,
      "rd": 698000000,
      "sga": 2936000000,
      "fcf": 1427000000,
      "ocf": 1960000000,
      "capex": -533000000,
      "gross_margin": 0.5564228582441939,
      "op_margin": 0.16083646525970896,
      "fcf_margin": 0.1375156596318782,
      "incr_op_margin_yoy": 0.3182957393483709,
      "rev_growth_yoy": 0.03998797354179194,
      "rev_growth_yoy_accel": 0.017724713051384636,
      "op_leverage_ratio": 2.735010653738072,
      "fcf_margin_change": 0.07458912410397776
    },
    {
      "date": "2024-09-30T00:00:00",
      "quarter_label": "2024-09 (Q3)",
      "revenue": 10635000000,
      "gross_profit": 5937000000,
      "operating_income": 1859000000,
      "net_income": 1646000000,
      "opex": 8776000000,
      "cogs": 4698000000,
      "rd": 713000000,
      "sga": 2895000000,
      "fcf": 2149000000,
      "ocf": 2705000000,
      "capex": -556000000,
      "gross_margin": 0.5582510578279266,
      "op_margin": 0.17480018805829808,
      "fcf_margin": 0.20206864127879642,
      "incr_op_margin_yoy": 0.43089430894308944,
      "rev_growth_yoy": 0.048506359065365275,
      "rev_growth_yoy_accel": 0.008518385523573334,
      "op_leverage_ratio": 3.1838851759263984,
      "fcf_margin_change": 0.06455298164691822
    },
    {
      "date": "2024-12-31T00:00:00",
      "quarter_label": "2024-12 (Q4)",
      "revenue": 10974000000,
      "gross_profit": 6032000000,
      "operating_income": 1911000000,
      "net_income": 9229000000,
      "opex": 9063000000,
      "cogs": 4942000000,
      "rd": 749000000,
      "sga": 2907000000,
      "fcf": 2148000000,
      "ocf": 2868000000,
      "capex": -720000000,
      "gross_margin": 0.5496628394386732,
      "op_margin": 0.1741388737014762,
      "fcf_margin": 0.1957353745215965,
      "incr_op_margin_yoy": 0.17871759890859482,
      "rev_growth_yoy": 0.07157504149985353,
      "rev_growth_yoy_accel": 0.02306868243448825,
      "op_leverage_ratio": 0.9747133667185955,
      "fcf_margin_change": -0.006333266757199918
    },
    {
      "date": "2025-03-31T00:00:00",
      "quarter_label": "2025-03 (Q1)",
      "revenue": 10358000000,
      "gross_profit": 5890000000,
      "operating_income": 1693000000,
      "net_income": 1325000000,
      "opex": 8665000000,
      "cogs": 4468000000,
      "rd": 716000000,
      "sga": 3061000000,
      "fcf": 933000000,
      "ocf": 1417000000,
      "capex": -484000000,
      "gross_margin": 0.5686425950955784,
      "op_margin": 0.16344854218961188,
      "fcf_margin": 0.09007530411276309,
      "incr_op_margin_yoy": 0.7791878172588832,
      "rev_growth_yoy": 0.039542352468887994,
      "rev_growth_yoy_accel": -0.03203268903096553,
      "fcf_margin_change": -0.10566007040883342
    },
    {
      "date": "2025-06-30T00:00:00",
      "quarter_label": "2025-06 (Q2)",
      "revenue": 11142000000,
      "gross_profit": 6288000000,
      "operating_income": 2052000000,
      "net_income": 1779000000,
      "opex": 9090000000,
      "cogs": 4854000000,
      "rd": 725000000,
      "sga": 3091000000,
      "fcf": 1545000000,
      "ocf": 2047000000,
      "capex": -502000000,
      "gross_margin": 0.5643511039310716,
      "op_margin": 0.1841680129240711,
      "fcf_margin": 0.1386645126548196,
      "incr_op_margin_yoy": 0.5006535947712418,
      "rev_growth_yoy": 0.07372072853425846,
      "rev_growth_yoy_accel": 0.03417837606537046,
      "op_leverage_ratio": 1.5431913951137513,
      "fcf_margin_change": 0.04858920854205652
    },
    {
      "date": "2025-09-30T00:00:00",
      "quarter_label": "2025-09 (Q3)",
      "revenue": 11369000000,
      "gross_profit": 6294000000,
      "operating_income": 2057000000,
      "net_income": 1644000000,
      "opex": 9312000000,
      "cogs": 5075000000,
      "rd": 766000000,
      "sga": 3051000000,
      "fcf": 2291000000,
      "ocf": 2787000000,
      "capex": -496000000,
      "gross_margin": 0.5536106957516053,
      "op_margin": 0.18093060075644296,
      "fcf_margin": 0.20151288591784677,
      "incr_op_margin_yoy": 0.26975476839237056,
      "rev_growth_yoy": 0.06901739539257169,
      "rev_growth_yoy_accel": -0.0047033331416867635,
      "op_leverage_ratio": 0.8342065813794408,
      "fcf_margin_change": 0.06284837326302717
    },
    {
      "date": "2025-12-31T00:00:00",
      "quarter_label": "2025-12 (Q4)",
      "revenue": 11459000000,
      "gross_profit": 6537000000,
      "operating_income": 2251000000,
      "net_income": 1776000000,
      "opex": 9208000000,
      "cogs": 4922000000,
      "rd": 735000000,
      "sga": 3129000000,
      "fcf": 2626000000,
      "ocf": 3315000000,
      "capex": -689000000,
      "gross_margin": 0.5704686272798674,
      "op_margin": 0.1964394798848067,
      "fcf_margin": 0.22916484859062747,
      "incr_op_margin_yoy": 0.7010309278350515,
      "rev_growth_yoy": 0.04419537087661746,
      "rev_growth_yoy_accel": -0.024822024515954236,
      "fcf_margin_change": 0.027651962672780694
    }
  ],
  "signals": [
    {
      "quarter": "2025-12 (Q4)",
      "signal": "INCREMENTAL MARGIN (YoY)",
      "detail": "YoY Incr OPM: +70.1% vs year-ago OPM: +17.4%",
      "severity": "HIGH"
    },
    {
      "quarter": "2025-09 (Q3)",
      "signal": "FCF MARGIN EXPANSION",
      "detail": "FCF margin: +13.9% -> +20.2% (+6.3%)",
      "severity": "MEDIUM"
    },
    {
      "quarter": "2025-06 (Q2)",
      "signal": "OPERATING LEVERAGE",
      "detail": "Rev growth +7.6% vs OpEx growth +4.9% (leverage: 1.5x)",
      "severity": "MEDIUM"
    },
    {
      "quarter": "2025-06 (Q2)",
      "signal": "INCREMENTAL MARGIN (YoY)",
      "detail": "YoY Incr OPM: +50.1% vs year-ago OPM: +16.1%",
      "severity": "HIGH"
    },
    {
      "quarter": "2025-03 (Q1)",
      "signal": "INCREMENTAL MARGIN (YoY)",
      "detail": "YoY Incr OPM: +77.9% vs year-ago OPM: +13.9%",
      "severity": "HIGH"
    },
    {
      "quarter": "2024-09 (Q3)",
      "signal": "FCF MARGIN EXPANSION",
      "detail": "FCF margin: +13.8% -> +20.2% (+6.5%)",
      "severity": "MEDIUM"
    },
    {
      "quarter": "2024-09 (Q3)",
      "signal": "OPERATING LEVERAGE",
      "detail": "Rev growth +2.5% vs OpEx growth +0.8% (leverage: 3.2x)",
      "severity": "MEDIUM"
    },
    {
      "quarter": "2024-09 (Q3)",
      "signal": "INCREMENTAL MARGIN (YoY)",
      "detail": "YoY Incr OPM: +43.1% vs year-ago OPM: +16.2%",
      "severity": "HIGH"
    },
    {
      "quarter": "2024-06 (Q2)",
      "signal": "FCF MARGIN EXPANSION",
      "detail": "FCF margin: +6.3% -> +13.8% (+7.5%)",
      "severity": "MEDIUM"
    },
    {
      "quarter": "2024-06 (Q2)",
      "signal": "OPERATING LEVERAGE",
      "detail": "Rev growth +4.1% vs OpEx growth +1.5% (leverage: 2.7x)",
      "severity": "MEDIUM"
    },
    {
      "quarter": "2024-06 (Q2)",
      "signal": "INCREMENTAL MARGIN (YoY)",
      "detail": "YoY Incr OPM: +31.8% vs year-ago OPM: +15.5%",
      "severity": "MEDIUM"
    },
    {
      "quarter": "2023-12 (Q4)",
      "signal": "FCF MARGIN EXPANSION",
      "detail": "FCF margin: +13.0% -> +22.3% (+9.3%)",
      "severity": "MEDIUM"
    },
    {
      "quarter": "2023-12 (Q4)",
      "signal": "INCREMENTAL MARGIN (YoY)",
      "detail": "YoY Incr OPM: +317.3% vs year-ago OPM: +12.9%",
      "severity": "HIGH"
    },
    {
      "quarter": "2023-09 (Q3)",
      "signal": "FCF MARGIN EXPANSION",
      "detail": "FCF margin: +7.0% -> +13.0% (+6.0%)",
      "severity": "MEDIUM"
    },
    {
      "quarter": "2023-09 (Q3)",
      "signal": "OPERATING LEVERAGE",
      "detail": "Rev growth +1.7% vs OpEx growth +0.7% (leverage: 2.3x)",
      "severity": "MEDIUM"
    },
    {
      "quarter": "2023-09 (Q3)",
      "signal": "YoY REVENUE GROWTH ACCELERATION",
      "detail": "YoY growth: -2.6% vs prior quarter YoY: -11.4% (accel: +8.8%)",
      "severity": "MEDIUM"
    },
    {
      "quarter": "2023-09 (Q3)",
      "signal": "INCREMENTAL MARGIN (YoY)",
      "detail": "YoY Incr OPM: +46.1% vs year-ago OPM: +17.0%",
      "severity": "HIGH"
    },
    {
      "quarter": "2023-06 (Q2)",
      "signal": "YoY REVENUE GROWTH ACCELERATION",
      "detail": "YoY growth: -11.4% vs prior quarter YoY: -18.1% (accel: +6.7%)",
      "severity": "MEDIUM"
    },
    {
      "quarter": "2023-06 (Q2)",
      "signal": "INCREMENTAL MARGIN (YoY)",
      "detail": "YoY Incr OPM: +65.2% vs year-ago OPM: +21.1%",
      "severity": "HIGH"
    },
    {
      "quarter": "2023-03 (Q1)",
      "signal": "YoY REVENUE GROWTH DECELERATION",
      "detail": "YoY growth: -18.1% vs prior quarter YoY: -12.0% (decel: -6.1%)",
      "severity": "WARNING"
    },
    {
      "quarter": "2023-03 (Q1)",
      "signal": "INCREMENTAL MARGIN (YoY)",
      "detail": "YoY Incr OPM: +65.3% vs year-ago OPM: +24.5%",
      "severity": "HIGH"
    },
    {
      "quarter": "2022-12 (Q4)",
      "signal": "YoY REVENUE GROWTH DECELERATION",
      "detail": "YoY growth: -12.0% vs prior quarter YoY: -4.7% (decel: -7.3%)",
      "severity": "WARNING"
    },
    {
      "quarter": "2022-12 (Q4)",
      "signal": "INCREMENTAL MARGIN (YoY)",
      "detail": "YoY Incr OPM: +78.0% vs year-ago OPM: +20.7%",
      "severity": "HIGH"
    },
    {
      "quarter": "2022-09 (Q3)",
      "signal": "YoY REVENUE GROWTH DECELERATION",
      "detail": "YoY growth: -4.7% vs prior quarter YoY: +10.1% (decel: -14.9%)",
      "severity": "WARNING"
    },
    {
      "quarter": "2022-09 (Q3)",
      "signal": "INCREMENTAL MARGIN (YoY)",
      "detail": "YoY Incr OPM: +149.8% vs year-ago OPM: +23.3%",
      "severity": "HIGH"
    },
    {
      "quarter": "2022-06 (Q2)",
      "signal": "INCREMENTAL MARGIN (YoY)",
      "detail": "YoY Incr OPM: +95.2% vs year-ago OPM: +13.6%",
      "severity": "HIGH"
    },
    {
      "quarter": "2022-03 (Q1)",
      "signal": "INCREMENTAL MARGIN (YoY)",
      "detail": "YoY Incr OPM: +55.8% vs year-ago OPM: +20.2%",
      "severity": "HIGH"
    },
    {
      "quarter": "2021-09 (Q3)",
      "signal": "GROSS MARGIN INFLECTION",
      "detail": "GM: +57.9% -> +51.6% -> +59.5% (reversal +7.9%)",
      "severity": "HIGH"
    }
  ],
  "data_quality": {
    "n_quarters": 20,
    "coverage": {
      "revenue": [
        20,
        20
      ],
      "gross_profit": [
        20,
        20
      ],
      "op_income": [
        20,
        20
      ],
      "fcf": [
        20,
        20
      ]
    },
    "gaps": [],
    "warnings": []
  },
  "market_cap": null,
  "source": "SEC EDGAR",
  "last_updated": "2026-02-24T10:14:56.997736"
}