{
  "ticker": "ACA",
  "name": "Arcosa, Inc.",
  "quarters": [
    {
      "date": "2020-12-31T00:00:00",
      "quarter_label": "2020-12 (Q4)",
      "revenue": 458900000,
      "gross_profit": 83700000,
      "operating_income": 16800000,
      "net_income": 10500000,
      "opex": 1620500000,
      "cogs": 375200000,
      "rd": null,
      "sga": null,
      "fcf": 8000000,
      "ocf": 33200000,
      "capex": -25200000,
      "gross_margin": 0.18239267814338636,
      "op_margin": 0.03660928306820658,
      "fcf_margin": 0.017432991937241227
    },
    {
      "date": "2021-03-31T00:00:00",
      "quarter_label": "2021-03 (Q1)",
      "revenue": 440400000,
      "gross_profit": 79300000,
      "operating_income": 22900000,
      "net_income": 15900000,
      "opex": 56400000,
      "cogs": 361100000,
      "rd": null,
      "sga": null,
      "fcf": -19500000,
      "ocf": 400000,
      "capex": -19900000,
      "gross_margin": 0.18006357856494096,
      "op_margin": 0.05199818346957311,
      "fcf_margin": -0.04427792915531335,
      "fcf_margin_change": -0.06171092109255458
    },
    {
      "date": "2021-06-30T00:00:00",
      "quarter_label": "2021-06 (Q2)",
      "revenue": 515100000,
      "gross_profit": 97700000,
      "operating_income": 31300000,
      "net_income": 20800000,
      "opex": 66400000,
      "cogs": 417400000,
      "rd": null,
      "sga": null,
      "fcf": 29100000,
      "ocf": 50700000,
      "capex": -21600000,
      "gross_margin": 0.18967190836730732,
      "op_margin": 0.0607649000194137,
      "fcf_margin": 0.056493884682585906,
      "op_leverage_ratio": 0.9566485013623979,
      "fcf_margin_change": 0.10077181383789927
    },
    {
      "date": "2021-09-30T00:00:00",
      "quarter_label": "2021-09 (Q3)",
      "revenue": 559100000,
      "gross_profit": 100000000,
      "operating_income": 37500000,
      "net_income": 23700000,
      "opex": 62500000,
      "cogs": 459100000,
      "rd": null,
      "sga": null,
      "fcf": 6400000,
      "ocf": 25700000,
      "capex": -19300000,
      "gross_margin": 0.17885888034340905,
      "op_margin": 0.0670720801287784,
      "fcf_margin": 0.011446968341978178,
      "op_leverage_ratio": Infinity,
      "fcf_margin_change": -0.04504691634060773
    },
    {
      "date": "2021-12-31T00:00:00",
      "quarter_label": "2021-12 (Q4)",
      "revenue": 521800000,
      "gross_profit": 89200000,
      "operating_income": 15600000,
      "net_income": 9200000,
      "opex": 1743800000,
      "cogs": 432600000,
      "rd": null,
      "sga": null,
      "fcf": 65400000,
      "ocf": 89700000,
      "capex": -24300000,
      "gross_margin": 0.1709467228823304,
      "op_margin": 0.029896512073591414,
      "fcf_margin": 0.12533537753928709,
      "incr_op_margin_yoy": -0.019077901430842606,
      "rev_growth_yoy": 0.13706689910655917,
      "fcf_margin_change": 0.1138884091973089
    },
    {
      "date": "2022-03-31T00:00:00",
      "quarter_label": "2022-03 (Q1)",
      "revenue": 535800000,
      "gross_profit": 97300000,
      "operating_income": 34700000,
      "net_income": 20200000,
      "opex": 62600000,
      "cogs": 438500000,
      "rd": null,
      "sga": null,
      "fcf": -1400000,
      "ocf": 24500000,
      "capex": -25900000,
      "gross_margin": 0.18159761104889885,
      "op_margin": 0.06476297125793207,
      "fcf_margin": -0.0026129152668906306,
      "incr_op_margin_yoy": 0.12368972746331237,
      "rev_growth_yoy": 0.21662125340599456,
      "rev_growth_yoy_accel": 0.07955435429943539,
      "op_leverage_ratio": Infinity,
      "fcf_margin_change": -0.12794829280617773
    },
    {
      "date": "2022-06-30T00:00:00",
      "quarter_label": "2022-06 (Q2)",
      "revenue": 602800000,
      "gross_profit": 123500000,
      "operating_income": 57200000,
      "net_income": 39000000,
      "opex": 66300000,
      "cogs": 479300000,
      "rd": null,
      "sga": null,
      "fcf": 59700000,
      "ocf": 86700000,
      "capex": -27000000,
      "gross_margin": 0.2048772395487724,
      "op_margin": 0.0948905109489051,
      "fcf_margin": 0.09903782349037824,
      "incr_op_margin_yoy": 0.2953249714937286,
      "rev_growth_yoy": 0.1702582022908173,
      "rev_growth_yoy_accel": -0.046363051115177245,
      "op_leverage_ratio": 2.115654288106696,
      "fcf_margin_change": 0.10165073875726886
    },
    {
      "date": "2022-09-30T00:00:00",
      "quarter_label": "2022-09 (Q3)",
      "revenue": 603900000,
      "gross_profit": 116800000,
      "operating_income": 49000000,
      "net_income": 32000000,
      "opex": 67800000,
      "cogs": 487100000,
      "rd": null,
      "sga": null,
      "fcf": 38400000,
      "ocf": 71400000,
      "capex": -33000000,
      "gross_margin": 0.19340950488491473,
      "op_margin": 0.08113926146713032,
      "fcf_margin": 0.06358668653750621,
      "incr_op_margin_yoy": 0.25669642857142855,
      "rev_growth_yoy": 0.08012877839384726,
      "rev_growth_yoy_accel": -0.09012942389697005,
      "fcf_margin_change": -0.035451136952872025
    },
    {
      "date": "2022-12-31T00:00:00",
      "quarter_label": "2022-12 (Q4)",
      "revenue": 500300000,
      "gross_profit": 85200000,
      "operating_income": 208100000,
      "net_income": 154600000,
      "opex": 1697100000,
      "cogs": 415100000,
      "rd": null,
      "sga": null,
      "fcf": -60400000,
      "ocf": -8300000,
      "capex": -52100000,
      "gross_margin": 0.17029782130721566,
      "op_margin": 0.4159504297421547,
      "fcf_margin": -0.12072756346192284,
      "incr_op_margin_yoy": -8.953488372093023,
      "rev_growth_yoy": -0.04120352625527022,
      "rev_growth_yoy_accel": -0.12133230464911748,
      "fcf_margin_change": -0.18431424999942905
    },
    {
      "date": "2023-03-31T00:00:00",
      "quarter_label": "2023-03 (Q1)",
      "revenue": 549200000,
      "gross_profit": 108600000,
      "operating_income": 75100000,
      "net_income": 55700000,
      "opex": 62500000,
      "cogs": 440600000,
      "rd": null,
      "sga": null,
      "fcf": -17100000,
      "ocf": 27300000,
      "capex": -44400000,
      "gross_margin": 0.19774217042971595,
      "op_margin": 0.1367443554260743,
      "fcf_margin": -0.03113619810633649,
      "incr_op_margin_yoy": 3.014925373134328,
      "rev_growth_yoy": 0.025009331840238895,
      "rev_growth_yoy_accel": 0.06621285809550911,
      "op_leverage_ratio": Infinity,
      "fcf_margin_change": 0.08959136535558636
    },
    {
      "date": "2023-06-30T00:00:00",
      "quarter_label": "2023-06 (Q2)",
      "revenue": 584800000,
      "gross_profit": 121100000,
      "operating_income": 51000000,
      "net_income": 40900000,
      "opex": 70700000,
      "cogs": 463700000,
      "rd": null,
      "sga": 70700000,
      "fcf": 75100000,
      "ocf": 127600000,
      "capex": -52500000,
      "gross_margin": 0.20707934336525308,
      "op_margin": 0.0872093023255814,
      "fcf_margin": 0.12841997264021887,
      "incr_op_margin_yoy": 0.34444444444444444,
      "rev_growth_yoy": -0.029860650298606503,
      "rev_growth_yoy_accel": -0.0548699821388454,
      "op_leverage_ratio": 0.49406675785621657,
      "fcf_margin_change": 0.15955617074655537
    },
    {
      "date": "2023-09-30T00:00:00",
      "quarter_label": "2023-09 (Q3)",
      "revenue": 591700000,
      "gross_profit": 107100000,
      "operating_income": 48400000,
      "net_income": 35500000,
      "opex": 61300000,
      "cogs": 484600000,
      "rd": null,
      "sga": 61300000,
      "fcf": -4000000,
      "ocf": 43900000,
      "capex": -47900000,
      "gross_margin": 0.18100388710495183,
      "op_margin": 0.08179820855163089,
      "fcf_margin": -0.006760182524928173,
      "incr_op_margin_yoy": 0.04918032786885246,
      "rev_growth_yoy": -0.020202020202020204,
      "rev_growth_yoy_accel": 0.0096586300965863,
      "op_leverage_ratio": Infinity,
      "fcf_margin_change": -0.13518015516514703
    },
    {
      "date": "2023-12-31T00:00:00",
      "quarter_label": "2023-12 (Q4)",
      "revenue": 582200000,
      "gross_profit": 107000000,
      "operating_income": 42800000,
      "net_income": 27100000,
      "opex": 1896100000,
      "cogs": 475200000,
      "rd": null,
      "sga": 66600000,
      "fcf": 3500000,
      "ocf": 62200000,
      "capex": -58700000,
      "gross_margin": 0.18378564067330813,
      "op_margin": 0.07351425626932326,
      "fcf_margin": 0.00601167983510821,
      "incr_op_margin_yoy": -2.0183150183150182,
      "rev_growth_yoy": 0.16370177893264043,
      "rev_growth_yoy_accel": 0.18390379913466062,
      "fcf_margin_change": 0.012771862360036383
    },
    {
      "date": "2024-03-31T00:00:00",
      "quarter_label": "2024-03 (Q1)",
      "revenue": 598600000,
      "gross_profit": 111600000,
      "operating_income": 53400000,
      "net_income": 39200000,
      "opex": 69100000,
      "cogs": 487000000,
      "rd": null,
      "sga": 69100000,
      "fcf": 26100000,
      "ocf": 80500000,
      "capex": -54400000,
      "gross_margin": 0.18643501503508186,
      "op_margin": 0.08920815235549616,
      "fcf_margin": 0.04360173738723688,
      "incr_op_margin_yoy": -0.4392712550607287,
      "rev_growth_yoy": 0.08994901675163874,
      "rev_growth_yoy_accel": -0.07375276218100169,
      "op_leverage_ratio": Infinity,
      "fcf_margin_change": 0.03759005755212867
    },
    {
      "date": "2024-06-30T00:00:00",
      "quarter_label": "2024-06 (Q2)",
      "revenue": 664700000,
      "gross_profit": 138000000,
      "operating_income": 67200000,
      "net_income": 45600000,
      "opex": 597500000,
      "cogs": 526700000,
      "rd": null,
      "sga": 79500000,
      "fcf": -9300000,
      "ocf": 38300000,
      "capex": -47600000,
      "gross_margin": 0.20761245674740483,
      "op_margin": 0.10109823980743192,
      "fcf_margin": -0.01399127425906424,
      "incr_op_margin_yoy": 0.20275344180225283,
      "rev_growth_yoy": 0.13662790697674418,
      "rev_growth_yoy_accel": 0.046678890225105435,
      "op_leverage_ratio": 0.014440425337647547,
      "fcf_margin_change": -0.05759301164630112
    },
    {
      "date": "2024-09-30T00:00:00",
      "quarter_label": "2024-09 (Q3)",
      "revenue": 640400000,
      "gross_profit": 136700000,
      "operating_income": 33800000,
      "net_income": 16600000,
      "opex": 606600000,
      "cogs": 503700000,
      "rd": null,
      "sga": 82400000,
      "fcf": 100600000,
      "ocf": 135000000,
      "capex": -34400000,
      "gross_margin": 0.21346033728919425,
      "op_margin": 0.05277951280449719,
      "fcf_margin": 0.1570893191755153,
      "incr_op_margin_yoy": -0.2997946611909651,
      "rev_growth_yoy": 0.08230522224100051,
      "rev_growth_yoy_accel": -0.05432268473574367,
      "fcf_margin_change": 0.17108059343457954
    },
    {
      "date": "2024-12-31T00:00:00",
      "quarter_label": "2024-12 (Q4)",
      "revenue": 666200000,
      "gross_profit": 128900000,
      "operating_income": 43200000,
      "net_income": -7700000,
      "opex": 623000000,
      "cogs": 537300000,
      "rd": null,
      "sga": 89000000,
      "fcf": 194900000,
      "ocf": 248200000,
      "capex": -53300000,
      "gross_margin": 0.1934854398078655,
      "op_margin": 0.06484539177424196,
      "fcf_margin": 0.2925547883518463,
      "incr_op_margin_yoy": 0.004761904761904762,
      "rev_growth_yoy": 0.14428031604259706,
      "rev_growth_yoy_accel": 0.06197509380159655,
      "op_leverage_ratio": 1.4901395469295105,
      "fcf_margin_change": 0.13546546917633098
    },
    {
      "date": "2025-03-31T00:00:00",
      "quarter_label": "2025-03 (Q1)",
      "revenue": 632000000,
      "gross_profit": 125400000,
      "operating_income": 55800000,
      "net_income": 23600000,
      "opex": 576200000,
      "cogs": 506600000,
      "rd": null,
      "sga": 73700000,
      "fcf": -34700000,
      "ocf": -700000,
      "capex": -34000000,
      "gross_margin": 0.19841772151898734,
      "op_margin": 0.08829113924050633,
      "fcf_margin": -0.05490506329113924,
      "incr_op_margin_yoy": 0.0718562874251497,
      "rev_growth_yoy": 0.0557968593384564,
      "rev_growth_yoy_accel": -0.08848345670414065,
      "fcf_margin_change": -0.34745985164298554
    },
    {
      "date": "2025-06-30T00:00:00",
      "quarter_label": "2025-06 (Q2)",
      "revenue": 736900000,
      "gross_profit": 166100000,
      "operating_income": 94800000,
      "net_income": 59700000,
      "opex": 71300000,
      "cogs": 570800000,
      "rd": null,
      "sga": 73000000,
      "fcf": 33400000,
      "ocf": 61200000,
      "capex": -27800000,
      "gross_margin": 0.22540371827927805,
      "op_margin": 0.12864703487583118,
      "fcf_margin": 0.04532501017777175,
      "incr_op_margin_yoy": 0.38227146814404434,
      "rev_growth_yoy": 0.10862043026929442,
      "rev_growth_yoy_accel": 0.052823570930838025,
      "op_leverage_ratio": Infinity,
      "fcf_margin_change": 0.100230073468911
    },
    {
      "date": "2025-09-30T00:00:00",
      "quarter_label": "2025-09 (Q3)",
      "revenue": 797800000,
      "gross_profit": 191900000,
      "operating_income": 112300000,
      "net_income": 73000000,
      "opex": 79600000,
      "cogs": 605900000,
      "rd": null,
      "sga": 82200000,
      "fcf": 121000000,
      "ocf": 160600000,
      "capex": -39600000,
      "gross_margin": 0.24053647530709452,
      "op_margin": 0.14076209576334922,
      "fcf_margin": 0.1516670844823264,
      "incr_op_margin_yoy": 0.49872935196950446,
      "rev_growth_yoy": 0.2457838850718301,
      "rev_growth_yoy_accel": 0.13716345480253567,
      "op_leverage_ratio": 0.7099375926831222,
      "fcf_margin_change": 0.10634207430455467
    }
  ],
  "signals": [
    {
      "quarter": "2025-09 (Q3)",
      "signal": "FCF MARGIN EXPANSION",
      "detail": "FCF margin: +4.5% -> +15.2% (+10.6%)",
      "severity": "MEDIUM"
    },
    {
      "quarter": "2025-09 (Q3)",
      "signal": "YoY REVENUE GROWTH ACCELERATION",
      "detail": "YoY growth: +24.6% vs prior quarter YoY: +10.9% (accel: +13.7%)",
      "severity": "MEDIUM"
    },
    {
      "quarter": "2025-09 (Q3)",
      "signal": "INCREMENTAL MARGIN (YoY)",
      "detail": "YoY Incr OPM: +49.9% vs year-ago OPM: +5.3%",
      "severity": "HIGH"
    },
    {
      "quarter": "2025-06 (Q2)",
      "signal": "FCF TURNED POSITIVE",
      "detail": "FCF margin: -5.5% -> +4.5%",
      "severity": "HIGH"
    },
    {
      "quarter": "2025-06 (Q2)",
      "signal": "YoY REVENUE GROWTH ACCELERATION",
      "detail": "YoY growth: +10.9% vs prior quarter YoY: +5.6% (accel: +5.3%)",
      "severity": "MEDIUM"
    },
    {
      "quarter": "2025-06 (Q2)",
      "signal": "INCREMENTAL MARGIN (YoY)",
      "detail": "YoY Incr OPM: +38.2% vs year-ago OPM: +10.1%",
      "severity": "HIGH"
    },
    {
      "quarter": "2025-03 (Q1)",
      "signal": "YoY REVENUE GROWTH DECELERATION",
      "detail": "YoY growth: +5.6% vs prior quarter YoY: +14.4% (decel: -8.8%)",
      "severity": "WARNING"
    },
    {
      "quarter": "2024-12 (Q4)",
      "signal": "FCF MARGIN EXPANSION",
      "detail": "FCF margin: +15.7% -> +29.3% (+13.5%)",
      "severity": "MEDIUM"
    },
    {
      "quarter": "2024-12 (Q4)",
      "signal": "YoY REVENUE GROWTH ACCELERATION",
      "detail": "YoY growth: +14.4% vs prior quarter YoY: +8.2% (accel: +6.2%)",
      "severity": "MEDIUM"
    },
    {
      "quarter": "2024-09 (Q3)",
      "signal": "FCF TURNED POSITIVE",
      "detail": "FCF margin: -1.4% -> +15.7%",
      "severity": "HIGH"
    },
    {
      "quarter": "2024-09 (Q3)",
      "signal": "YoY REVENUE GROWTH DECELERATION",
      "detail": "YoY growth: +8.2% vs prior quarter YoY: +13.7% (decel: -5.4%)",
      "severity": "WARNING"
    },
    {
      "quarter": "2024-06 (Q2)",
      "signal": "INCREMENTAL MARGIN (YoY)",
      "detail": "YoY Incr OPM: +20.3% vs year-ago OPM: +8.7%",
      "severity": "MEDIUM"
    },
    {
      "quarter": "2024-03 (Q1)",
      "signal": "YoY REVENUE GROWTH DECELERATION",
      "detail": "YoY growth: +9.0% vs prior quarter YoY: +16.4% (decel: -7.4%)",
      "severity": "WARNING"
    },
    {
      "quarter": "2023-12 (Q4)",
      "signal": "FCF TURNED POSITIVE",
      "detail": "FCF margin: -0.7% -> +0.6%",
      "severity": "HIGH"
    },
    {
      "quarter": "2023-12 (Q4)",
      "signal": "YoY REVENUE GROWTH ACCELERATION",
      "detail": "YoY growth: +16.4% vs prior quarter YoY: -2.0% (accel: +18.4%)",
      "severity": "HIGH"
    },
    {
      "quarter": "2023-06 (Q2)",
      "signal": "FCF TURNED POSITIVE",
      "detail": "FCF margin: -3.1% -> +12.8%",
      "severity": "HIGH"
    },
    {
      "quarter": "2023-06 (Q2)",
      "signal": "YoY REVENUE GROWTH DECELERATION",
      "detail": "YoY growth: -3.0% vs prior quarter YoY: +2.5% (decel: -5.5%)",
      "severity": "WARNING"
    },
    {
      "quarter": "2023-06 (Q2)",
      "signal": "INCREMENTAL MARGIN (YoY)",
      "detail": "YoY Incr OPM: +34.4% vs year-ago OPM: +9.5%",
      "severity": "HIGH"
    },
    {
      "quarter": "2023-03 (Q1)",
      "signal": "FCF MARGIN EXPANSION",
      "detail": "FCF margin: -12.1% -> -3.1% (+9.0%)",
      "severity": "MEDIUM"
    },
    {
      "quarter": "2023-03 (Q1)",
      "signal": "GROSS MARGIN INFLECTION",
      "detail": "GM: +19.3% -> +17.0% -> +19.8% (reversal +2.7%)",
      "severity": "MEDIUM"
    },
    {
      "quarter": "2023-03 (Q1)",
      "signal": "YoY REVENUE GROWTH ACCELERATION",
      "detail": "YoY growth: +2.5% vs prior quarter YoY: -4.1% (accel: +6.6%)",
      "severity": "MEDIUM"
    },
    {
      "quarter": "2023-03 (Q1)",
      "signal": "INCREMENTAL MARGIN (YoY)",
      "detail": "YoY Incr OPM: +301.5% vs year-ago OPM: +6.5%",
      "severity": "HIGH"
    },
    {
      "quarter": "2022-12 (Q4)",
      "signal": "YoY REVENUE GROWTH DECELERATION",
      "detail": "YoY growth: -4.1% vs prior quarter YoY: +8.0% (decel: -12.1%)",
      "severity": "WARNING"
    },
    {
      "quarter": "2022-09 (Q3)",
      "signal": "YoY REVENUE GROWTH DECELERATION",
      "detail": "YoY growth: +8.0% vs prior quarter YoY: +17.0% (decel: -9.0%)",
      "severity": "WARNING"
    },
    {
      "quarter": "2022-09 (Q3)",
      "signal": "INCREMENTAL MARGIN (YoY)",
      "detail": "YoY Incr OPM: +25.7% vs year-ago OPM: +6.7%",
      "severity": "MEDIUM"
    },
    {
      "quarter": "2022-06 (Q2)",
      "signal": "FCF TURNED POSITIVE",
      "detail": "FCF margin: -0.3% -> +9.9%",
      "severity": "HIGH"
    },
    {
      "quarter": "2022-06 (Q2)",
      "signal": "OPERATING LEVERAGE",
      "detail": "Rev growth +12.5% vs OpEx growth +5.9% (leverage: 2.1x)",
      "severity": "MEDIUM"
    },
    {
      "quarter": "2022-06 (Q2)",
      "signal": "INCREMENTAL MARGIN (YoY)",
      "detail": "YoY Incr OPM: +29.5% vs year-ago OPM: +6.1%",
      "severity": "HIGH"
    },
    {
      "quarter": "2022-03 (Q1)",
      "signal": "YoY REVENUE GROWTH ACCELERATION",
      "detail": "YoY growth: +21.7% vs prior quarter YoY: +13.7% (accel: +8.0%)",
      "severity": "MEDIUM"
    },
    {
      "quarter": "2021-12 (Q4)",
      "signal": "FCF MARGIN EXPANSION",
      "detail": "FCF margin: +1.1% -> +12.5% (+11.4%)",
      "severity": "MEDIUM"
    },
    {
      "quarter": "2021-06 (Q2)",
      "signal": "FCF TURNED POSITIVE",
      "detail": "FCF margin: -4.4% -> +5.6%",
      "severity": "HIGH"
    }
  ],
  "data_quality": {
    "n_quarters": 20,
    "coverage": {
      "revenue": [
        20,
        20
      ],
      "gross_profit": [
        20,
        20
      ],
      "op_income": [
        20,
        20
      ],
      "fcf": [
        20,
        20
      ]
    },
    "gaps": [],
    "warnings": []
  },
  "market_cap": null,
  "source": "SEC EDGAR",
  "last_updated": "2026-02-02T20:59:12.521793",
  "sector": "Industrials",
  "industry": "Engineering & Construction"
}