{
  "ticker": "ACAD",
  "name": "Acadia Pharmaceuticals Inc.",
  "quarters": [
    {
      "date": "2020-12-31T00:00:00",
      "quarter_label": "2020-12 (Q4)",
      "revenue": 121007000,
      "gross_profit": 118499000,
      "operating_income": -67162000,
      "net_income": -66760000,
      "opex": 188169000,
      "cogs": 2508000,
      "rd": 62116000,
      "sga": 120752000,
      "fcf": -29487000,
      "ocf": -27488000,
      "capex": -1999000,
      "gross_margin": 0.9792739263017842,
      "op_margin": -0.5550257423124282,
      "fcf_margin": -0.24368011767914252
    },
    {
      "date": "2021-03-31T00:00:00",
      "quarter_label": "2021-03 (Q1)",
      "revenue": 106554000,
      "gross_profit": 104369000,
      "operating_income": -66772000,
      "net_income": -66448000,
      "opex": 173326000,
      "cogs": 2185000,
      "rd": 56973000,
      "sga": 111661000,
      "fcf": -61225000,
      "ocf": -60149000,
      "capex": -1076000,
      "gross_margin": 0.9794939655010605,
      "op_margin": -0.6266493984270887,
      "fcf_margin": -0.5745912870469433,
      "fcf_margin_change": -0.33091116936780074
    },
    {
      "date": "2021-06-30T00:00:00",
      "quarter_label": "2021-06 (Q2)",
      "revenue": 115221000,
      "gross_profit": 112695000,
      "operating_income": -43709000,
      "net_income": -43871000,
      "opex": 158930000,
      "cogs": 2526000,
      "rd": 56935000,
      "sga": 96789000,
      "fcf": -25372000,
      "ocf": -25327000,
      "capex": -45000,
      "gross_margin": 0.9780769130627229,
      "op_margin": -0.3793492505706425,
      "fcf_margin": -0.22020291439928485,
      "op_leverage_ratio": Infinity,
      "fcf_margin_change": 0.35438837264765843
    },
    {
      "date": "2021-09-30T00:00:00",
      "quarter_label": "2021-09 (Q3)",
      "revenue": 131612000,
      "gross_profit": 127924000,
      "operating_income": -15301000,
      "net_income": -14457000,
      "opex": 146913000,
      "cogs": 3688000,
      "rd": 58565000,
      "sga": 81666000,
      "fcf": -17064000,
      "ocf": -17064000,
      "capex": null,
      "gross_margin": 0.9719782390663465,
      "op_margin": -0.11625839589095219,
      "fcf_margin": -0.12965383095766345,
      "op_leverage_ratio": Infinity,
      "fcf_margin_change": 0.09054908344162141
    },
    {
      "date": "2021-12-31T00:00:00",
      "quarter_label": "2021-12 (Q4)",
      "revenue": 130758000,
      "gross_profit": 128314000,
      "operating_income": -44657000,
      "net_income": -43094000,
      "opex": 175415000,
      "cogs": 2444000,
      "rd": 66942000,
      "sga": 105912000,
      "fcf": -23121000,
      "ocf": -23120000,
      "capex": -1000,
      "gross_margin": 0.9813089830067758,
      "op_margin": -0.34152403677021675,
      "fcf_margin": -0.176822833019777,
      "incr_op_margin_yoy": 2.307968413496052,
      "rev_growth_yoy": 0.08058211508425132,
      "fcf_margin_change": -0.04716900206211355
    },
    {
      "date": "2022-03-31T00:00:00",
      "quarter_label": "2022-03 (Q1)",
      "revenue": 115468000,
      "gross_profit": 112518000,
      "operating_income": -113016000,
      "net_income": -113056000,
      "opex": 228484000,
      "cogs": 2950000,
      "rd": 128855000,
      "sga": 96679000,
      "fcf": -76329000,
      "ocf": -76329000,
      "capex": null,
      "gross_margin": 0.9744517961686354,
      "op_margin": -0.978764679391693,
      "fcf_margin": -0.6610402882183809,
      "incr_op_margin_yoy": -5.187794480592327,
      "rev_growth_yoy": 0.08365711282542185,
      "rev_growth_yoy_accel": 0.0030749977411705237,
      "fcf_margin_change": -0.48421745519860393
    },
    {
      "date": "2022-06-30T00:00:00",
      "quarter_label": "2022-06 (Q2)",
      "revenue": 134563000,
      "gross_profit": 131896000,
      "operating_income": -33651000,
      "net_income": -34011000,
      "opex": 168214000,
      "cogs": 2667000,
      "rd": 75646000,
      "sga": 89901000,
      "fcf": -13125000,
      "ocf": -13125000,
      "capex": null,
      "gross_margin": 0.9801802873003723,
      "op_margin": -0.2500761724991268,
      "fcf_margin": -0.09753795619895514,
      "incr_op_margin_yoy": 0.520008272153862,
      "rev_growth_yoy": 0.16786870448963295,
      "rev_growth_yoy_accel": 0.0842115916642111,
      "op_leverage_ratio": Infinity,
      "fcf_margin_change": 0.5635023320194258
    },
    {
      "date": "2022-09-30T00:00:00",
      "quarter_label": "2022-09 (Q3)",
      "revenue": 130714000,
      "gross_profit": 128578000,
      "operating_income": -30866000,
      "net_income": -27183000,
      "opex": 161580000,
      "cogs": 2136000,
      "rd": 81336000,
      "sga": 78108000,
      "fcf": -727000,
      "ocf": -727000,
      "capex": null,
      "gross_margin": 0.9836589806753676,
      "op_margin": -0.23613384947289504,
      "fcf_margin": -0.0055617607907339685,
      "rev_growth_yoy": -0.006823086040786555,
      "rev_growth_yoy_accel": -0.1746917905304195,
      "fcf_margin_change": 0.09197619540822118
    },
    {
      "date": "2022-12-31T00:00:00",
      "quarter_label": "2022-12 (Q4)",
      "revenue": 136490000,
      "gross_profit": 134076000,
      "operating_income": -46063000,
      "net_income": -41725000,
      "opex": 182553000,
      "cogs": 2413000,
      "rd": 75738000,
      "sga": 104402000,
      "fcf": -23854000,
      "ocf": -23854000,
      "capex": null,
      "gross_margin": 0.9823137226170415,
      "op_margin": -0.33748259945783576,
      "fcf_margin": -0.1747673822258041,
      "incr_op_margin_yoy": -0.24528960223307747,
      "rev_growth_yoy": 0.04383670597592499,
      "rev_growth_yoy_accel": 0.050659792016711544,
      "op_leverage_ratio": 0.3404333721716226,
      "fcf_margin_change": -0.16920562143507012
    },
    {
      "date": "2023-03-31T00:00:00",
      "quarter_label": "2023-03 (Q1)",
      "revenue": 118462000,
      "gross_profit": 116795000,
      "operating_income": -53584000,
      "net_income": -43021000,
      "opex": 172046000,
      "cogs": 1667000,
      "rd": 69144000,
      "sga": 101235000,
      "fcf": -17933000,
      "ocf": -17933000,
      "capex": null,
      "gross_margin": 0.985927976903986,
      "op_margin": -0.45233070520504465,
      "fcf_margin": -0.1513818777329439,
      "incr_op_margin_yoy": 19.850367401469605,
      "rev_growth_yoy": 0.025929261786815396,
      "rev_growth_yoy_accel": -0.017907444189109594,
      "fcf_margin_change": 0.0233855044928602
    },
    {
      "date": "2023-06-30T00:00:00",
      "quarter_label": "2023-06 (Q2)",
      "revenue": 165235000,
      "gross_profit": 157776000,
      "operating_income": 3037000,
      "net_income": 1114000,
      "opex": 162198000,
      "cogs": 7459000,
      "rd": 58771000,
      "sga": 95968000,
      "fcf": 8201000,
      "ocf": 8201000,
      "capex": null,
      "gross_margin": 0.9548582322147244,
      "op_margin": 0.018379883196659303,
      "fcf_margin": 0.049632341816201166,
      "incr_op_margin_yoy": 1.1961398017736047,
      "rev_growth_yoy": 0.22793784324071253,
      "rev_growth_yoy_accel": 0.20200858145389713,
      "op_leverage_ratio": Infinity,
      "fcf_margin_change": 0.20101421954914506
    },
    {
      "date": "2023-09-30T00:00:00",
      "quarter_label": "2023-09 (Q3)",
      "revenue": 211699000,
      "gross_profit": 197077000,
      "operating_income": -57776000,
      "net_income": -65176000,
      "opex": 269475000,
      "cogs": 14622000,
      "rd": 156963000,
      "sga": 97890000,
      "fcf": -58955000,
      "ocf": -58955000,
      "capex": null,
      "gross_margin": 0.9309302358537357,
      "op_margin": -0.27291579081620604,
      "fcf_margin": -0.2784850188238962,
      "incr_op_margin_yoy": -0.33228375625115764,
      "rev_growth_yoy": 0.6195587312759153,
      "rev_growth_yoy_accel": 0.3916208880352028,
      "op_leverage_ratio": 0.42516100475545016,
      "fcf_margin_change": -0.3281173606400974
    },
    {
      "date": "2023-12-31T00:00:00",
      "quarter_label": "2023-12 (Q4)",
      "revenue": 231041000,
      "gross_profit": 213151000,
      "operating_income": 34944000,
      "net_income": 45797000,
      "opex": 196097000,
      "cogs": 17891000,
      "rd": 66741000,
      "sga": 111465000,
      "fcf": 85389000,
      "ocf": 85389000,
      "capex": null,
      "gross_margin": 0.9225678559216762,
      "op_margin": 0.1512458827653966,
      "fcf_margin": 0.3695837535329227,
      "incr_op_margin_yoy": 0.8567545557424036,
      "rev_growth_yoy": 0.6927320682833907,
      "rev_growth_yoy_accel": 0.07317333700747541,
      "op_leverage_ratio": Infinity,
      "fcf_margin_change": 0.6480687723568189
    },
    {
      "date": "2024-03-31T00:00:00",
      "quarter_label": "2024-03 (Q1)",
      "revenue": 205831000,
      "gross_profit": 182880000,
      "operating_income": 15210000,
      "net_income": 16555000,
      "opex": 190621000,
      "cogs": 22951000,
      "rd": 59679000,
      "sga": 107991000,
      "fcf": 29079000,
      "ocf": 29079000,
      "capex": null,
      "gross_margin": 0.8884959019778362,
      "op_margin": 0.07389557452473146,
      "fcf_margin": 0.14127609543751912,
      "incr_op_margin_yoy": 0.787395987135025,
      "rev_growth_yoy": 0.7375276459961845,
      "rev_growth_yoy_accel": 0.044795577712793744,
      "fcf_margin_change": -0.2283076580954036
    },
    {
      "date": "2024-06-30T00:00:00",
      "quarter_label": "2024-06 (Q2)",
      "revenue": 241963000,
      "gross_profit": 223733000,
      "operating_income": 30437000,
      "net_income": 33389000,
      "opex": 211526000,
      "cogs": 18230000,
      "rd": 76233000,
      "sga": 117063000,
      "fcf": 25013000,
      "ocf": 25013000,
      "capex": null,
      "gross_margin": 0.9246579022412518,
      "op_margin": 0.12579195992775755,
      "fcf_margin": 0.10337530944813876,
      "incr_op_margin_yoy": 0.35710561985194456,
      "rev_growth_yoy": 0.4643568251278482,
      "rev_growth_yoy_accel": -0.2731708208683363,
      "op_leverage_ratio": 1.6006699402665583,
      "fcf_margin_change": -0.03790078598938036
    },
    {
      "date": "2024-09-30T00:00:00",
      "quarter_label": "2024-09 (Q3)",
      "revenue": 250401000,
      "gross_profit": 231544000,
      "operating_income": 31644000,
      "net_income": 32765000,
      "opex": 218757000,
      "cogs": 18857000,
      "rd": 66606000,
      "sga": 133294000,
      "fcf": 63176000,
      "ocf": 63246000,
      "capex": -70000,
      "gross_margin": 0.9246927927604123,
      "op_margin": 0.12637329723124108,
      "fcf_margin": 0.25229931190370647,
      "incr_op_margin_yoy": 2.31047491085732,
      "rev_growth_yoy": 0.18281616823886745,
      "rev_growth_yoy_accel": -0.2815406568889808,
      "op_leverage_ratio": 1.0201310250490365,
      "fcf_margin_change": 0.1489240024555677
    },
    {
      "date": "2024-12-31T00:00:00",
      "quarter_label": "2024-12 (Q4)",
      "revenue": 259602000,
      "gross_profit": 237799000,
      "operating_income": 153503000,
      "net_income": 143742000,
      "opex": 106099000,
      "cogs": 21803000,
      "rd": 100731000,
      "sga": 130080000,
      "fcf": 39928000,
      "ocf": 40381000,
      "capex": -453000,
      "gross_margin": 0.9160137441159929,
      "op_margin": 0.5913012996818207,
      "fcf_margin": 0.15380467022596128,
      "incr_op_margin_yoy": 4.151080144252652,
      "rev_growth_yoy": 0.12361875165014002,
      "rev_growth_yoy_accel": -0.05919741658872743,
      "op_leverage_ratio": Infinity,
      "fcf_margin_change": -0.09849464167774519
    },
    {
      "date": "2025-03-31T00:00:00",
      "quarter_label": "2025-03 (Q1)",
      "revenue": 244317000,
      "gross_profit": 223925000,
      "operating_income": 19290000,
      "net_income": 18987000,
      "opex": 225027000,
      "cogs": 20392000,
      "rd": 78265000,
      "sga": 126370000,
      "fcf": 20323000,
      "ocf": 20323000,
      "capex": null,
      "gross_margin": 0.9165346660281519,
      "op_margin": 0.07895480052554672,
      "fcf_margin": 0.08318291400107237,
      "incr_op_margin_yoy": 0.10601257600166294,
      "rev_growth_yoy": 0.18697863781451773,
      "rev_growth_yoy_accel": 0.06335988616437771,
      "fcf_margin_change": -0.0706217562248889
    },
    {
      "date": "2025-06-30T00:00:00",
      "quarter_label": "2025-06 (Q2)",
      "revenue": 264566000,
      "gross_profit": 243832000,
      "operating_income": 32374000,
      "net_income": 26666000,
      "opex": 232192000,
      "cogs": 20734000,
      "rd": 77951000,
      "sga": 133507000,
      "fcf": 63956000,
      "ocf": 63956000,
      "capex": null,
      "gross_margin": 0.9216301414391872,
      "op_margin": 0.12236644164405101,
      "fcf_margin": 0.2417393013463559,
      "incr_op_margin_yoy": 0.08569658894836968,
      "rev_growth_yoy": 0.09341510892161198,
      "rev_growth_yoy_accel": -0.09356352889290576,
      "op_leverage_ratio": 2.6029650026738596,
      "fcf_margin_change": 0.15855638734528354
    },
    {
      "date": "2025-09-30T00:00:00",
      "quarter_label": "2025-09 (Q3)",
      "revenue": 278633000,
      "gross_profit": 256986000,
      "operating_income": 35756000,
      "net_income": 71779000,
      "opex": 242877000,
      "cogs": 21647000,
      "rd": 87829000,
      "sga": 133401000,
      "fcf": 73900000,
      "ocf": 74288000,
      "capex": -388000,
      "gross_margin": 0.9223099919966408,
      "op_margin": 0.128326508346104,
      "fcf_margin": 0.26522343010339766,
      "incr_op_margin_yoy": 0.14565032587135165,
      "rev_growth_yoy": 0.11274715356568064,
      "rev_growth_yoy_accel": 0.019332044644068666,
      "op_leverage_ratio": 1.1554208016278085,
      "fcf_margin_change": 0.023484128757041756
    }
  ],
  "signals": [
    {
      "quarter": "2025-06 (Q2)",
      "signal": "FCF MARGIN EXPANSION",
      "detail": "FCF margin: +8.3% -> +24.2% (+15.9%)",
      "severity": "MEDIUM"
    },
    {
      "quarter": "2025-06 (Q2)",
      "signal": "OPERATING LEVERAGE",
      "detail": "Rev growth +8.3% vs OpEx growth +3.2% (leverage: 2.6x)",
      "severity": "MEDIUM"
    },
    {
      "quarter": "2025-06 (Q2)",
      "signal": "YoY REVENUE GROWTH DECELERATION",
      "detail": "YoY growth: +9.3% vs prior quarter YoY: +18.7% (decel: -9.4%)",
      "severity": "WARNING"
    },
    {
      "quarter": "2025-03 (Q1)",
      "signal": "YoY REVENUE GROWTH ACCELERATION",
      "detail": "YoY growth: +18.7% vs prior quarter YoY: +12.4% (accel: +6.3%)",
      "severity": "MEDIUM"
    },
    {
      "quarter": "2024-12 (Q4)",
      "signal": "YoY REVENUE GROWTH DECELERATION",
      "detail": "YoY growth: +12.4% vs prior quarter YoY: +18.3% (decel: -5.9%)",
      "severity": "WARNING"
    },
    {
      "quarter": "2024-12 (Q4)",
      "signal": "INCREMENTAL MARGIN (YoY)",
      "detail": "YoY Incr OPM: +415.1% vs year-ago OPM: +15.1%",
      "severity": "HIGH"
    },
    {
      "quarter": "2024-09 (Q3)",
      "signal": "FCF MARGIN EXPANSION",
      "detail": "FCF margin: +10.3% -> +25.2% (+14.9%)",
      "severity": "MEDIUM"
    },
    {
      "quarter": "2024-09 (Q3)",
      "signal": "YoY REVENUE GROWTH DECELERATION",
      "detail": "YoY growth: +18.3% vs prior quarter YoY: +46.4% (decel: -28.2%)",
      "severity": "WARNING"
    },
    {
      "quarter": "2024-09 (Q3)",
      "signal": "OP MARGIN TURNED POSITIVE (YoY)",
      "detail": "Op margin: -27.3% (year-ago) -> +12.6%",
      "severity": "HIGH"
    },
    {
      "quarter": "2024-06 (Q2)",
      "signal": "OPERATING LEVERAGE",
      "detail": "Rev growth +17.6% vs OpEx growth +11.0% (leverage: 1.6x)",
      "severity": "MEDIUM"
    },
    {
      "quarter": "2024-06 (Q2)",
      "signal": "GROSS MARGIN INFLECTION",
      "detail": "GM: +92.3% -> +88.8% -> +92.5% (reversal +3.6%)",
      "severity": "MEDIUM"
    },
    {
      "quarter": "2024-06 (Q2)",
      "signal": "YoY REVENUE GROWTH DECELERATION",
      "detail": "YoY growth: +46.4% vs prior quarter YoY: +73.8% (decel: -27.3%)",
      "severity": "WARNING"
    },
    {
      "quarter": "2024-06 (Q2)",
      "signal": "INCREMENTAL MARGIN (YoY)",
      "detail": "YoY Incr OPM: +35.7% vs year-ago OPM: +1.8%",
      "severity": "HIGH"
    },
    {
      "quarter": "2024-03 (Q1)",
      "signal": "OP MARGIN TURNED POSITIVE (YoY)",
      "detail": "Op margin: -45.2% (year-ago) -> +7.4%",
      "severity": "HIGH"
    },
    {
      "quarter": "2023-12 (Q4)",
      "signal": "FCF TURNED POSITIVE",
      "detail": "FCF margin: -27.8% -> +37.0%",
      "severity": "HIGH"
    },
    {
      "quarter": "2023-12 (Q4)",
      "signal": "YoY REVENUE GROWTH ACCELERATION",
      "detail": "YoY growth: +69.3% vs prior quarter YoY: +62.0% (accel: +7.3%)",
      "severity": "MEDIUM"
    },
    {
      "quarter": "2023-12 (Q4)",
      "signal": "OP MARGIN TURNED POSITIVE (YoY)",
      "detail": "Op margin: -33.7% (year-ago) -> +15.1%",
      "severity": "HIGH"
    },
    {
      "quarter": "2023-12 (Q4)",
      "signal": "OP MARGIN TURNED POSITIVE (QoQ)",
      "detail": "Op margin: -27.3% -> +15.1%",
      "severity": "HIGH"
    },
    {
      "quarter": "2023-09 (Q3)",
      "signal": "YoY REVENUE GROWTH ACCELERATION",
      "detail": "YoY growth: +62.0% vs prior quarter YoY: +22.8% (accel: +39.2%)",
      "severity": "HIGH"
    },
    {
      "quarter": "2023-06 (Q2)",
      "signal": "FCF TURNED POSITIVE",
      "detail": "FCF margin: -15.1% -> +5.0%",
      "severity": "HIGH"
    },
    {
      "quarter": "2023-06 (Q2)",
      "signal": "YoY REVENUE GROWTH ACCELERATION",
      "detail": "YoY growth: +22.8% vs prior quarter YoY: +2.6% (accel: +20.2%)",
      "severity": "HIGH"
    },
    {
      "quarter": "2023-06 (Q2)",
      "signal": "OP MARGIN TURNED POSITIVE (YoY)",
      "detail": "Op margin: -25.0% (year-ago) -> +1.8%",
      "severity": "HIGH"
    },
    {
      "quarter": "2023-06 (Q2)",
      "signal": "OP MARGIN TURNED POSITIVE (QoQ)",
      "detail": "Op margin: -45.2% -> +1.8%",
      "severity": "HIGH"
    },
    {
      "quarter": "2022-12 (Q4)",
      "signal": "YoY REVENUE GROWTH ACCELERATION",
      "detail": "YoY growth: +4.4% vs prior quarter YoY: -0.7% (accel: +5.1%)",
      "severity": "MEDIUM"
    },
    {
      "quarter": "2022-09 (Q3)",
      "signal": "FCF MARGIN EXPANSION",
      "detail": "FCF margin: -9.8% -> -0.6% (+9.2%)",
      "severity": "MEDIUM"
    },
    {
      "quarter": "2022-09 (Q3)",
      "signal": "YoY REVENUE GROWTH DECELERATION",
      "detail": "YoY growth: -0.7% vs prior quarter YoY: +16.8% (decel: -17.5%)",
      "severity": "WARNING"
    },
    {
      "quarter": "2022-06 (Q2)",
      "signal": "FCF MARGIN EXPANSION",
      "detail": "FCF margin: -66.1% -> -9.8% (+56.4%)",
      "severity": "MEDIUM"
    },
    {
      "quarter": "2022-06 (Q2)",
      "signal": "YoY REVENUE GROWTH ACCELERATION",
      "detail": "YoY growth: +16.8% vs prior quarter YoY: +8.4% (accel: +8.4%)",
      "severity": "MEDIUM"
    },
    {
      "quarter": "2021-09 (Q3)",
      "signal": "FCF MARGIN EXPANSION",
      "detail": "FCF margin: -22.0% -> -13.0% (+9.1%)",
      "severity": "MEDIUM"
    },
    {
      "quarter": "2021-06 (Q2)",
      "signal": "FCF MARGIN EXPANSION",
      "detail": "FCF margin: -57.5% -> -22.0% (+35.4%)",
      "severity": "MEDIUM"
    }
  ],
  "data_quality": {
    "n_quarters": 20,
    "coverage": {
      "revenue": [
        20,
        20
      ],
      "gross_profit": [
        20,
        20
      ],
      "op_income": [
        20,
        20
      ],
      "fcf": [
        20,
        20
      ]
    },
    "gaps": [],
    "warnings": []
  },
  "market_cap": null,
  "source": "SEC EDGAR",
  "last_updated": "2026-02-02T21:09:49.763475"
}