{
  "ticker": "ACCO",
  "name": "ACCO Brands Corporation",
  "quarters": [
    {
      "date": "2020-12-31T00:00:00",
      "quarter_label": "2020-12 (Q4)",
      "revenue": 460100000,
      "gross_profit": 143100000,
      "operating_income": 42200000,
      "net_income": 29800000,
      "opex": 100900000,
      "cogs": 317000000,
      "rd": null,
      "sga": 88600000,
      "fcf": 93900000,
      "ocf": 97400000,
      "capex": -3500000,
      "gross_margin": 0.31101934362095196,
      "op_margin": 0.09171919148011302,
      "fcf_margin": 0.20408606824603348
    },
    {
      "date": "2021-03-31T00:00:00",
      "quarter_label": "2021-03 (Q1)",
      "revenue": 410500000,
      "gross_profit": 115500000,
      "operating_income": -1100000,
      "net_income": -20400000,
      "opex": 116600000,
      "cogs": 295000000,
      "rd": null,
      "sga": 94000000,
      "fcf": -46200000,
      "ocf": -42400000,
      "capex": -3800000,
      "gross_margin": 0.28136419001218027,
      "op_margin": -0.002679658952496955,
      "fcf_margin": -0.11254567600487211,
      "fcf_margin_change": -0.31663174425090557
    },
    {
      "date": "2021-06-30T00:00:00",
      "quarter_label": "2021-06 (Q2)",
      "revenue": 517800000,
      "gross_profit": 164100000,
      "operating_income": 49900000,
      "net_income": 48600000,
      "opex": 114200000,
      "cogs": 353700000,
      "rd": null,
      "sga": 97700000,
      "fcf": -18200000,
      "ocf": -12700000,
      "capex": -5500000,
      "gross_margin": 0.3169177288528389,
      "op_margin": 0.09636925453843183,
      "fcf_margin": -0.03514870606411742,
      "op_leverage_ratio": Infinity,
      "fcf_margin_change": 0.07739696994075469
    },
    {
      "date": "2021-09-30T00:00:00",
      "quarter_label": "2021-09 (Q3)",
      "revenue": 526700000,
      "gross_profit": 157200000,
      "operating_income": 38600000,
      "net_income": 20200000,
      "opex": 118600000,
      "cogs": 369500000,
      "rd": null,
      "sga": 101800000,
      "fcf": 94500000,
      "ocf": 99100000,
      "capex": -4600000,
      "gross_margin": 0.2984621226504652,
      "op_margin": 0.07328650085437631,
      "fcf_margin": 0.17941902411239796,
      "op_leverage_ratio": 0.44610941395414166,
      "fcf_margin_change": 0.21456773017651537
    },
    {
      "date": "2021-12-31T00:00:00",
      "quarter_label": "2021-12 (Q4)",
      "revenue": 570300000,
      "gross_profit": 178100000,
      "operating_income": 63600000,
      "net_income": 53500000,
      "opex": 114500000,
      "cogs": 392200000,
      "rd": null,
      "sga": 99100000,
      "fcf": 108300000,
      "ocf": 115600000,
      "capex": -7300000,
      "gross_margin": 0.3122917762581098,
      "op_margin": 0.1115202524986849,
      "fcf_margin": 0.1899000526038927,
      "incr_op_margin_yoy": 0.19419237749546278,
      "rev_growth_yoy": 0.23951314931536621,
      "op_leverage_ratio": Infinity,
      "fcf_margin_change": 0.010481028491494737
    },
    {
      "date": "2022-03-31T00:00:00",
      "quarter_label": "2022-03 (Q1)",
      "revenue": 441600000,
      "gross_profit": 119600000,
      "operating_income": 6800000,
      "net_income": -2700000,
      "opex": 112800000,
      "cogs": 322000000,
      "rd": null,
      "sga": 98800000,
      "fcf": -107600000,
      "ocf": -104200000,
      "capex": -3400000,
      "gross_margin": 0.2708333333333333,
      "op_margin": 0.015398550724637682,
      "fcf_margin": -0.24365942028985507,
      "incr_op_margin_yoy": 0.2540192926045016,
      "rev_growth_yoy": 0.07576126674786846,
      "rev_growth_yoy_accel": -0.16375188256749776,
      "fcf_margin_change": -0.43355947289374774
    },
    {
      "date": "2022-06-30T00:00:00",
      "quarter_label": "2022-06 (Q2)",
      "revenue": 521000000,
      "gross_profit": 150000000,
      "operating_income": 55400000,
      "net_income": 39400000,
      "opex": 94600000,
      "cogs": 371000000,
      "rd": null,
      "sga": 91600000,
      "fcf": 2700000,
      "ocf": 6300000,
      "capex": -3600000,
      "gross_margin": 0.28790786948176583,
      "op_margin": 0.10633397312859885,
      "fcf_margin": 0.005182341650671785,
      "incr_op_margin_yoy": 1.71875,
      "rev_growth_yoy": 0.006179992275009656,
      "rev_growth_yoy_accel": -0.0695812744728588,
      "op_leverage_ratio": Infinity,
      "fcf_margin_change": 0.24884176194052685
    },
    {
      "date": "2022-09-30T00:00:00",
      "quarter_label": "2022-09 (Q3)",
      "revenue": 485600000,
      "gross_profit": 137400000,
      "operating_income": -63000000,
      "net_income": -68700000,
      "opex": 200400000,
      "cogs": 348200000,
      "rd": null,
      "sga": 93900000,
      "fcf": 83500000,
      "ocf": 88300000,
      "capex": -4800000,
      "gross_margin": 0.2829489291598023,
      "op_margin": -0.12973640856672158,
      "fcf_margin": 0.1719522240527183,
      "incr_op_margin_yoy": 2.4720194647201947,
      "rev_growth_yoy": -0.07803303588380482,
      "rev_growth_yoy_accel": -0.08421302815881448,
      "fcf_margin_change": 0.16676988240204652
    },
    {
      "date": "2022-12-31T00:00:00",
      "quarter_label": "2022-12 (Q4)",
      "revenue": 499400000,
      "gross_profit": 145300000,
      "operating_income": 35600000,
      "net_income": 18800000,
      "opex": 109700000,
      "cogs": 354100000,
      "rd": null,
      "sga": 92400000,
      "fcf": 81300000,
      "ocf": 87200000,
      "capex": -5900000,
      "gross_margin": 0.2909491389667601,
      "op_margin": 0.07128554265118142,
      "fcf_margin": 0.16279535442531037,
      "incr_op_margin_yoy": 0.39492242595204513,
      "rev_growth_yoy": -0.12432053305277924,
      "rev_growth_yoy_accel": -0.046287497168974415,
      "op_leverage_ratio": Infinity,
      "fcf_margin_change": -0.009156869627407915
    },
    {
      "date": "2023-03-31T00:00:00",
      "quarter_label": "2023-03 (Q1)",
      "revenue": 402600000,
      "gross_profit": 119300000,
      "operating_income": 10100000,
      "net_income": -3700000,
      "opex": 109200000,
      "cogs": 283300000,
      "rd": null,
      "sga": 95000000,
      "fcf": -23200000,
      "ocf": -23200000,
      "capex": null,
      "gross_margin": 0.29632389468455045,
      "op_margin": 0.025086934923000497,
      "fcf_margin": -0.057625434674615006,
      "incr_op_margin_yoy": -0.08461538461538462,
      "rev_growth_yoy": -0.08831521739130435,
      "rev_growth_yoy_accel": 0.036005315661474885,
      "fcf_margin_change": -0.22042078909992538
    },
    {
      "date": "2023-06-30T00:00:00",
      "quarter_label": "2023-06 (Q2)",
      "revenue": 493600000,
      "gross_profit": 164200000,
      "operating_income": 55200000,
      "net_income": 26400000,
      "opex": 109000000,
      "cogs": 329400000,
      "rd": null,
      "sga": 98000000,
      "fcf": -16100000,
      "ocf": -16100000,
      "capex": null,
      "gross_margin": 0.3326580226904376,
      "op_margin": 0.11183144246353323,
      "fcf_margin": -0.03261750405186386,
      "incr_op_margin_yoy": 0.0072992700729927005,
      "rev_growth_yoy": -0.05259117082533589,
      "rev_growth_yoy_accel": 0.03572404656596846,
      "op_leverage_ratio": Infinity,
      "fcf_margin_change": 0.025007930622751147
    },
    {
      "date": "2023-09-30T00:00:00",
      "quarter_label": "2023-09 (Q3)",
      "revenue": 448000000,
      "gross_profit": 144800000,
      "operating_income": 32200000,
      "net_income": 14900000,
      "opex": 112600000,
      "cogs": 303200000,
      "rd": null,
      "sga": 98800000,
      "fcf": 110000000,
      "ocf": 110000000,
      "capex": null,
      "gross_margin": 0.32321428571428573,
      "op_margin": 0.071875,
      "fcf_margin": 0.24553571428571427,
      "incr_op_margin_yoy": -2.5319148936170213,
      "rev_growth_yoy": -0.07742998352553541,
      "rev_growth_yoy_accel": -0.024838812700199525,
      "fcf_margin_change": 0.2781532183375781
    },
    {
      "date": "2023-12-31T00:00:00",
      "quarter_label": "2023-12 (Q4)",
      "revenue": 488600000,
      "gross_profit": 170000000,
      "operating_income": -52800000,
      "net_income": -59400000,
      "opex": 222800000,
      "cogs": 318600000,
      "rd": null,
      "sga": 101700000,
      "fcf": 58000000,
      "ocf": 58000000,
      "capex": null,
      "gross_margin": 0.3479328694228408,
      "op_margin": -0.10806385591485879,
      "fcf_margin": 0.11870650839132214,
      "incr_op_margin_yoy": 8.185185185185185,
      "rev_growth_yoy": -0.021625951141369643,
      "rev_growth_yoy_accel": 0.05580403238416577,
      "op_leverage_ratio": 0.09259868421052632,
      "fcf_margin_change": -0.12682920589439212
    },
    {
      "date": "2024-03-31T00:00:00",
      "quarter_label": "2024-03 (Q1)",
      "revenue": 358900000,
      "gross_profit": 110400000,
      "operating_income": 5900000,
      "net_income": -6300000,
      "opex": 104500000,
      "cogs": 248500000,
      "rd": null,
      "sga": 94200000,
      "fcf": 28200000,
      "ocf": 28200000,
      "capex": null,
      "gross_margin": 0.30760657564781274,
      "op_margin": 0.016439119531903038,
      "fcf_margin": 0.07857341877960435,
      "incr_op_margin_yoy": 0.09610983981693363,
      "rev_growth_yoy": -0.1085444610034774,
      "rev_growth_yoy_accel": -0.08691850986210775,
      "fcf_margin_change": -0.0401330896117178
    },
    {
      "date": "2024-06-30T00:00:00",
      "quarter_label": "2024-06 (Q2)",
      "revenue": 438300000,
      "gross_profit": 152600000,
      "operating_income": -111200000,
      "net_income": -125200000,
      "opex": 263800000,
      "cogs": 285700000,
      "rd": null,
      "sga": 88000000,
      "fcf": -25600000,
      "ocf": -25600000,
      "capex": null,
      "gross_margin": 0.3481633584302989,
      "op_margin": -0.2537075062742414,
      "fcf_margin": -0.05840748345881816,
      "incr_op_margin_yoy": 3.0090415913200723,
      "rev_growth_yoy": -0.11203403565640195,
      "rev_growth_yoy_accel": -0.003489574652924557,
      "op_leverage_ratio": 0.14512677975896568,
      "fcf_margin_change": -0.13698090223842252
    },
    {
      "date": "2024-09-30T00:00:00",
      "quarter_label": "2024-09 (Q3)",
      "revenue": 420900000,
      "gross_profit": 136900000,
      "operating_income": 26300000,
      "net_income": 9300000,
      "opex": 110600000,
      "cogs": 284000000,
      "rd": null,
      "sga": 92200000,
      "fcf": 92900000,
      "ocf": 92900000,
      "capex": null,
      "gross_margin": 0.3252554050843431,
      "op_margin": 0.06248515086718936,
      "fcf_margin": 0.2207175100974103,
      "incr_op_margin_yoy": 0.2177121771217712,
      "rev_growth_yoy": -0.06049107142857143,
      "rev_growth_yoy_accel": 0.05154296422783052,
      "fcf_margin_change": 0.27912499355622844
    },
    {
      "date": "2024-12-31T00:00:00",
      "quarter_label": "2024-12 (Q4)",
      "revenue": 448100000,
      "gross_profit": 155500000,
      "operating_income": 42000000,
      "net_income": 20600000,
      "opex": 113500000,
      "cogs": 292600000,
      "rd": null,
      "sga": 91300000,
      "fcf": 52700000,
      "ocf": 52700000,
      "capex": null,
      "gross_margin": 0.3470207542959161,
      "op_margin": 0.09372907833072974,
      "fcf_margin": 0.11760767685784423,
      "incr_op_margin_yoy": -2.3407407407407406,
      "rev_growth_yoy": -0.08288988948014736,
      "rev_growth_yoy_accel": -0.022398818051575932,
      "op_leverage_ratio": 2.4646037636919247,
      "fcf_margin_change": -0.10310983323956607
    },
    {
      "date": "2025-03-31T00:00:00",
      "quarter_label": "2025-03 (Q1)",
      "revenue": 317400000,
      "gross_profit": 99600000,
      "operating_income": -6700000,
      "net_income": -13200000,
      "opex": 106300000,
      "cogs": 217800000,
      "rd": null,
      "sga": 92700000,
      "fcf": 5500000,
      "ocf": 5500000,
      "capex": null,
      "gross_margin": 0.31379962192816635,
      "op_margin": -0.021109010712035286,
      "fcf_margin": 0.017328292375551356,
      "incr_op_margin_yoy": 0.3036144578313253,
      "rev_growth_yoy": -0.1156310950125383,
      "rev_growth_yoy_accel": -0.032741205532390946,
      "fcf_margin_change": -0.10027938448229287
    },
    {
      "date": "2025-06-30T00:00:00",
      "quarter_label": "2025-06 (Q2)",
      "revenue": 394800000,
      "gross_profit": 129700000,
      "operating_income": 33000000,
      "net_income": 29200000,
      "opex": 96700000,
      "cogs": 265100000,
      "rd": null,
      "sga": 82600000,
      "fcf": -38900000,
      "ocf": -38900000,
      "capex": null,
      "gross_margin": 0.3285207700101317,
      "op_margin": 0.08358662613981763,
      "fcf_margin": -0.09853090172239108,
      "incr_op_margin_yoy": -3.314942528735632,
      "rev_growth_yoy": -0.09924709103353867,
      "rev_growth_yoy_accel": 0.01638400397899964,
      "op_leverage_ratio": Infinity,
      "fcf_margin_change": -0.11585919409794243
    },
    {
      "date": "2025-09-30T00:00:00",
      "quarter_label": "2025-09 (Q3)",
      "revenue": 383700000,
      "gross_profit": 126600000,
      "operating_income": 26000000,
      "net_income": 4000000,
      "opex": 100600000,
      "cogs": 257100000,
      "rd": null,
      "sga": 87400000,
      "fcf": 71500000,
      "ocf": 71500000,
      "capex": null,
      "gross_margin": 0.3299452697419859,
      "op_margin": 0.06776127182694813,
      "fcf_margin": 0.18634349752410737,
      "incr_op_margin_yoy": 0.008064516129032258,
      "rev_growth_yoy": -0.08838203848895225,
      "rev_growth_yoy_accel": 0.010865052544586418,
      "fcf_margin_change": 0.28487439924649843
    }
  ],
  "signals": [
    {
      "quarter": "2025-09 (Q3)",
      "signal": "FCF TURNED POSITIVE",
      "detail": "FCF margin: -9.9% -> +18.6%",
      "severity": "HIGH"
    },
    {
      "quarter": "2025-06 (Q2)",
      "signal": "OP MARGIN TURNED POSITIVE (YoY)",
      "detail": "Op margin: -25.4% (year-ago) -> +8.4%",
      "severity": "HIGH"
    },
    {
      "quarter": "2025-06 (Q2)",
      "signal": "OP MARGIN TURNED POSITIVE (QoQ)",
      "detail": "Op margin: -2.1% -> +8.4%",
      "severity": "HIGH"
    },
    {
      "quarter": "2024-12 (Q4)",
      "signal": "OPERATING LEVERAGE",
      "detail": "Rev growth +6.5% vs OpEx growth +2.6% (leverage: 2.5x)",
      "severity": "MEDIUM"
    },
    {
      "quarter": "2024-12 (Q4)",
      "signal": "GROSS MARGIN INFLECTION",
      "detail": "GM: +34.8% -> +32.5% -> +34.7% (reversal +2.2%)",
      "severity": "MEDIUM"
    },
    {
      "quarter": "2024-12 (Q4)",
      "signal": "OP MARGIN TURNED POSITIVE (YoY)",
      "detail": "Op margin: -10.8% (year-ago) -> +9.4%",
      "severity": "HIGH"
    },
    {
      "quarter": "2024-09 (Q3)",
      "signal": "FCF TURNED POSITIVE",
      "detail": "FCF margin: -5.8% -> +22.1%",
      "severity": "HIGH"
    },
    {
      "quarter": "2024-09 (Q3)",
      "signal": "YoY REVENUE GROWTH ACCELERATION",
      "detail": "YoY growth: -6.0% vs prior quarter YoY: -11.2% (accel: +5.2%)",
      "severity": "MEDIUM"
    },
    {
      "quarter": "2024-09 (Q3)",
      "signal": "INCREMENTAL MARGIN (YoY)",
      "detail": "YoY Incr OPM: +21.8% vs year-ago OPM: +7.2%",
      "severity": "MEDIUM"
    },
    {
      "quarter": "2024-09 (Q3)",
      "signal": "OP MARGIN TURNED POSITIVE (QoQ)",
      "detail": "Op margin: -25.4% -> +6.2%",
      "severity": "HIGH"
    },
    {
      "quarter": "2024-06 (Q2)",
      "signal": "GROSS MARGIN INFLECTION",
      "detail": "GM: +34.8% -> +30.8% -> +34.8% (reversal +4.1%)",
      "severity": "MEDIUM"
    },
    {
      "quarter": "2024-03 (Q1)",
      "signal": "YoY REVENUE GROWTH DECELERATION",
      "detail": "YoY growth: -10.9% vs prior quarter YoY: -2.2% (decel: -8.7%)",
      "severity": "WARNING"
    },
    {
      "quarter": "2024-03 (Q1)",
      "signal": "OP MARGIN TURNED POSITIVE (QoQ)",
      "detail": "Op margin: -10.8% -> +1.6%",
      "severity": "HIGH"
    },
    {
      "quarter": "2023-12 (Q4)",
      "signal": "GROSS MARGIN INFLECTION",
      "detail": "GM: +33.3% -> +32.3% -> +34.8% (reversal +2.5%)",
      "severity": "MEDIUM"
    },
    {
      "quarter": "2023-12 (Q4)",
      "signal": "YoY REVENUE GROWTH ACCELERATION",
      "detail": "YoY growth: -2.2% vs prior quarter YoY: -7.7% (accel: +5.6%)",
      "severity": "MEDIUM"
    },
    {
      "quarter": "2023-09 (Q3)",
      "signal": "FCF TURNED POSITIVE",
      "detail": "FCF margin: -3.3% -> +24.6%",
      "severity": "HIGH"
    },
    {
      "quarter": "2023-09 (Q3)",
      "signal": "OP MARGIN TURNED POSITIVE (YoY)",
      "detail": "Op margin: -13.0% (year-ago) -> +7.2%",
      "severity": "HIGH"
    },
    {
      "quarter": "2022-12 (Q4)",
      "signal": "INCREMENTAL MARGIN (YoY)",
      "detail": "YoY Incr OPM: +39.5% vs year-ago OPM: +11.2%",
      "severity": "HIGH"
    },
    {
      "quarter": "2022-12 (Q4)",
      "signal": "OP MARGIN TURNED POSITIVE (QoQ)",
      "detail": "Op margin: -13.0% -> +7.1%",
      "severity": "HIGH"
    },
    {
      "quarter": "2022-09 (Q3)",
      "signal": "FCF MARGIN EXPANSION",
      "detail": "FCF margin: +0.5% -> +17.2% (+16.7%)",
      "severity": "MEDIUM"
    },
    {
      "quarter": "2022-09 (Q3)",
      "signal": "YoY REVENUE GROWTH DECELERATION",
      "detail": "YoY growth: -7.8% vs prior quarter YoY: +0.6% (decel: -8.4%)",
      "severity": "WARNING"
    },
    {
      "quarter": "2022-06 (Q2)",
      "signal": "FCF TURNED POSITIVE",
      "detail": "FCF margin: -24.4% -> +0.5%",
      "severity": "HIGH"
    },
    {
      "quarter": "2022-06 (Q2)",
      "signal": "YoY REVENUE GROWTH DECELERATION",
      "detail": "YoY growth: +0.6% vs prior quarter YoY: +7.6% (decel: -7.0%)",
      "severity": "WARNING"
    },
    {
      "quarter": "2022-06 (Q2)",
      "signal": "INCREMENTAL MARGIN (YoY)",
      "detail": "YoY Incr OPM: +171.9% vs year-ago OPM: +9.6%",
      "severity": "HIGH"
    },
    {
      "quarter": "2022-03 (Q1)",
      "signal": "YoY REVENUE GROWTH DECELERATION",
      "detail": "YoY growth: +7.6% vs prior quarter YoY: +24.0% (decel: -16.4%)",
      "severity": "WARNING"
    },
    {
      "quarter": "2022-03 (Q1)",
      "signal": "OP MARGIN TURNED POSITIVE (YoY)",
      "detail": "Op margin: -0.3% (year-ago) -> +1.5%",
      "severity": "HIGH"
    },
    {
      "quarter": "2021-12 (Q4)",
      "signal": "INCREMENTAL MARGIN (YoY)",
      "detail": "YoY Incr OPM: +19.4% vs year-ago OPM: +9.2%",
      "severity": "MEDIUM"
    },
    {
      "quarter": "2021-09 (Q3)",
      "signal": "FCF TURNED POSITIVE",
      "detail": "FCF margin: -3.5% -> +17.9%",
      "severity": "HIGH"
    },
    {
      "quarter": "2021-06 (Q2)",
      "signal": "FCF MARGIN EXPANSION",
      "detail": "FCF margin: -11.3% -> -3.5% (+7.7%)",
      "severity": "MEDIUM"
    },
    {
      "quarter": "2021-06 (Q2)",
      "signal": "GROSS MARGIN INFLECTION",
      "detail": "GM: +31.1% -> +28.1% -> +31.7% (reversal +3.6%)",
      "severity": "MEDIUM"
    },
    {
      "quarter": "2021-06 (Q2)",
      "signal": "OP MARGIN TURNED POSITIVE (QoQ)",
      "detail": "Op margin: -0.3% -> +9.6%",
      "severity": "HIGH"
    }
  ],
  "data_quality": {
    "n_quarters": 20,
    "coverage": {
      "revenue": [
        20,
        20
      ],
      "gross_profit": [
        20,
        20
      ],
      "op_income": [
        20,
        20
      ],
      "fcf": [
        20,
        20
      ]
    },
    "gaps": [],
    "warnings": []
  },
  "market_cap": null,
  "source": "SEC EDGAR",
  "last_updated": "2026-02-02T22:39:32.709923"
}