{
  "ticker": "ACCS",
  "name": "ACCESS Newswire Inc.",
  "quarters": [
    {
      "date": "2020-12-31T00:00:00",
      "quarter_label": "2020-12 (Q4)",
      "revenue": 4744000,
      "gross_profit": 3331000,
      "operating_income": 369000,
      "net_income": 319000,
      "opex": 2962000,
      "cogs": 1413000,
      "rd": 254000,
      "sga": null,
      "fcf": 974000,
      "ocf": 986000,
      "capex": -12000,
      "gross_margin": 0.7021500843170321,
      "op_margin": 0.07778246205733558,
      "fcf_margin": 0.20531197301854975
    },
    {
      "date": "2021-03-31T00:00:00",
      "quarter_label": "2021-03 (Q1)",
      "revenue": 4980000,
      "gross_profit": 3586000,
      "operating_income": 707000,
      "net_income": 545000,
      "opex": 2879000,
      "cogs": 1394000,
      "rd": 249000,
      "sga": null,
      "fcf": 1253000,
      "ocf": 1269000,
      "capex": -16000,
      "gross_margin": 0.7200803212851405,
      "op_margin": 0.14196787148594378,
      "fcf_margin": 0.2516064257028112,
      "op_leverage_ratio": Infinity,
      "fcf_margin_change": 0.04629445268426147
    },
    {
      "date": "2021-06-30T00:00:00",
      "quarter_label": "2021-06 (Q2)",
      "revenue": 5720000,
      "gross_profit": 4240000,
      "operating_income": 1361000,
      "net_income": 1106000,
      "opex": 2879000,
      "cogs": 1480000,
      "rd": 256000,
      "sga": null,
      "fcf": 788000,
      "ocf": 812000,
      "capex": -24000,
      "gross_margin": 0.7412587412587412,
      "op_margin": 0.23793706293706293,
      "fcf_margin": 0.13776223776223775,
      "op_leverage_ratio": Infinity,
      "fcf_margin_change": -0.11384418794057347
    },
    {
      "date": "2021-09-30T00:00:00",
      "quarter_label": "2021-09 (Q3)",
      "revenue": 5465000,
      "gross_profit": 4110000,
      "operating_income": 977000,
      "net_income": 1024000,
      "opex": 3133000,
      "cogs": 1355000,
      "rd": 373000,
      "sga": null,
      "fcf": 1229000,
      "ocf": 1238000,
      "capex": -9000,
      "gross_margin": 0.7520585544373285,
      "op_margin": 0.1787740164684355,
      "fcf_margin": 0.22488563586459287,
      "fcf_margin_change": 0.08712339810235512
    },
    {
      "date": "2021-12-31T00:00:00",
      "quarter_label": "2021-12 (Q4)",
      "revenue": 5718000,
      "gross_profit": 4199000,
      "operating_income": 698000,
      "net_income": 616000,
      "opex": 3501000,
      "cogs": 1519000,
      "rd": 341000,
      "sga": null,
      "fcf": 1399000,
      "ocf": 1412000,
      "capex": -13000,
      "gross_margin": 0.7343476740118923,
      "op_margin": 0.12207065407485135,
      "fcf_margin": 0.24466596712137112,
      "rev_growth_yoy": 0.20531197301854975,
      "op_leverage_ratio": 0.39413311985361393,
      "fcf_margin_change": 0.01978033125677825
    },
    {
      "date": "2022-03-31T00:00:00",
      "quarter_label": "2022-03 (Q1)",
      "revenue": 5288000,
      "gross_profit": 4056000,
      "operating_income": 688000,
      "net_income": 516000,
      "opex": 3368000,
      "cogs": 1232000,
      "rd": 275000,
      "sga": null,
      "fcf": 527000,
      "ocf": 548000,
      "capex": -21000,
      "gross_margin": 0.7670196671709532,
      "op_margin": 0.13010590015128592,
      "fcf_margin": 0.09965960665658094,
      "rev_growth_yoy": 0.061847389558232935,
      "rev_growth_yoy_accel": -0.14346458346031682,
      "fcf_margin_change": -0.14500636046479018
    },
    {
      "date": "2022-06-30T00:00:00",
      "quarter_label": "2022-06 (Q2)",
      "revenue": 5807000,
      "gross_profit": 4443000,
      "operating_income": 1148000,
      "net_income": 841000,
      "opex": 3295000,
      "cogs": 1364000,
      "rd": 214000,
      "sga": null,
      "fcf": 1079000,
      "ocf": 1096000,
      "capex": -17000,
      "gross_margin": 0.7651110728431204,
      "op_margin": 0.1976924401584295,
      "fcf_margin": 0.18581022903392458,
      "rev_growth_yoy": 0.01520979020979021,
      "rev_growth_yoy_accel": -0.04663759934844272,
      "op_leverage_ratio": Infinity,
      "fcf_margin_change": 0.08615062237734364
    },
    {
      "date": "2022-09-30T00:00:00",
      "quarter_label": "2022-09 (Q3)",
      "revenue": 5280000,
      "gross_profit": 4068000,
      "operating_income": 789000,
      "net_income": 686000,
      "opex": 3279000,
      "cogs": 1212000,
      "rd": 245000,
      "sga": null,
      "fcf": 1367000,
      "ocf": 1381000,
      "capex": -14000,
      "gross_margin": 0.7704545454545455,
      "op_margin": 0.1494318181818182,
      "fcf_margin": 0.25890151515151516,
      "rev_growth_yoy": -0.03385178408051235,
      "rev_growth_yoy_accel": -0.049061574290302556,
      "fcf_margin_change": 0.07309128611759058
    },
    {
      "date": "2022-12-31T00:00:00",
      "quarter_label": "2022-12 (Q4)",
      "revenue": 7139000,
      "gross_profit": 5263000,
      "operating_income": 44000,
      "net_income": -109000,
      "opex": 5219000,
      "cogs": 1876000,
      "rd": 572000,
      "sga": null,
      "fcf": 980000,
      "ocf": 994000,
      "capex": -14000,
      "gross_margin": 0.7372180977727973,
      "op_margin": 0.0061633281972265025,
      "fcf_margin": 0.13727412802913574,
      "incr_op_margin_yoy": -0.46023926812104154,
      "rev_growth_yoy": 0.24851346624693949,
      "rev_growth_yoy_accel": 0.28236525032745186,
      "op_leverage_ratio": 0.5950934278350516,
      "fcf_margin_change": -0.12162738712237942
    },
    {
      "date": "2023-03-31T00:00:00",
      "quarter_label": "2023-03 (Q1)",
      "revenue": 8619000,
      "gross_profit": 6790000,
      "operating_income": 581000,
      "net_income": -144000,
      "opex": 6209000,
      "cogs": 1829000,
      "rd": 774000,
      "sga": null,
      "fcf": 267000,
      "ocf": 272000,
      "capex": -5000,
      "gross_margin": 0.78779440770391,
      "op_margin": 0.06740921220559229,
      "fcf_margin": 0.030978071702053602,
      "incr_op_margin_yoy": -0.03212248574001801,
      "rev_growth_yoy": 0.6299167927382754,
      "rev_growth_yoy_accel": 0.3814033264913359,
      "op_leverage_ratio": 1.092889958557419,
      "fcf_margin_change": -0.10629605632708214
    },
    {
      "date": "2023-06-30T00:00:00",
      "quarter_label": "2023-06 (Q2)",
      "revenue": 9651000,
      "gross_profit": 7315000,
      "operating_income": 1747000,
      "net_income": 1363000,
      "opex": 5568000,
      "cogs": 2336000,
      "rd": 532000,
      "sga": null,
      "fcf": 1725000,
      "ocf": 1731000,
      "capex": -6000,
      "gross_margin": 0.7579525437778468,
      "op_margin": 0.1810175111387421,
      "fcf_margin": 0.17873795461610195,
      "incr_op_margin_yoy": 0.15582726326742977,
      "rev_growth_yoy": 0.6619597038057516,
      "rev_growth_yoy_accel": 0.032042911067476254,
      "op_leverage_ratio": Infinity,
      "fcf_margin_change": 0.14775988291404835
    },
    {
      "date": "2023-09-30T00:00:00",
      "quarter_label": "2023-09 (Q3)",
      "revenue": 7569000,
      "gross_profit": 5772000,
      "operating_income": 593000,
      "net_income": 273000,
      "opex": 5179000,
      "cogs": 1797000,
      "rd": 581000,
      "sga": null,
      "fcf": 272000,
      "ocf": 287000,
      "capex": -15000,
      "gross_margin": 0.7625842251288149,
      "op_margin": 0.07834588452899986,
      "fcf_margin": 0.035936054961025234,
      "incr_op_margin_yoy": -0.0856269113149847,
      "rev_growth_yoy": 0.4335227272727273,
      "rev_growth_yoy_accel": -0.22843697653302436,
      "fcf_margin_change": -0.14280189965507673
    },
    {
      "date": "2023-12-31T00:00:00",
      "quarter_label": "2023-12 (Q4)",
      "revenue": 7539000,
      "gross_profit": 5572000,
      "operating_income": -105000,
      "net_income": -726000,
      "opex": 5677000,
      "cogs": 1967000,
      "rd": 664000,
      "sga": null,
      "fcf": 771000,
      "ocf": 770000,
      "capex": 1000,
      "gross_margin": 0.7390900649953575,
      "op_margin": -0.013927576601671309,
      "fcf_margin": 0.10226820533227218,
      "rev_growth_yoy": 0.05603025633842275,
      "rev_growth_yoy_accel": -0.37749247093430455,
      "fcf_margin_change": 0.06633215037124696
    },
    {
      "date": "2024-03-31T00:00:00",
      "quarter_label": "2024-03 (Q1)",
      "revenue": 6962000,
      "gross_profit": 5241000,
      "operating_income": -52000,
      "net_income": -139000,
      "opex": 5293000,
      "cogs": 1721000,
      "rd": 654000,
      "sga": null,
      "fcf": 970000,
      "ocf": 986000,
      "capex": -16000,
      "gross_margin": 0.7528009192760701,
      "op_margin": -0.007469118069520253,
      "fcf_margin": 0.1393277793737432,
      "incr_op_margin_yoy": 0.3820156910078455,
      "rev_growth_yoy": -0.19224968093746375,
      "rev_growth_yoy_accel": -0.2482799372758865,
      "fcf_margin_change": 0.037059574041471005
    },
    {
      "date": "2024-06-30T00:00:00",
      "quarter_label": "2024-06 (Q2)",
      "revenue": 7687000,
      "gross_profit": 5902000,
      "operating_income": 334000,
      "net_income": 7000,
      "opex": 5568000,
      "cogs": 1785000,
      "rd": 719000,
      "sga": null,
      "fcf": -190000,
      "ocf": -190000,
      "capex": null,
      "gross_margin": 0.7677897749447119,
      "op_margin": 0.04344998048653571,
      "fcf_margin": -0.024717054767789775,
      "incr_op_margin_yoy": 0.7194501018329938,
      "rev_growth_yoy": -0.20350222774841986,
      "rev_growth_yoy_accel": -0.01125254681095611,
      "op_leverage_ratio": 2.0043482802747383,
      "fcf_margin_change": -0.16404483414153295
    },
    {
      "date": "2024-09-30T00:00:00",
      "quarter_label": "2024-09 (Q3)",
      "revenue": 6953000,
      "gross_profit": 5172000,
      "operating_income": 156000,
      "net_income": -466000,
      "opex": 5016000,
      "cogs": 1781000,
      "rd": 671000,
      "sga": null,
      "fcf": 1495000,
      "ocf": 1498000,
      "capex": -3000,
      "gross_margin": 0.7438515748597727,
      "op_margin": 0.02243635840644326,
      "fcf_margin": 0.21501510139508126,
      "rev_growth_yoy": -0.08138459505879245,
      "rev_growth_yoy_accel": 0.12211763268962741,
      "fcf_margin_change": 0.23973215616287102
    },
    {
      "date": "2024-12-31T00:00:00",
      "quarter_label": "2024-12 (Q4)",
      "revenue": 1455000,
      "gross_profit": 1304000,
      "operating_income": -16757000,
      "net_income": -10195000,
      "opex": 18061000,
      "cogs": 151000,
      "rd": 777000,
      "sga": null,
      "fcf": 866000,
      "ocf": 866000,
      "capex": null,
      "gross_margin": 0.8962199312714777,
      "op_margin": -11.516838487972509,
      "fcf_margin": 0.5951890034364261,
      "incr_op_margin_yoy": 2.737015121630506,
      "rev_growth_yoy": -0.8070035813768405,
      "rev_growth_yoy_accel": -0.725618986318048,
      "fcf_margin_change": 0.3801739020413448
    },
    {
      "date": "2025-03-31T00:00:00",
      "quarter_label": "2025-03 (Q1)",
      "revenue": 5476000,
      "gross_profit": 4273000,
      "operating_income": -677000,
      "net_income": 5387000,
      "opex": 4950000,
      "cogs": 1203000,
      "rd": 733000,
      "sga": null,
      "fcf": 735000,
      "ocf": 747000,
      "capex": -12000,
      "gross_margin": 0.7803140978816655,
      "op_margin": -0.12363038714390066,
      "fcf_margin": 0.13422205989773558,
      "incr_op_margin_yoy": 0.4205921938088829,
      "rev_growth_yoy": -0.21344441252513646,
      "rev_growth_yoy_accel": 0.593559168851704,
      "op_leverage_ratio": Infinity,
      "fcf_margin_change": -0.4609669435386905
    },
    {
      "date": "2025-06-30T00:00:00",
      "quarter_label": "2025-06 (Q2)",
      "revenue": 5621000,
      "gross_profit": 4285000,
      "operating_income": -249000,
      "net_income": -475000,
      "opex": 4534000,
      "cogs": 1336000,
      "rd": 655000,
      "sga": null,
      "fcf": 135000,
      "ocf": 135000,
      "capex": null,
      "gross_margin": 0.762319871908913,
      "op_margin": -0.04429816758583882,
      "fcf_margin": 0.024017078811599358,
      "incr_op_margin_yoy": 0.2821878025169409,
      "rev_growth_yoy": -0.26876544815922987,
      "rev_growth_yoy_accel": -0.05532103563409341,
      "op_leverage_ratio": Infinity,
      "fcf_margin_change": -0.11020498108613623
    },
    {
      "date": "2025-09-30T00:00:00",
      "quarter_label": "2025-09 (Q3)",
      "revenue": 5723000,
      "gross_profit": 4268000,
      "operating_income": -184000,
      "net_income": -45000,
      "opex": 4452000,
      "cogs": 1455000,
      "rd": 684000,
      "sga": null,
      "fcf": -590000,
      "ocf": -582000,
      "capex": -8000,
      "gross_margin": 0.7457627118644068,
      "op_margin": -0.032150969771099075,
      "fcf_margin": -0.10309278350515463,
      "incr_op_margin_yoy": 0.2764227642276423,
      "rev_growth_yoy": -0.17690205666618725,
      "rev_growth_yoy_accel": 0.09186339149304262,
      "op_leverage_ratio": Infinity,
      "fcf_margin_change": -0.127109862316754
    }
  ],
  "signals": [
    {
      "quarter": "2025-09 (Q3)",
      "signal": "YoY REVENUE GROWTH ACCELERATION",
      "detail": "YoY growth: -17.7% vs prior quarter YoY: -26.9% (accel: +9.2%)",
      "severity": "MEDIUM"
    },
    {
      "quarter": "2025-06 (Q2)",
      "signal": "YoY REVENUE GROWTH DECELERATION",
      "detail": "YoY growth: -26.9% vs prior quarter YoY: -21.3% (decel: -5.5%)",
      "severity": "WARNING"
    },
    {
      "quarter": "2025-03 (Q1)",
      "signal": "YoY REVENUE GROWTH ACCELERATION",
      "detail": "YoY growth: -21.3% vs prior quarter YoY: -80.7% (accel: +59.4%)",
      "severity": "HIGH"
    },
    {
      "quarter": "2024-12 (Q4)",
      "signal": "FCF MARGIN EXPANSION",
      "detail": "FCF margin: +21.5% -> +59.5% (+38.0%)",
      "severity": "MEDIUM"
    },
    {
      "quarter": "2024-12 (Q4)",
      "signal": "GROSS MARGIN INFLECTION",
      "detail": "GM: +76.8% -> +74.4% -> +89.6% (reversal +15.2%)",
      "severity": "HIGH"
    },
    {
      "quarter": "2024-12 (Q4)",
      "signal": "YoY REVENUE GROWTH DECELERATION",
      "detail": "YoY growth: -80.7% vs prior quarter YoY: -8.1% (decel: -72.6%)",
      "severity": "WARNING"
    },
    {
      "quarter": "2024-09 (Q3)",
      "signal": "FCF TURNED POSITIVE",
      "detail": "FCF margin: -2.5% -> +21.5%",
      "severity": "HIGH"
    },
    {
      "quarter": "2024-09 (Q3)",
      "signal": "YoY REVENUE GROWTH ACCELERATION",
      "detail": "YoY growth: -8.1% vs prior quarter YoY: -20.4% (accel: +12.2%)",
      "severity": "MEDIUM"
    },
    {
      "quarter": "2024-06 (Q2)",
      "signal": "OPERATING LEVERAGE",
      "detail": "Rev growth +10.4% vs OpEx growth +5.2% (leverage: 2.0x)",
      "severity": "MEDIUM"
    },
    {
      "quarter": "2024-06 (Q2)",
      "signal": "INCREMENTAL MARGIN (YoY)",
      "detail": "YoY Incr OPM: +71.9% vs year-ago OPM: +18.1%",
      "severity": "HIGH"
    },
    {
      "quarter": "2024-06 (Q2)",
      "signal": "OP MARGIN TURNED POSITIVE (QoQ)",
      "detail": "Op margin: -0.7% -> +4.3%",
      "severity": "HIGH"
    },
    {
      "quarter": "2024-03 (Q1)",
      "signal": "YoY REVENUE GROWTH DECELERATION",
      "detail": "YoY growth: -19.2% vs prior quarter YoY: +5.6% (decel: -24.8%)",
      "severity": "WARNING"
    },
    {
      "quarter": "2023-12 (Q4)",
      "signal": "FCF MARGIN EXPANSION",
      "detail": "FCF margin: +3.6% -> +10.2% (+6.6%)",
      "severity": "MEDIUM"
    },
    {
      "quarter": "2023-12 (Q4)",
      "signal": "YoY REVENUE GROWTH DECELERATION",
      "detail": "YoY growth: +5.6% vs prior quarter YoY: +43.4% (decel: -37.7%)",
      "severity": "WARNING"
    },
    {
      "quarter": "2023-09 (Q3)",
      "signal": "YoY REVENUE GROWTH DECELERATION",
      "detail": "YoY growth: +43.4% vs prior quarter YoY: +66.2% (decel: -22.8%)",
      "severity": "WARNING"
    },
    {
      "quarter": "2023-06 (Q2)",
      "signal": "FCF MARGIN EXPANSION",
      "detail": "FCF margin: +3.1% -> +17.9% (+14.8%)",
      "severity": "MEDIUM"
    },
    {
      "quarter": "2023-03 (Q1)",
      "signal": "GROSS MARGIN INFLECTION",
      "detail": "GM: +77.0% -> +73.7% -> +78.8% (reversal +5.1%)",
      "severity": "HIGH"
    },
    {
      "quarter": "2023-03 (Q1)",
      "signal": "YoY REVENUE GROWTH ACCELERATION",
      "detail": "YoY growth: +63.0% vs prior quarter YoY: +24.9% (accel: +38.1%)",
      "severity": "HIGH"
    },
    {
      "quarter": "2022-12 (Q4)",
      "signal": "YoY REVENUE GROWTH ACCELERATION",
      "detail": "YoY growth: +24.9% vs prior quarter YoY: -3.4% (accel: +28.2%)",
      "severity": "HIGH"
    },
    {
      "quarter": "2022-09 (Q3)",
      "signal": "FCF MARGIN EXPANSION",
      "detail": "FCF margin: +18.6% -> +25.9% (+7.3%)",
      "severity": "MEDIUM"
    },
    {
      "quarter": "2022-06 (Q2)",
      "signal": "FCF MARGIN EXPANSION",
      "detail": "FCF margin: +10.0% -> +18.6% (+8.6%)",
      "severity": "MEDIUM"
    },
    {
      "quarter": "2022-03 (Q1)",
      "signal": "GROSS MARGIN INFLECTION",
      "detail": "GM: +75.2% -> +73.4% -> +76.7% (reversal +3.3%)",
      "severity": "MEDIUM"
    },
    {
      "quarter": "2022-03 (Q1)",
      "signal": "YoY REVENUE GROWTH DECELERATION",
      "detail": "YoY growth: +6.2% vs prior quarter YoY: +20.5% (decel: -14.3%)",
      "severity": "WARNING"
    },
    {
      "quarter": "2021-09 (Q3)",
      "signal": "FCF MARGIN EXPANSION",
      "detail": "FCF margin: +13.8% -> +22.5% (+8.7%)",
      "severity": "MEDIUM"
    }
  ],
  "data_quality": {
    "n_quarters": 20,
    "coverage": {
      "revenue": [
        20,
        20
      ],
      "gross_profit": [
        20,
        20
      ],
      "op_income": [
        20,
        20
      ],
      "fcf": [
        20,
        20
      ]
    },
    "gaps": [],
    "warnings": []
  },
  "market_cap": null,
  "source": "SEC EDGAR",
  "last_updated": "2026-02-02T23:47:14.863364",
  "sector": "Communication Services",
  "industry": "Advertising Agencies"
}