{
  "ticker": "ACDC",
  "name": "ProFrac Holding Corp.",
  "quarters": [
    {
      "date": "2021-03-31T00:00:00",
      "quarter_label": "2021-03 (Q1)",
      "revenue": 149586000,
      "gross_profit": 0,
      "operating_income": -20166000,
      "net_income": -25998000,
      "opex": 169752000,
      "cogs": 149586000,
      "rd": null,
      "sga": 13778000,
      "fcf": -1047000,
      "ocf": 16310000,
      "capex": -17357000,
      "gross_margin": 0.0,
      "op_margin": -0.13481208134451084,
      "fcf_margin": -0.0069993181180056955
    },
    {
      "date": "2021-06-30T00:00:00",
      "quarter_label": "2021-06 (Q2)",
      "revenue": 174819000,
      "gross_profit": 0,
      "operating_income": -2755000,
      "net_income": null,
      "opex": 177574000,
      "cogs": 174819000,
      "rd": null,
      "sga": 14094000,
      "fcf": -25780000,
      "ocf": 10470000,
      "capex": -36250000,
      "gross_margin": 0.0,
      "op_margin": -0.015759156613411585,
      "fcf_margin": -0.14746680852767718,
      "op_leverage_ratio": 3.6607917730204607,
      "fcf_margin_change": -0.1404674904096715
    },
    {
      "date": "2021-09-30T00:00:00",
      "quarter_label": "2021-09 (Q3)",
      "revenue": 195931000,
      "gross_profit": 0,
      "operating_income": -6917000,
      "net_income": null,
      "opex": 202848000,
      "cogs": 195931000,
      "rd": null,
      "sga": 20047000,
      "fcf": -6068000,
      "ocf": 10910000,
      "capex": -16978000,
      "gross_margin": 0.0,
      "op_margin": -0.03530324450954673,
      "fcf_margin": -0.03097008640797015,
      "op_leverage_ratio": 0.8484888547290633,
      "fcf_margin_change": 0.11649672211970703
    },
    {
      "date": "2021-12-31T00:00:00",
      "quarter_label": "2021-12 (Q4)",
      "revenue": 248064000,
      "gross_profit": 0,
      "operating_income": 11838000,
      "net_income": null,
      "opex": 236226000,
      "cogs": 248064000,
      "rd": null,
      "sga": 16281000,
      "fcf": -10605000,
      "ocf": 6210000,
      "capex": -16815000,
      "gross_margin": 0.0,
      "op_margin": 0.04772155572755418,
      "fcf_margin": -0.042751064241486066,
      "op_leverage_ratio": 1.617037091677638,
      "fcf_margin_change": -0.011780977833515914
    },
    {
      "date": "2022-03-31T00:00:00",
      "quarter_label": "2022-03 (Q1)",
      "revenue": 344980000,
      "gross_profit": 0,
      "operating_income": 34192000,
      "net_income": 23710000,
      "opex": 310788000,
      "cogs": 344980000,
      "rd": null,
      "sga": 34127000,
      "fcf": 2200000,
      "ocf": 43700000,
      "capex": -41500000,
      "gross_margin": 0.0,
      "op_margin": 0.09911299205751058,
      "fcf_margin": 0.006377181285871645,
      "incr_op_margin_yoy": 0.27819687400841375,
      "rev_growth_yoy": 1.3062318666185337,
      "op_leverage_ratio": 1.2377755117232419,
      "fcf_margin_change": 0.049128245527357714
    },
    {
      "date": "2022-06-30T00:00:00",
      "quarter_label": "2022-06 (Q2)",
      "revenue": 589844000,
      "gross_profit": 0,
      "operating_income": 95489000,
      "net_income": 6558000,
      "opex": 494355000,
      "cogs": 589844000,
      "rd": null,
      "sga": 87548000,
      "fcf": -33800000,
      "ocf": 40800000,
      "capex": -74600000,
      "gross_margin": 0.0,
      "op_margin": 0.16188856714656757,
      "fcf_margin": -0.057303286970792275,
      "incr_op_margin_yoy": 0.2367182699837359,
      "rev_growth_yoy": 2.3740268506283644,
      "rev_growth_yoy_accel": 1.0677949840098306,
      "op_leverage_ratio": 1.2017127060573511,
      "fcf_margin_change": -0.06368046825666392
    },
    {
      "date": "2022-09-30T00:00:00",
      "quarter_label": "2022-09 (Q3)",
      "revenue": 696730000,
      "gross_profit": 0,
      "operating_income": 168950000,
      "net_income": 44930000,
      "opex": 527780000,
      "cogs": 696730000,
      "rd": null,
      "sga": 70287000,
      "fcf": 48700000,
      "ocf": 172100000,
      "capex": -123400000,
      "gross_margin": 0.0,
      "op_margin": 0.24248991718456217,
      "fcf_margin": 0.06989795186083561,
      "incr_op_margin_yoy": 0.35117282582433273,
      "rev_growth_yoy": 2.555996753959302,
      "rev_growth_yoy_accel": 0.18196990333093765,
      "op_leverage_ratio": 2.6801010803880922,
      "fcf_margin_change": 0.12720123883162787
    },
    {
      "date": "2022-12-31T00:00:00",
      "quarter_label": "2022-12 (Q4)",
      "revenue": 794100000,
      "gross_profit": 323100000,
      "operating_income": 125200000,
      "net_income": 40900000,
      "opex": 668900000,
      "cogs": 471000000,
      "rd": null,
      "sga": 74100000,
      "fcf": 41900000,
      "ocf": 158600000,
      "capex": -116700000,
      "gross_margin": 0.40687570834907444,
      "op_margin": 0.15766276287621206,
      "fcf_margin": 0.05276413549930739,
      "incr_op_margin_yoy": 0.20760902211575794,
      "rev_growth_yoy": 2.201190015479876,
      "rev_growth_yoy_accel": -0.354806738479426,
      "op_leverage_ratio": 0.5226669271806915,
      "fcf_margin_change": -0.01713381636152822
    },
    {
      "date": "2023-03-31T00:00:00",
      "quarter_label": "2023-03 (Q1)",
      "revenue": 851700000,
      "gross_profit": 0,
      "operating_income": 106700000,
      "net_income": 22000000,
      "opex": 745000000,
      "cogs": 851700000,
      "rd": null,
      "sga": 76300000,
      "fcf": 150300000,
      "ocf": 233500000,
      "capex": -83200000,
      "gross_margin": 0.0,
      "op_margin": 0.1252788540565927,
      "fcf_margin": 0.17647058823529413,
      "incr_op_margin_yoy": 0.14309283233343859,
      "rev_growth_yoy": 1.4688387732622181,
      "rev_growth_yoy_accel": -0.7323512422176579,
      "op_leverage_ratio": 0.6375640585851535,
      "fcf_margin_change": 0.12370645273598674
    },
    {
      "date": "2023-06-30T00:00:00",
      "quarter_label": "2023-06 (Q2)",
      "revenue": 709200000,
      "gross_profit": 241400000,
      "operating_income": 53700000,
      "net_income": -2900000,
      "opex": 655500000,
      "cogs": 467800000,
      "rd": null,
      "sga": 70300000,
      "fcf": 55600000,
      "ocf": 153700000,
      "capex": -98100000,
      "gross_margin": 0.3403835307388607,
      "op_margin": 0.07571912013536379,
      "fcf_margin": 0.07839819514946418,
      "incr_op_margin_yoy": -0.35012064747478133,
      "rev_growth_yoy": 0.20235180827473026,
      "rev_growth_yoy_accel": -1.266486964987488,
      "fcf_margin_change": -0.09807239308582995
    },
    {
      "date": "2023-09-30T00:00:00",
      "quarter_label": "2023-09 (Q3)",
      "revenue": 574200000,
      "gross_profit": 205700000,
      "operating_income": 20500000,
      "net_income": -24500000,
      "opex": 553700000,
      "cogs": 368500000,
      "rd": null,
      "sga": 61000000,
      "fcf": 71000000,
      "ocf": 123600000,
      "capex": -52600000,
      "gross_margin": 0.35823754789272033,
      "op_margin": 0.03570184604667363,
      "fcf_margin": 0.12365029606408917,
      "incr_op_margin_yoy": 1.2115400310128133,
      "rev_growth_yoy": -0.17586439510283755,
      "rev_growth_yoy_accel": -0.3782162033775678,
      "fcf_margin_change": 0.04525210091462499
    },
    {
      "date": "2023-12-31T00:00:00",
      "quarter_label": "2023-12 (Q4)",
      "revenue": 489100000,
      "gross_profit": 166100000,
      "operating_income": -14300000,
      "net_income": -92300000,
      "opex": 503400000,
      "cogs": 323000000,
      "rd": null,
      "sga": 59300000,
      "fcf": 9600000,
      "ocf": 42700000,
      "capex": -33100000,
      "gross_margin": 0.3396033530975261,
      "op_margin": -0.029237374769985686,
      "fcf_margin": 0.01962788795747291,
      "incr_op_margin_yoy": 0.45737704918032784,
      "rev_growth_yoy": -0.3840826092431684,
      "rev_growth_yoy_accel": -0.20821821414033084,
      "fcf_margin_change": -0.10402240810661625
    },
    {
      "date": "2024-03-31T00:00:00",
      "quarter_label": "2024-03 (Q1)",
      "revenue": 581500000,
      "gross_profit": 207800000,
      "operating_income": 39900000,
      "net_income": 1800000,
      "opex": 541600000,
      "cogs": 373700000,
      "rd": null,
      "sga": 50600000,
      "fcf": 19200000,
      "ocf": 79100000,
      "capex": -59900000,
      "gross_margin": 0.35735167669819434,
      "op_margin": 0.06861564918314704,
      "fcf_margin": 0.03301805674978504,
      "incr_op_margin_yoy": 0.2472242783123612,
      "rev_growth_yoy": -0.31724785722672305,
      "rev_growth_yoy_accel": 0.06683475201644534,
      "op_leverage_ratio": 2.4895689379253056,
      "fcf_margin_change": 0.013390168792312127
    },
    {
      "date": "2024-06-30T00:00:00",
      "quarter_label": "2024-06 (Q2)",
      "revenue": 579400000,
      "gross_profit": 186300000,
      "operating_income": -49200000,
      "net_income": -66700000,
      "opex": 628600000,
      "cogs": 393100000,
      "rd": null,
      "sga": 54100000,
      "fcf": 51600000,
      "ocf": 113500000,
      "capex": -61900000,
      "gross_margin": 0.32153952364515015,
      "op_margin": -0.08491542975491888,
      "fcf_margin": 0.08905764584052468,
      "incr_op_margin_yoy": 0.7927580893682589,
      "rev_growth_yoy": -0.18302312464749013,
      "rev_growth_yoy_accel": 0.13422473257923292,
      "fcf_margin_change": 0.056039589090739646
    },
    {
      "date": "2024-09-30T00:00:00",
      "quarter_label": "2024-09 (Q3)",
      "revenue": 575300000,
      "gross_profit": 184600000,
      "operating_income": -4300000,
      "net_income": -45200000,
      "opex": 579600000,
      "cogs": 390700000,
      "rd": null,
      "sga": 51900000,
      "fcf": 28200000,
      "ocf": 98200000,
      "capex": -70000000,
      "gross_margin": 0.32087606466191554,
      "op_margin": -0.0074743612028506864,
      "fcf_margin": 0.049017903702416134,
      "incr_op_margin_yoy": -22.545454545454547,
      "rev_growth_yoy": 0.0019157088122605363,
      "rev_growth_yoy_accel": 0.18493883345975065,
      "fcf_margin_change": -0.04003974213810855
    },
    {
      "date": "2024-12-31T00:00:00",
      "quarter_label": "2024-12 (Q4)",
      "revenue": 454700000,
      "gross_profit": 117100000,
      "operating_income": -46800000,
      "net_income": -105000000,
      "opex": 501500000,
      "cogs": 337600000,
      "rd": null,
      "sga": 48000000,
      "fcf": 13300000,
      "ocf": 76500000,
      "capex": -63200000,
      "gross_margin": 0.25753243897074996,
      "op_margin": -0.10292500549813063,
      "fcf_margin": 0.029250054981306357,
      "incr_op_margin_yoy": 0.9447674418604651,
      "rev_growth_yoy": -0.0703332651809446,
      "rev_growth_yoy_accel": -0.07224897399320514,
      "fcf_margin_change": -0.019767848721109777
    },
    {
      "date": "2025-03-31T00:00:00",
      "quarter_label": "2025-03 (Q1)",
      "revenue": 600300000,
      "gross_profit": 180900000,
      "operating_income": 16000000,
      "net_income": -17500000,
      "opex": 584300000,
      "cogs": 419400000,
      "rd": null,
      "sga": 53600000,
      "fcf": -13800000,
      "ocf": 38700000,
      "capex": -52500000,
      "gross_margin": 0.30134932533733133,
      "op_margin": 0.026653339996668333,
      "fcf_margin": -0.022988505747126436,
      "incr_op_margin_yoy": -1.2712765957446808,
      "rev_growth_yoy": 0.03233018056749785,
      "rev_growth_yoy_accel": 0.10266344574844244,
      "op_leverage_ratio": 1.9394430048372924,
      "fcf_margin_change": -0.05223856072843279
    },
    {
      "date": "2025-06-30T00:00:00",
      "quarter_label": "2025-06 (Q2)",
      "revenue": 501900000,
      "gross_profit": 127200000,
      "operating_income": -54300000,
      "net_income": -105900000,
      "opex": 556200000,
      "cogs": 374700000,
      "rd": null,
      "sga": 51400000,
      "fcf": 53900000,
      "ocf": 100400000,
      "capex": -46500000,
      "gross_margin": 0.2534369396294083,
      "op_margin": -0.10818888224745965,
      "fcf_margin": 0.10739191073919108,
      "incr_op_margin_yoy": 0.06580645161290323,
      "rev_growth_yoy": -0.13375906109768726,
      "rev_growth_yoy_accel": -0.1660892416651851,
      "fcf_margin_change": 0.1303804164863175
    },
    {
      "date": "2025-09-30T00:00:00",
      "quarter_label": "2025-09 (Q3)",
      "revenue": 403100000,
      "gross_profit": 79000000,
      "operating_income": -78800000,
      "net_income": -100900000,
      "opex": 481900000,
      "cogs": 324100000,
      "rd": null,
      "sga": 43000000,
      "fcf": -33400000,
      "ocf": 900000,
      "capex": -34300000,
      "gross_margin": 0.19598114611758868,
      "op_margin": -0.195484991317291,
      "fcf_margin": -0.08285785164971471,
      "incr_op_margin_yoy": 0.4326364692218351,
      "rev_growth_yoy": -0.2993220928211368,
      "rev_growth_yoy_accel": -0.16556303172344955,
      "fcf_margin_change": -0.19024976238890579
    }
  ],
  "signals": [
    {
      "quarter": "2025-09 (Q3)",
      "signal": "YoY REVENUE GROWTH DECELERATION",
      "detail": "YoY growth: -29.9% vs prior quarter YoY: -13.4% (decel: -16.6%)",
      "severity": "WARNING"
    },
    {
      "quarter": "2025-06 (Q2)",
      "signal": "FCF TURNED POSITIVE",
      "detail": "FCF margin: -2.3% -> +10.7%",
      "severity": "HIGH"
    },
    {
      "quarter": "2025-06 (Q2)",
      "signal": "YoY REVENUE GROWTH DECELERATION",
      "detail": "YoY growth: -13.4% vs prior quarter YoY: +3.2% (decel: -16.6%)",
      "severity": "WARNING"
    },
    {
      "quarter": "2025-03 (Q1)",
      "signal": "OPERATING LEVERAGE",
      "detail": "Rev growth +32.0% vs OpEx growth +16.5% (leverage: 1.9x)",
      "severity": "MEDIUM"
    },
    {
      "quarter": "2025-03 (Q1)",
      "signal": "GROSS MARGIN INFLECTION",
      "detail": "GM: +32.1% -> +25.8% -> +30.1% (reversal +4.4%)",
      "severity": "MEDIUM"
    },
    {
      "quarter": "2025-03 (Q1)",
      "signal": "YoY REVENUE GROWTH ACCELERATION",
      "detail": "YoY growth: +3.2% vs prior quarter YoY: -7.0% (accel: +10.3%)",
      "severity": "MEDIUM"
    },
    {
      "quarter": "2025-03 (Q1)",
      "signal": "OP MARGIN TURNED POSITIVE (QoQ)",
      "detail": "Op margin: -10.3% -> +2.7%",
      "severity": "HIGH"
    },
    {
      "quarter": "2024-12 (Q4)",
      "signal": "YoY REVENUE GROWTH DECELERATION",
      "detail": "YoY growth: -7.0% vs prior quarter YoY: +0.2% (decel: -7.2%)",
      "severity": "WARNING"
    },
    {
      "quarter": "2024-09 (Q3)",
      "signal": "YoY REVENUE GROWTH ACCELERATION",
      "detail": "YoY growth: +0.2% vs prior quarter YoY: -18.3% (accel: +18.5%)",
      "severity": "HIGH"
    },
    {
      "quarter": "2024-06 (Q2)",
      "signal": "FCF MARGIN EXPANSION",
      "detail": "FCF margin: +3.3% -> +8.9% (+5.6%)",
      "severity": "MEDIUM"
    },
    {
      "quarter": "2024-06 (Q2)",
      "signal": "YoY REVENUE GROWTH ACCELERATION",
      "detail": "YoY growth: -18.3% vs prior quarter YoY: -31.7% (accel: +13.4%)",
      "severity": "MEDIUM"
    },
    {
      "quarter": "2024-03 (Q1)",
      "signal": "OPERATING LEVERAGE",
      "detail": "Rev growth +18.9% vs OpEx growth +7.6% (leverage: 2.5x)",
      "severity": "MEDIUM"
    },
    {
      "quarter": "2024-03 (Q1)",
      "signal": "YoY REVENUE GROWTH ACCELERATION",
      "detail": "YoY growth: -31.7% vs prior quarter YoY: -38.4% (accel: +6.7%)",
      "severity": "MEDIUM"
    },
    {
      "quarter": "2024-03 (Q1)",
      "signal": "INCREMENTAL MARGIN (YoY)",
      "detail": "YoY Incr OPM: +24.7% vs year-ago OPM: +12.5%",
      "severity": "MEDIUM"
    },
    {
      "quarter": "2024-03 (Q1)",
      "signal": "OP MARGIN TURNED POSITIVE (QoQ)",
      "detail": "Op margin: -2.9% -> +6.9%",
      "severity": "HIGH"
    },
    {
      "quarter": "2023-12 (Q4)",
      "signal": "YoY REVENUE GROWTH DECELERATION",
      "detail": "YoY growth: -38.4% vs prior quarter YoY: -17.6% (decel: -20.8%)",
      "severity": "WARNING"
    },
    {
      "quarter": "2023-09 (Q3)",
      "signal": "YoY REVENUE GROWTH DECELERATION",
      "detail": "YoY growth: -17.6% vs prior quarter YoY: +20.2% (decel: -37.8%)",
      "severity": "WARNING"
    },
    {
      "quarter": "2023-09 (Q3)",
      "signal": "INCREMENTAL MARGIN (YoY)",
      "detail": "YoY Incr OPM: +121.2% vs year-ago OPM: +24.2%",
      "severity": "HIGH"
    },
    {
      "quarter": "2023-06 (Q2)",
      "signal": "GROSS MARGIN INFLECTION",
      "detail": "GM: +40.7% -> +0.0% -> +34.0% (reversal +34.0%)",
      "severity": "HIGH"
    },
    {
      "quarter": "2023-06 (Q2)",
      "signal": "YoY REVENUE GROWTH DECELERATION",
      "detail": "YoY growth: +20.2% vs prior quarter YoY: +146.9% (decel: -126.6%)",
      "severity": "WARNING"
    },
    {
      "quarter": "2023-03 (Q1)",
      "signal": "FCF MARGIN EXPANSION",
      "detail": "FCF margin: +5.3% -> +17.6% (+12.4%)",
      "severity": "MEDIUM"
    },
    {
      "quarter": "2023-03 (Q1)",
      "signal": "YoY REVENUE GROWTH DECELERATION",
      "detail": "YoY growth: +146.9% vs prior quarter YoY: +220.1% (decel: -73.2%)",
      "severity": "WARNING"
    },
    {
      "quarter": "2022-12 (Q4)",
      "signal": "YoY REVENUE GROWTH DECELERATION",
      "detail": "YoY growth: +220.1% vs prior quarter YoY: +255.6% (decel: -35.5%)",
      "severity": "WARNING"
    },
    {
      "quarter": "2022-12 (Q4)",
      "signal": "INCREMENTAL MARGIN (YoY)",
      "detail": "YoY Incr OPM: +20.8% vs year-ago OPM: +4.8%",
      "severity": "MEDIUM"
    },
    {
      "quarter": "2022-09 (Q3)",
      "signal": "FCF TURNED POSITIVE",
      "detail": "FCF margin: -5.7% -> +7.0%",
      "severity": "HIGH"
    },
    {
      "quarter": "2022-09 (Q3)",
      "signal": "OPERATING LEVERAGE",
      "detail": "Rev growth +18.1% vs OpEx growth +6.8% (leverage: 2.7x)",
      "severity": "MEDIUM"
    },
    {
      "quarter": "2022-09 (Q3)",
      "signal": "YoY REVENUE GROWTH ACCELERATION",
      "detail": "YoY growth: +255.6% vs prior quarter YoY: +237.4% (accel: +18.2%)",
      "severity": "HIGH"
    },
    {
      "quarter": "2022-09 (Q3)",
      "signal": "OP MARGIN TURNED POSITIVE (YoY)",
      "detail": "Op margin: -3.5% (year-ago) -> +24.2%",
      "severity": "HIGH"
    },
    {
      "quarter": "2022-06 (Q2)",
      "signal": "YoY REVENUE GROWTH ACCELERATION",
      "detail": "YoY growth: +237.4% vs prior quarter YoY: +130.6% (accel: +106.8%)",
      "severity": "HIGH"
    },
    {
      "quarter": "2022-06 (Q2)",
      "signal": "OP MARGIN TURNED POSITIVE (YoY)",
      "detail": "Op margin: -1.6% (year-ago) -> +16.2%",
      "severity": "HIGH"
    },
    {
      "quarter": "2022-03 (Q1)",
      "signal": "FCF TURNED POSITIVE",
      "detail": "FCF margin: -4.3% -> +0.6%",
      "severity": "HIGH"
    },
    {
      "quarter": "2022-03 (Q1)",
      "signal": "OP MARGIN TURNED POSITIVE (YoY)",
      "detail": "Op margin: -13.5% (year-ago) -> +9.9%",
      "severity": "HIGH"
    },
    {
      "quarter": "2021-12 (Q4)",
      "signal": "OPERATING LEVERAGE",
      "detail": "Rev growth +26.6% vs OpEx growth +16.5% (leverage: 1.6x)",
      "severity": "MEDIUM"
    },
    {
      "quarter": "2021-12 (Q4)",
      "signal": "OP MARGIN TURNED POSITIVE (QoQ)",
      "detail": "Op margin: -3.5% -> +4.8%",
      "severity": "HIGH"
    },
    {
      "quarter": "2021-09 (Q3)",
      "signal": "FCF MARGIN EXPANSION",
      "detail": "FCF margin: -14.7% -> -3.1% (+11.6%)",
      "severity": "MEDIUM"
    },
    {
      "quarter": "2021-06 (Q2)",
      "signal": "OPERATING LEVERAGE",
      "detail": "Rev growth +16.9% vs OpEx growth +4.6% (leverage: 3.7x)",
      "severity": "MEDIUM"
    }
  ],
  "data_quality": {
    "n_quarters": 19,
    "coverage": {
      "revenue": [
        19,
        19
      ],
      "gross_profit": [
        19,
        19
      ],
      "op_income": [
        19,
        19
      ],
      "fcf": [
        19,
        19
      ]
    },
    "gaps": [],
    "warnings": []
  },
  "market_cap": null,
  "source": "SEC EDGAR",
  "last_updated": "2026-02-02T22:04:26.611038",
  "sector": "Energy",
  "industry": "Oil & Gas Equipment & Services"
}