{
  "ticker": "ACIW",
  "name": "ACI WORLDWIDE, INC.",
  "quarters": [
    {
      "date": "2020-12-31T00:00:00",
      "quarter_label": "2020-12 (Q4)",
      "revenue": 387044000,
      "gross_profit": 236347000,
      "operating_income": 95707000,
      "net_income": 67146000,
      "opex": 291337000,
      "cogs": 150697000,
      "rd": null,
      "sga": null,
      "fcf": 119124000,
      "ocf": 122837000,
      "capex": -3713000,
      "gross_margin": 0.6106463347836422,
      "op_margin": 0.24727679540310663,
      "fcf_margin": 0.30777896053161913
    },
    {
      "date": "2021-03-31T00:00:00",
      "quarter_label": "2021-03 (Q1)",
      "revenue": 285186000,
      "gross_profit": 125701000,
      "operating_income": 3690000,
      "net_income": -1945000,
      "opex": 281496000,
      "cogs": 159485000,
      "rd": null,
      "sga": null,
      "fcf": 65411000,
      "ocf": 69757000,
      "capex": -4346000,
      "gross_margin": 0.44076848092122334,
      "op_margin": 0.012938924070606551,
      "fcf_margin": 0.22936259143155696,
      "fcf_margin_change": -0.07841636910006217
    },
    {
      "date": "2021-06-30T00:00:00",
      "quarter_label": "2021-06 (Q2)",
      "revenue": 301669000,
      "gross_profit": 143055000,
      "operating_income": 15424000,
      "net_income": 6501000,
      "opex": 286245000,
      "cogs": 158614000,
      "rd": null,
      "sga": null,
      "fcf": 31499000,
      "ocf": 35228000,
      "capex": -3729000,
      "gross_margin": 0.4742118016766721,
      "op_margin": 0.0511288862959071,
      "fcf_margin": 0.1044157669498689,
      "op_leverage_ratio": 3.4259270824477137,
      "fcf_margin_change": -0.12494682448168806
    },
    {
      "date": "2021-09-30T00:00:00",
      "quarter_label": "2021-09 (Q3)",
      "revenue": 316914000,
      "gross_profit": 158202000,
      "operating_income": 27979000,
      "net_income": 13764000,
      "opex": 288935000,
      "cogs": 158712000,
      "rd": null,
      "sga": null,
      "fcf": 34605000,
      "ocf": 39498000,
      "capex": -4893000,
      "gross_margin": 0.49919536530415193,
      "op_margin": 0.0882857810005238,
      "fcf_margin": 0.10919366137185482,
      "op_leverage_ratio": 5.37752421130814,
      "fcf_margin_change": 0.004777894421985923
    },
    {
      "date": "2021-12-31T00:00:00",
      "quarter_label": "2021-12 (Q4)",
      "revenue": 466829000,
      "gross_profit": 304769000,
      "operating_income": 162804000,
      "net_income": 109471000,
      "opex": 304025000,
      "cogs": 162060000,
      "rd": null,
      "sga": null,
      "fcf": 68376000,
      "ocf": 75990000,
      "capex": -7614000,
      "gross_margin": 0.6528493302686851,
      "op_margin": 0.34874440105477594,
      "fcf_margin": 0.14646904969485613,
      "incr_op_margin_yoy": 0.8409726138998559,
      "rev_growth_yoy": 0.20613935366521635,
      "op_leverage_ratio": 9.057630029244962,
      "fcf_margin_change": 0.03727538832300131
    },
    {
      "date": "2022-03-31T00:00:00",
      "quarter_label": "2022-03 (Q1)",
      "revenue": 323080000,
      "gross_profit": 156794000,
      "operating_income": 27666000,
      "net_income": 15490000,
      "opex": 295414000,
      "cogs": 166286000,
      "rd": null,
      "sga": null,
      "fcf": 26594000,
      "ocf": 28874000,
      "capex": -2280000,
      "gross_margin": 0.48531013990342947,
      "op_margin": 0.08563204159960382,
      "fcf_margin": 0.08231397796211465,
      "incr_op_margin_yoy": 0.63271230273922,
      "rev_growth_yoy": 0.13287468529310695,
      "rev_growth_yoy_accel": -0.0732646683721094,
      "fcf_margin_change": -0.06415507173274149
    },
    {
      "date": "2022-06-30T00:00:00",
      "quarter_label": "2022-06 (Q2)",
      "revenue": 340425000,
      "gross_profit": 161092000,
      "operating_income": 24457000,
      "net_income": 13342000,
      "opex": 315968000,
      "cogs": 179333000,
      "rd": null,
      "sga": null,
      "fcf": 37512000,
      "ocf": 38889000,
      "capex": -1377000,
      "gross_margin": 0.47320848938826465,
      "op_margin": 0.07184254975398399,
      "fcf_margin": 0.11019167217448778,
      "incr_op_margin_yoy": 0.23307358860563526,
      "rev_growth_yoy": 0.1284719344712251,
      "rev_growth_yoy_accel": -0.004402750821881851,
      "op_leverage_ratio": 0.771611960613743,
      "fcf_margin_change": 0.027877694212373128
    },
    {
      "date": "2022-09-30T00:00:00",
      "quarter_label": "2022-09 (Q3)",
      "revenue": 306591000,
      "gross_profit": 134838000,
      "operating_income": 3489000,
      "net_income": 23117000,
      "opex": 303102000,
      "cogs": 171753000,
      "rd": null,
      "sga": null,
      "fcf": 29737000,
      "ocf": 34203000,
      "capex": -4466000,
      "gross_margin": 0.4397976457234557,
      "op_margin": 0.011379981799857138,
      "fcf_margin": 0.09699241008379242,
      "incr_op_margin_yoy": 2.3723723723723724,
      "rev_growth_yoy": -0.03257350574603836,
      "rev_growth_yoy_accel": -0.16104544021726347,
      "fcf_margin_change": -0.013199262090695357
    },
    {
      "date": "2022-12-31T00:00:00",
      "quarter_label": "2022-12 (Q4)",
      "revenue": 451805000,
      "gross_profit": 273106000,
      "operating_income": 148223000,
      "net_income": 90228000,
      "opex": 303582000,
      "cogs": 178699000,
      "rd": null,
      "sga": null,
      "fcf": 36435000,
      "ocf": 41415000,
      "capex": -4980000,
      "gross_margin": 0.6044775954228041,
      "op_margin": 0.32806852513805734,
      "fcf_margin": 0.08064319783977601,
      "incr_op_margin_yoy": 0.970513844515442,
      "rev_growth_yoy": -0.032183090596342556,
      "rev_growth_yoy_accel": 0.0003904151496958025,
      "op_leverage_ratio": 299.0863902560741,
      "fcf_margin_change": -0.016349212244016406
    },
    {
      "date": "2023-03-31T00:00:00",
      "quarter_label": "2023-03 (Q1)",
      "revenue": 289676000,
      "gross_profit": 111122000,
      "operating_income": -24352000,
      "net_income": -32308000,
      "opex": 314028000,
      "cogs": 178554000,
      "rd": null,
      "sga": null,
      "fcf": 37810000,
      "ocf": 40068000,
      "capex": -2258000,
      "gross_margin": 0.3836078929562684,
      "op_margin": -0.08406633618249354,
      "fcf_margin": 0.13052513843052238,
      "incr_op_margin_yoy": 1.5572386540534067,
      "rev_growth_yoy": -0.10339234864429862,
      "rev_growth_yoy_accel": -0.07120925804795607,
      "fcf_margin_change": 0.04988194059074637
    },
    {
      "date": "2023-06-30T00:00:00",
      "quarter_label": "2023-06 (Q2)",
      "revenue": 323325000,
      "gross_profit": 141982000,
      "operating_income": 10520000,
      "net_income": -6710000,
      "opex": 312805000,
      "cogs": 181343000,
      "rd": null,
      "sga": null,
      "fcf": 15122000,
      "ocf": 17440000,
      "capex": -2318000,
      "gross_margin": 0.4391309054357071,
      "op_margin": 0.03253692105466636,
      "fcf_margin": 0.04677027758447383,
      "incr_op_margin_yoy": 0.8150292397660819,
      "rev_growth_yoy": -0.05023132848645076,
      "rev_growth_yoy_accel": 0.05316102015784786,
      "op_leverage_ratio": Infinity,
      "fcf_margin_change": -0.08375486084604855
    },
    {
      "date": "2023-09-30T00:00:00",
      "quarter_label": "2023-09 (Q3)",
      "revenue": 363015000,
      "gross_profit": 185390000,
      "operating_income": 61924000,
      "net_income": 37911000,
      "opex": 301091000,
      "cogs": 177625000,
      "rd": null,
      "sga": null,
      "fcf": 21886000,
      "ocf": 25266000,
      "capex": -3380000,
      "gross_margin": 0.5106951503381403,
      "op_margin": 0.17058248281751442,
      "fcf_margin": 0.060289519716816106,
      "incr_op_margin_yoy": 1.03564086204452,
      "rev_growth_yoy": 0.18403671340646008,
      "rev_growth_yoy_accel": 0.23426804189291084,
      "op_leverage_ratio": Infinity,
      "fcf_margin_change": 0.013519242132342277
    },
    {
      "date": "2023-12-31T00:00:00",
      "quarter_label": "2023-12 (Q4)",
      "revenue": 476563000,
      "gross_profit": 294874000,
      "operating_income": 172316000,
      "net_income": 122616000,
      "opex": 304247000,
      "cogs": 181689000,
      "rd": null,
      "sga": null,
      "fcf": 84775000,
      "ocf": 85743000,
      "capex": -968000,
      "gross_margin": 0.6187513508182548,
      "op_margin": 0.36158073539070384,
      "fcf_margin": 0.1778883379532192,
      "incr_op_margin_yoy": 0.9731399951530818,
      "rev_growth_yoy": 0.05479797700335322,
      "rev_growth_yoy_accel": -0.12923873640310685,
      "op_leverage_ratio": 29.84115977219166,
      "fcf_margin_change": 0.1175988182364031
    },
    {
      "date": "2024-03-31T00:00:00",
      "quarter_label": "2024-03 (Q1)",
      "revenue": 316019000,
      "gross_profit": 124912000,
      "operating_income": 9560000,
      "net_income": -7751000,
      "opex": 306459000,
      "cogs": 191107000,
      "rd": null,
      "sga": null,
      "fcf": 120033000,
      "ocf": 123241000,
      "capex": -3208000,
      "gross_margin": 0.3952673731642718,
      "op_margin": 0.03025134564693895,
      "fcf_margin": 0.3798284280375547,
      "incr_op_margin_yoy": 1.2873249060471472,
      "rev_growth_yoy": 0.09093953244314337,
      "rev_growth_yoy_accel": 0.036141555439790155,
      "fcf_margin_change": 0.20194009008433547
    },
    {
      "date": "2024-06-30T00:00:00",
      "quarter_label": "2024-06 (Q2)",
      "revenue": 373479000,
      "gross_profit": 170241000,
      "operating_income": 53701000,
      "net_income": 30887000,
      "opex": 319778000,
      "cogs": 203238000,
      "rd": null,
      "sga": null,
      "fcf": 53271000,
      "ocf": 55017000,
      "capex": -1746000,
      "gross_margin": 0.45582482549219633,
      "op_margin": 0.14378586212343933,
      "fcf_margin": 0.14263452563597953,
      "incr_op_margin_yoy": 0.8609682178889022,
      "rev_growth_yoy": 0.15511946184180003,
      "rev_growth_yoy_accel": 0.06417992939865666,
      "op_leverage_ratio": 4.183629227353921,
      "fcf_margin_change": -0.23719390240157515
    },
    {
      "date": "2024-09-30T00:00:00",
      "quarter_label": "2024-09 (Q3)",
      "revenue": 451752000,
      "gross_profit": 254401000,
      "operating_income": 122586000,
      "net_income": 81427000,
      "opex": 329166000,
      "cogs": 197351000,
      "rd": null,
      "sga": null,
      "fcf": 50499000,
      "ocf": 54008000,
      "capex": -3509000,
      "gross_margin": 0.5631430519400025,
      "op_margin": 0.27135685066142484,
      "fcf_margin": 0.11178478457206609,
      "incr_op_margin_yoy": 0.6836156282046948,
      "rev_growth_yoy": 0.24444444444444444,
      "rev_growth_yoy_accel": 0.0893249826026444,
      "op_leverage_ratio": 7.1387355362177285,
      "fcf_margin_change": -0.030849741063913444
    },
    {
      "date": "2024-12-31T00:00:00",
      "quarter_label": "2024-12 (Q4)",
      "revenue": 453038000,
      "gross_profit": 252951000,
      "operating_income": 122288000,
      "net_income": 98555000,
      "opex": 330750000,
      "cogs": 200087000,
      "rd": null,
      "sga": null,
      "fcf": 119543000,
      "ocf": 126482000,
      "capex": -6939000,
      "gross_margin": 0.5583438916823754,
      "op_margin": 0.2699287918452757,
      "fcf_margin": 0.2638696974646718,
      "incr_op_margin_yoy": 2.126588735387885,
      "rev_growth_yoy": -0.04936388263461494,
      "rev_growth_yoy_accel": -0.29380832707905935,
      "fcf_margin_change": 0.15208491289260573
    },
    {
      "date": "2025-03-31T00:00:00",
      "quarter_label": "2025-03 (Q1)",
      "revenue": 394565000,
      "gross_profit": 181187000,
      "operating_income": 58516000,
      "net_income": 58870000,
      "opex": 336049000,
      "cogs": 213378000,
      "rd": null,
      "sga": null,
      "fcf": 76051000,
      "ocf": 78221000,
      "capex": -2170000,
      "gross_margin": 0.4592069747696831,
      "op_margin": 0.1483050954849011,
      "fcf_margin": 0.19274644228454121,
      "incr_op_margin_yoy": 0.6232780790874137,
      "rev_growth_yoy": 0.24854834677661786,
      "rev_growth_yoy_accel": 0.2979122294112328,
      "fcf_margin_change": -0.0711232551801306
    },
    {
      "date": "2025-06-30T00:00:00",
      "quarter_label": "2025-06 (Q2)",
      "revenue": 401258000,
      "gross_profit": 166458000,
      "operating_income": 34858000,
      "net_income": 12202000,
      "opex": 366400000,
      "cogs": 234800000,
      "rd": null,
      "sga": null,
      "fcf": 47641000,
      "ocf": 49797000,
      "capex": -2156000,
      "gross_margin": 0.4148403271710471,
      "op_margin": 0.08687178822602915,
      "fcf_margin": 0.11872909698996656,
      "incr_op_margin_yoy": -0.678318154001224,
      "rev_growth_yoy": 0.07437901461661833,
      "rev_growth_yoy_accel": -0.17416933215999952,
      "op_leverage_ratio": 0.18781568962866324,
      "fcf_margin_change": -0.07401734529457465
    },
    {
      "date": "2025-09-30T00:00:00",
      "quarter_label": "2025-09 (Q3)",
      "revenue": 482359000,
      "gross_profit": 259221000,
      "operating_income": 127706000,
      "net_income": 91250000,
      "opex": 354653000,
      "cogs": 223138000,
      "rd": null,
      "sga": null,
      "fcf": 69634000,
      "ocf": 73038000,
      "capex": -3404000,
      "gross_margin": 0.5374026399424495,
      "op_margin": 0.2647530159072392,
      "fcf_margin": 0.14436135741221787,
      "incr_op_margin_yoy": 0.16728199431502597,
      "rev_growth_yoy": 0.06775177531034728,
      "rev_growth_yoy_accel": -0.006627239306271057,
      "op_leverage_ratio": Infinity,
      "fcf_margin_change": 0.025632260422251307
    }
  ],
  "signals": [
    {
      "quarter": "2025-09 (Q3)",
      "signal": "GROSS MARGIN INFLECTION",
      "detail": "GM: +45.9% -> +41.5% -> +53.7% (reversal +12.3%)",
      "severity": "HIGH"
    },
    {
      "quarter": "2025-06 (Q2)",
      "signal": "YoY REVENUE GROWTH DECELERATION",
      "detail": "YoY growth: +7.4% vs prior quarter YoY: +24.9% (decel: -17.4%)",
      "severity": "WARNING"
    },
    {
      "quarter": "2025-03 (Q1)",
      "signal": "YoY REVENUE GROWTH ACCELERATION",
      "detail": "YoY growth: +24.9% vs prior quarter YoY: -4.9% (accel: +29.8%)",
      "severity": "HIGH"
    },
    {
      "quarter": "2025-03 (Q1)",
      "signal": "INCREMENTAL MARGIN (YoY)",
      "detail": "YoY Incr OPM: +62.3% vs year-ago OPM: +3.0%",
      "severity": "HIGH"
    },
    {
      "quarter": "2024-12 (Q4)",
      "signal": "FCF MARGIN EXPANSION",
      "detail": "FCF margin: +11.2% -> +26.4% (+15.2%)",
      "severity": "MEDIUM"
    },
    {
      "quarter": "2024-12 (Q4)",
      "signal": "YoY REVENUE GROWTH DECELERATION",
      "detail": "YoY growth: -4.9% vs prior quarter YoY: +24.4% (decel: -29.4%)",
      "severity": "WARNING"
    },
    {
      "quarter": "2024-12 (Q4)",
      "signal": "INCREMENTAL MARGIN (YoY)",
      "detail": "YoY Incr OPM: +212.7% vs year-ago OPM: +36.2%",
      "severity": "HIGH"
    },
    {
      "quarter": "2024-09 (Q3)",
      "signal": "OPERATING LEVERAGE",
      "detail": "Rev growth +21.0% vs OpEx growth +2.9% (leverage: 7.1x)",
      "severity": "MEDIUM"
    },
    {
      "quarter": "2024-09 (Q3)",
      "signal": "YoY REVENUE GROWTH ACCELERATION",
      "detail": "YoY growth: +24.4% vs prior quarter YoY: +15.5% (accel: +8.9%)",
      "severity": "MEDIUM"
    },
    {
      "quarter": "2024-09 (Q3)",
      "signal": "INCREMENTAL MARGIN (YoY)",
      "detail": "YoY Incr OPM: +68.4% vs year-ago OPM: +17.1%",
      "severity": "HIGH"
    },
    {
      "quarter": "2024-06 (Q2)",
      "signal": "OPERATING LEVERAGE",
      "detail": "Rev growth +18.2% vs OpEx growth +4.3% (leverage: 4.2x)",
      "severity": "MEDIUM"
    },
    {
      "quarter": "2024-06 (Q2)",
      "signal": "GROSS MARGIN INFLECTION",
      "detail": "GM: +61.9% -> +39.5% -> +45.6% (reversal +6.1%)",
      "severity": "HIGH"
    },
    {
      "quarter": "2024-06 (Q2)",
      "signal": "YoY REVENUE GROWTH ACCELERATION",
      "detail": "YoY growth: +15.5% vs prior quarter YoY: +9.1% (accel: +6.4%)",
      "severity": "MEDIUM"
    },
    {
      "quarter": "2024-06 (Q2)",
      "signal": "INCREMENTAL MARGIN (YoY)",
      "detail": "YoY Incr OPM: +86.1% vs year-ago OPM: +3.3%",
      "severity": "HIGH"
    },
    {
      "quarter": "2024-03 (Q1)",
      "signal": "FCF MARGIN EXPANSION",
      "detail": "FCF margin: +17.8% -> +38.0% (+20.2%)",
      "severity": "MEDIUM"
    },
    {
      "quarter": "2024-03 (Q1)",
      "signal": "OP MARGIN TURNED POSITIVE (YoY)",
      "detail": "Op margin: -8.4% (year-ago) -> +3.0%",
      "severity": "HIGH"
    },
    {
      "quarter": "2023-12 (Q4)",
      "signal": "FCF MARGIN EXPANSION",
      "detail": "FCF margin: +6.0% -> +17.8% (+11.8%)",
      "severity": "MEDIUM"
    },
    {
      "quarter": "2023-12 (Q4)",
      "signal": "OPERATING LEVERAGE",
      "detail": "Rev growth +31.3% vs OpEx growth +1.0% (leverage: 29.8x)",
      "severity": "MEDIUM"
    },
    {
      "quarter": "2023-12 (Q4)",
      "signal": "YoY REVENUE GROWTH DECELERATION",
      "detail": "YoY growth: +5.5% vs prior quarter YoY: +18.4% (decel: -12.9%)",
      "severity": "WARNING"
    },
    {
      "quarter": "2023-12 (Q4)",
      "signal": "INCREMENTAL MARGIN (YoY)",
      "detail": "YoY Incr OPM: +97.3% vs year-ago OPM: +32.8%",
      "severity": "HIGH"
    },
    {
      "quarter": "2023-09 (Q3)",
      "signal": "YoY REVENUE GROWTH ACCELERATION",
      "detail": "YoY growth: +18.4% vs prior quarter YoY: -5.0% (accel: +23.4%)",
      "severity": "HIGH"
    },
    {
      "quarter": "2023-09 (Q3)",
      "signal": "INCREMENTAL MARGIN (YoY)",
      "detail": "YoY Incr OPM: +103.6% vs year-ago OPM: +1.1%",
      "severity": "HIGH"
    },
    {
      "quarter": "2023-06 (Q2)",
      "signal": "GROSS MARGIN INFLECTION",
      "detail": "GM: +60.4% -> +38.4% -> +43.9% (reversal +5.6%)",
      "severity": "HIGH"
    },
    {
      "quarter": "2023-06 (Q2)",
      "signal": "YoY REVENUE GROWTH ACCELERATION",
      "detail": "YoY growth: -5.0% vs prior quarter YoY: -10.3% (accel: +5.3%)",
      "severity": "MEDIUM"
    },
    {
      "quarter": "2023-06 (Q2)",
      "signal": "INCREMENTAL MARGIN (YoY)",
      "detail": "YoY Incr OPM: +81.5% vs year-ago OPM: +7.2%",
      "severity": "HIGH"
    },
    {
      "quarter": "2023-06 (Q2)",
      "signal": "OP MARGIN TURNED POSITIVE (QoQ)",
      "detail": "Op margin: -8.4% -> +3.3%",
      "severity": "HIGH"
    },
    {
      "quarter": "2023-03 (Q1)",
      "signal": "YoY REVENUE GROWTH DECELERATION",
      "detail": "YoY growth: -10.3% vs prior quarter YoY: -3.2% (decel: -7.1%)",
      "severity": "WARNING"
    },
    {
      "quarter": "2022-12 (Q4)",
      "signal": "OPERATING LEVERAGE",
      "detail": "Rev growth +47.4% vs OpEx growth +0.2% (leverage: 299.1x)",
      "severity": "MEDIUM"
    },
    {
      "quarter": "2022-12 (Q4)",
      "signal": "GROSS MARGIN INFLECTION",
      "detail": "GM: +47.3% -> +44.0% -> +60.4% (reversal +16.5%)",
      "severity": "HIGH"
    },
    {
      "quarter": "2022-12 (Q4)",
      "signal": "INCREMENTAL MARGIN (YoY)",
      "detail": "YoY Incr OPM: +97.1% vs year-ago OPM: +34.9%",
      "severity": "HIGH"
    },
    {
      "quarter": "2022-09 (Q3)",
      "signal": "YoY REVENUE GROWTH DECELERATION",
      "detail": "YoY growth: -3.3% vs prior quarter YoY: +12.8% (decel: -16.1%)",
      "severity": "WARNING"
    },
    {
      "quarter": "2022-09 (Q3)",
      "signal": "INCREMENTAL MARGIN (YoY)",
      "detail": "YoY Incr OPM: +237.2% vs year-ago OPM: +8.8%",
      "severity": "HIGH"
    },
    {
      "quarter": "2022-06 (Q2)",
      "signal": "INCREMENTAL MARGIN (YoY)",
      "detail": "YoY Incr OPM: +23.3% vs year-ago OPM: +5.1%",
      "severity": "MEDIUM"
    },
    {
      "quarter": "2022-03 (Q1)",
      "signal": "YoY REVENUE GROWTH DECELERATION",
      "detail": "YoY growth: +13.3% vs prior quarter YoY: +20.6% (decel: -7.3%)",
      "severity": "WARNING"
    },
    {
      "quarter": "2022-03 (Q1)",
      "signal": "INCREMENTAL MARGIN (YoY)",
      "detail": "YoY Incr OPM: +63.3% vs year-ago OPM: +1.3%",
      "severity": "HIGH"
    },
    {
      "quarter": "2021-12 (Q4)",
      "signal": "OPERATING LEVERAGE",
      "detail": "Rev growth +47.3% vs OpEx growth +5.2% (leverage: 9.1x)",
      "severity": "MEDIUM"
    },
    {
      "quarter": "2021-12 (Q4)",
      "signal": "INCREMENTAL MARGIN (YoY)",
      "detail": "YoY Incr OPM: +84.1% vs year-ago OPM: +24.7%",
      "severity": "HIGH"
    },
    {
      "quarter": "2021-09 (Q3)",
      "signal": "OPERATING LEVERAGE",
      "detail": "Rev growth +5.1% vs OpEx growth +0.9% (leverage: 5.4x)",
      "severity": "MEDIUM"
    },
    {
      "quarter": "2021-06 (Q2)",
      "signal": "OPERATING LEVERAGE",
      "detail": "Rev growth +5.8% vs OpEx growth +1.7% (leverage: 3.4x)",
      "severity": "MEDIUM"
    },
    {
      "quarter": "2021-06 (Q2)",
      "signal": "GROSS MARGIN INFLECTION",
      "detail": "GM: +61.1% -> +44.1% -> +47.4% (reversal +3.3%)",
      "severity": "MEDIUM"
    }
  ],
  "data_quality": {
    "n_quarters": 20,
    "coverage": {
      "revenue": [
        20,
        20
      ],
      "gross_profit": [
        20,
        20
      ],
      "op_income": [
        20,
        20
      ],
      "fcf": [
        20,
        20
      ]
    },
    "gaps": [],
    "warnings": []
  },
  "market_cap": null,
  "source": "SEC EDGAR",
  "last_updated": "2026-02-02T21:08:16.683863"
}