{
  "ticker": "ACLS",
  "name": "Axcelis Technologies, Inc.",
  "quarters": [
    {
      "date": "2020-12-31T00:00:00",
      "quarter_label": "2020-12 (Q4)",
      "revenue": 122199000,
      "gross_profit": 52975000,
      "operating_income": 14075000,
      "net_income": null,
      "opex": 38900000,
      "cogs": 69224000,
      "rd": 16320000,
      "sga": null,
      "fcf": -7831000,
      "ocf": -5964000,
      "capex": -1867000,
      "gross_margin": 0.43351418587713486,
      "op_margin": 0.11518097529439685,
      "fcf_margin": -0.06408399414070491
    },
    {
      "date": "2021-03-31T00:00:00",
      "quarter_label": "2021-03 (Q1)",
      "revenue": 132776000,
      "gross_profit": 56435000,
      "operating_income": 20350000,
      "net_income": null,
      "opex": 36085000,
      "cogs": 76341000,
      "rd": 15685000,
      "sga": null,
      "fcf": 13751000,
      "ocf": 15098000,
      "capex": -1347000,
      "gross_margin": 0.4250391637042839,
      "op_margin": 0.15326565041875037,
      "fcf_margin": 0.10356540338615412,
      "op_leverage_ratio": Infinity,
      "fcf_margin_change": 0.16764939752685903
    },
    {
      "date": "2021-06-30T00:00:00",
      "quarter_label": "2021-06 (Q2)",
      "revenue": 147274000,
      "gross_profit": 64014000,
      "operating_income": 23997000,
      "net_income": null,
      "opex": 40017000,
      "cogs": 83260000,
      "rd": 16623000,
      "sga": null,
      "fcf": 29778000,
      "ocf": 30823000,
      "capex": -1045000,
      "gross_margin": 0.43465920664883145,
      "op_margin": 0.16294118445889974,
      "fcf_margin": 0.20219454893599684,
      "op_leverage_ratio": 1.0020784322516951,
      "fcf_margin_change": 0.09862914554984271
    },
    {
      "date": "2021-09-30T00:00:00",
      "quarter_label": "2021-09 (Q3)",
      "revenue": 176694000,
      "gross_profit": 76512000,
      "operating_income": 36394000,
      "net_income": null,
      "opex": 40118000,
      "cogs": 100182000,
      "rd": 16707000,
      "sga": null,
      "fcf": 62851000,
      "ocf": 66160000,
      "capex": -3309000,
      "gross_margin": 0.43301979693707765,
      "op_margin": 0.20597190623337522,
      "fcf_margin": 0.3557053437015405,
      "op_leverage_ratio": 79.14796250324544,
      "fcf_margin_change": 0.15351079476554366
    },
    {
      "date": "2021-12-31T00:00:00",
      "quarter_label": "2021-12 (Q4)",
      "revenue": 205684000,
      "gross_profit": 89484000,
      "operating_income": 46584000,
      "net_income": null,
      "opex": 42900000,
      "cogs": 116200000,
      "rd": 16416000,
      "sga": null,
      "fcf": 35092000,
      "ocf": 38109000,
      "capex": -3017000,
      "gross_margin": 0.4350557165360456,
      "op_margin": 0.2264833433811089,
      "fcf_margin": 0.1706112288753622,
      "incr_op_margin_yoy": 0.3893992932862191,
      "rev_growth_yoy": 0.6831888967994828,
      "op_leverage_ratio": 2.365966337706806,
      "fcf_margin_change": -0.1850941148261783
    },
    {
      "date": "2022-03-31T00:00:00",
      "quarter_label": "2022-03 (Q1)",
      "revenue": 203595000,
      "gross_profit": 89766000,
      "operating_income": 48923000,
      "net_income": null,
      "opex": 40843000,
      "cogs": 113829000,
      "rd": 16973000,
      "sga": null,
      "fcf": 24267000,
      "ocf": 25770000,
      "capex": -1503000,
      "gross_margin": 0.440904737346202,
      "op_margin": 0.24029568506102802,
      "fcf_margin": 0.11919251455094673,
      "incr_op_margin_yoy": 0.4034651717759358,
      "rev_growth_yoy": 0.5333719949388444,
      "rev_growth_yoy_accel": -0.14981690186063845,
      "fcf_margin_change": -0.05141871432441547
    },
    {
      "date": "2022-06-30T00:00:00",
      "quarter_label": "2022-06 (Q2)",
      "revenue": 221177000,
      "gross_profit": 99181000,
      "operating_income": 54145000,
      "net_income": null,
      "opex": 45036000,
      "cogs": 121996000,
      "rd": 18731000,
      "sga": null,
      "fcf": 1599000,
      "ocf": 3452000,
      "capex": -1853000,
      "gross_margin": 0.44842366068804623,
      "op_margin": 0.2448039353097293,
      "fcf_margin": 0.007229503971931982,
      "incr_op_margin_yoy": 0.4079401377481293,
      "rev_growth_yoy": 0.50180615723074,
      "rev_growth_yoy_accel": -0.031565837708104394,
      "op_leverage_ratio": 0.8411896869253349,
      "fcf_margin_change": -0.11196301057901475
    },
    {
      "date": "2022-09-30T00:00:00",
      "quarter_label": "2022-09 (Q3)",
      "revenue": 229175000,
      "gross_profit": 103321000,
      "operating_income": 53202000,
      "net_income": null,
      "opex": 50119000,
      "cogs": 125854000,
      "rd": 20563000,
      "sga": null,
      "fcf": 60481000,
      "ocf": 64001000,
      "capex": -3520000,
      "gross_margin": 0.4508388785862332,
      "op_margin": 0.23214574015490347,
      "fcf_margin": 0.26390749427293553,
      "incr_op_margin_yoy": 0.3202682875707399,
      "rev_growth_yoy": 0.29701631068400736,
      "rev_growth_yoy_accel": -0.2047898465467326,
      "op_leverage_ratio": 0.3203916119566749,
      "fcf_margin_change": 0.2566779903010035
    },
    {
      "date": "2022-12-31T00:00:00",
      "quarter_label": "2022-12 (Q4)",
      "revenue": 266051000,
      "gross_profit": 109521000,
      "operating_income": 56089000,
      "net_income": null,
      "opex": 53432000,
      "cogs": 156530000,
      "rd": 22089000,
      "sga": null,
      "fcf": 118577000,
      "ocf": 122384000,
      "capex": -3807000,
      "gross_margin": 0.41165415653389764,
      "op_margin": 0.21082048178732649,
      "fcf_margin": 0.44569274312067986,
      "incr_op_margin_yoy": 0.15745357562906886,
      "rev_growth_yoy": 0.2934939032690924,
      "rev_growth_yoy_accel": -0.003522407414914941,
      "op_leverage_ratio": 2.434207115241086,
      "fcf_margin_change": 0.18178524884774433
    },
    {
      "date": "2023-03-31T00:00:00",
      "quarter_label": "2023-03 (Q1)",
      "revenue": 254020000,
      "gross_profit": 104019000,
      "operating_income": 51357000,
      "net_income": null,
      "opex": 52662000,
      "cogs": 150001000,
      "rd": 23773000,
      "sga": null,
      "fcf": 32319000,
      "ocf": 34559000,
      "capex": -2240000,
      "gross_margin": 0.4094913786316038,
      "op_margin": 0.20217699393748523,
      "fcf_margin": 0.12723013935910557,
      "incr_op_margin_yoy": 0.04826970748636589,
      "rev_growth_yoy": 0.24767307645079692,
      "rev_growth_yoy_accel": -0.045820826818295496,
      "fcf_margin_change": -0.3184626037615743
    },
    {
      "date": "2023-06-30T00:00:00",
      "quarter_label": "2023-06 (Q2)",
      "revenue": 273970000,
      "gross_profit": 119703000,
      "operating_income": 63708000,
      "net_income": null,
      "opex": 55995000,
      "cogs": 154267000,
      "rd": 24130000,
      "sga": null,
      "fcf": 29753000,
      "ocf": 32715000,
      "capex": -2962000,
      "gross_margin": 0.43692010074095705,
      "op_margin": 0.2325364090958864,
      "fcf_margin": 0.1085994816950761,
      "incr_op_margin_yoy": 0.18114143920595532,
      "rev_growth_yoy": 0.23869118398386813,
      "rev_growth_yoy_accel": -0.008981892466928793,
      "op_leverage_ratio": 1.240900682462546,
      "fcf_margin_change": -0.018630657664029465
    },
    {
      "date": "2023-09-30T00:00:00",
      "quarter_label": "2023-09 (Q3)",
      "revenue": 292326000,
      "gross_profit": 129684000,
      "operating_income": 71680000,
      "net_income": null,
      "opex": 58004000,
      "cogs": 162642000,
      "rd": 24093000,
      "sga": null,
      "fcf": 18719000,
      "ocf": 24020000,
      "capex": -5301000,
      "gross_margin": 0.4436280043513064,
      "op_margin": 0.24520569501173348,
      "fcf_margin": 0.06403467361781025,
      "incr_op_margin_yoy": 0.2926002755300787,
      "rev_growth_yoy": 0.27555797970982876,
      "rev_growth_yoy_accel": 0.03686679572596063,
      "op_leverage_ratio": 1.8674300865290772,
      "fcf_margin_change": -0.04456480807726586
    },
    {
      "date": "2023-12-31T00:00:00",
      "quarter_label": "2023-12 (Q4)",
      "revenue": 310288000,
      "gross_profit": 137896000,
      "operating_income": 79051000,
      "net_income": null,
      "opex": 58845000,
      "cogs": 172392000,
      "rd": 24911000,
      "sga": null,
      "fcf": 55422000,
      "ocf": 65575000,
      "capex": -10153000,
      "gross_margin": 0.44441293250141806,
      "op_margin": 0.2547665394730057,
      "fcf_margin": 0.17861470633733822,
      "incr_op_margin_yoy": 0.5190677487171372,
      "rev_growth_yoy": 0.16627263193898914,
      "rev_growth_yoy_accel": -0.10928534777083962,
      "op_leverage_ratio": 4.237885279854232,
      "fcf_margin_change": 0.11458003271952798
    },
    {
      "date": "2024-03-31T00:00:00",
      "quarter_label": "2024-03 (Q1)",
      "revenue": 252372000,
      "gross_profit": 116051000,
      "operating_income": 56539000,
      "net_income": 51595000,
      "opex": 59512000,
      "cogs": 136321000,
      "rd": 25662000,
      "sga": null,
      "fcf": 40603000,
      "ocf": 42223000,
      "capex": -1620000,
      "gross_margin": 0.45984102832326884,
      "op_margin": 0.22403039956889037,
      "fcf_margin": 0.1608855182032872,
      "incr_op_margin_yoy": -3.1444174757281553,
      "rev_growth_yoy": -0.006487678135579876,
      "rev_growth_yoy_accel": -0.17276031007456902,
      "fcf_margin_change": -0.017729188134051027
    },
    {
      "date": "2024-06-30T00:00:00",
      "quarter_label": "2024-06 (Q2)",
      "revenue": 256512000,
      "gross_profit": 112409000,
      "operating_income": 52810000,
      "net_income": 50866000,
      "opex": 59599000,
      "cogs": 144103000,
      "rd": 25786000,
      "sga": null,
      "fcf": 38063000,
      "ocf": 40067000,
      "capex": -2004000,
      "gross_margin": 0.4382212138223553,
      "op_margin": 0.20587730788423153,
      "fcf_margin": 0.14838682010978044,
      "incr_op_margin_yoy": 0.6242410356283652,
      "rev_growth_yoy": -0.06372230536190093,
      "rev_growth_yoy_accel": -0.057234627226321055,
      "op_leverage_ratio": 11.221333368311802,
      "fcf_margin_change": -0.01249869809350676
    },
    {
      "date": "2024-09-30T00:00:00",
      "quarter_label": "2024-09 (Q3)",
      "revenue": 256564000,
      "gross_profit": 109970000,
      "operating_income": 46913000,
      "net_income": 48576000,
      "opex": 63057000,
      "cogs": 146594000,
      "rd": 26395000,
      "sga": null,
      "fcf": 41849000,
      "ocf": 45748000,
      "capex": -3899000,
      "gross_margin": 0.42862599585288663,
      "op_margin": 0.18285106250292324,
      "fcf_margin": 0.16311329726695872,
      "incr_op_margin_yoy": 0.6925507521950673,
      "rev_growth_yoy": -0.12233602211229928,
      "rev_growth_yoy_accel": -0.05861371675039835,
      "fcf_margin_change": 0.014726477157178286
    },
    {
      "date": "2024-12-31T00:00:00",
      "quarter_label": "2024-12 (Q4)",
      "revenue": 252417000,
      "gross_profit": 116223000,
      "operating_income": 54531000,
      "net_income": null,
      "opex": 61692000,
      "cogs": 136194000,
      "rd": 27654000,
      "sga": null,
      "fcf": 8122000,
      "ocf": 12780000,
      "capex": -4658000,
      "gross_margin": 0.460440461617086,
      "op_margin": 0.2160353700424298,
      "fcf_margin": 0.03217691359932176,
      "incr_op_margin_yoy": 0.4237009901332274,
      "rev_growth_yoy": -0.18650737379466817,
      "rev_growth_yoy_accel": -0.06417135168236889,
      "fcf_margin_change": -0.13093638366763696
    },
    {
      "date": "2025-03-31T00:00:00",
      "quarter_label": "2025-03 (Q1)",
      "revenue": 192563000,
      "gross_profit": 88768000,
      "operating_income": 29159000,
      "net_income": 28579000,
      "opex": 59609000,
      "cogs": 103795000,
      "rd": 27128000,
      "sga": null,
      "fcf": 34835000,
      "ocf": 39795000,
      "capex": -4960000,
      "gross_margin": 0.46098160082674244,
      "op_margin": 0.15142576715152964,
      "fcf_margin": 0.1809018347242201,
      "incr_op_margin_yoy": 0.4577906335166948,
      "rev_growth_yoy": -0.23698746295151601,
      "rev_growth_yoy_accel": -0.050480089156847846,
      "fcf_margin_change": 0.14872492112489835
    },
    {
      "date": "2025-06-30T00:00:00",
      "quarter_label": "2025-06 (Q2)",
      "revenue": 194544000,
      "gross_profit": 87343000,
      "operating_income": 28965000,
      "net_income": 31376000,
      "opex": 58378000,
      "cogs": 107201000,
      "rd": 27064000,
      "sga": null,
      "fcf": 37742000,
      "ocf": 39727000,
      "capex": -1985000,
      "gross_margin": 0.4489627025248787,
      "op_margin": 0.148886627189736,
      "fcf_margin": 0.19400238506456122,
      "incr_op_margin_yoy": 0.38479537825974697,
      "rev_growth_yoy": -0.24157934131736528,
      "rev_growth_yoy_accel": -0.004591878365849261,
      "op_leverage_ratio": Infinity,
      "fcf_margin_change": 0.013100550340341105
    },
    {
      "date": "2025-09-30T00:00:00",
      "quarter_label": "2025-09 (Q3)",
      "revenue": 213611000,
      "gross_profit": 88806000,
      "operating_income": 25020000,
      "net_income": 25986000,
      "opex": 63786000,
      "cogs": 124805000,
      "rd": 24640000,
      "sga": null,
      "fcf": 43335000,
      "ocf": 45350000,
      "capex": -2015000,
      "gross_margin": 0.41573701728843554,
      "op_margin": 0.11712879954683982,
      "fcf_margin": 0.20286876612159485,
      "incr_op_margin_yoy": 0.5096966451703024,
      "rev_growth_yoy": -0.16741631717622113,
      "rev_growth_yoy_accel": 0.07416302414114415,
      "op_leverage_ratio": 1.057979017828248,
      "fcf_margin_change": 0.008866381057033634
    }
  ],
  "signals": [
    {
      "quarter": "2025-09 (Q3)",
      "signal": "YoY REVENUE GROWTH ACCELERATION",
      "detail": "YoY growth: -16.7% vs prior quarter YoY: -24.2% (accel: +7.4%)",
      "severity": "MEDIUM"
    },
    {
      "quarter": "2025-09 (Q3)",
      "signal": "INCREMENTAL MARGIN (YoY)",
      "detail": "YoY Incr OPM: +51.0% vs year-ago OPM: +18.3%",
      "severity": "HIGH"
    },
    {
      "quarter": "2025-06 (Q2)",
      "signal": "INCREMENTAL MARGIN (YoY)",
      "detail": "YoY Incr OPM: +38.5% vs year-ago OPM: +20.6%",
      "severity": "MEDIUM"
    },
    {
      "quarter": "2025-03 (Q1)",
      "signal": "FCF MARGIN EXPANSION",
      "detail": "FCF margin: +3.2% -> +18.1% (+14.9%)",
      "severity": "MEDIUM"
    },
    {
      "quarter": "2025-03 (Q1)",
      "signal": "YoY REVENUE GROWTH DECELERATION",
      "detail": "YoY growth: -23.7% vs prior quarter YoY: -18.7% (decel: -5.0%)",
      "severity": "WARNING"
    },
    {
      "quarter": "2025-03 (Q1)",
      "signal": "INCREMENTAL MARGIN (YoY)",
      "detail": "YoY Incr OPM: +45.8% vs year-ago OPM: +22.4%",
      "severity": "HIGH"
    },
    {
      "quarter": "2024-12 (Q4)",
      "signal": "GROSS MARGIN INFLECTION",
      "detail": "GM: +43.8% -> +42.9% -> +46.0% (reversal +3.2%)",
      "severity": "MEDIUM"
    },
    {
      "quarter": "2024-12 (Q4)",
      "signal": "YoY REVENUE GROWTH DECELERATION",
      "detail": "YoY growth: -18.7% vs prior quarter YoY: -12.2% (decel: -6.4%)",
      "severity": "WARNING"
    },
    {
      "quarter": "2024-12 (Q4)",
      "signal": "INCREMENTAL MARGIN (YoY)",
      "detail": "YoY Incr OPM: +42.4% vs year-ago OPM: +25.5%",
      "severity": "MEDIUM"
    },
    {
      "quarter": "2024-09 (Q3)",
      "signal": "YoY REVENUE GROWTH DECELERATION",
      "detail": "YoY growth: -12.2% vs prior quarter YoY: -6.4% (decel: -5.9%)",
      "severity": "WARNING"
    },
    {
      "quarter": "2024-09 (Q3)",
      "signal": "INCREMENTAL MARGIN (YoY)",
      "detail": "YoY Incr OPM: +69.3% vs year-ago OPM: +24.5%",
      "severity": "HIGH"
    },
    {
      "quarter": "2024-06 (Q2)",
      "signal": "OPERATING LEVERAGE",
      "detail": "Rev growth +1.6% vs OpEx growth +0.1% (leverage: 11.2x)",
      "severity": "MEDIUM"
    },
    {
      "quarter": "2024-06 (Q2)",
      "signal": "YoY REVENUE GROWTH DECELERATION",
      "detail": "YoY growth: -6.4% vs prior quarter YoY: -0.6% (decel: -5.7%)",
      "severity": "WARNING"
    },
    {
      "quarter": "2024-06 (Q2)",
      "signal": "INCREMENTAL MARGIN (YoY)",
      "detail": "YoY Incr OPM: +62.4% vs year-ago OPM: +23.3%",
      "severity": "HIGH"
    },
    {
      "quarter": "2024-03 (Q1)",
      "signal": "YoY REVENUE GROWTH DECELERATION",
      "detail": "YoY growth: -0.6% vs prior quarter YoY: +16.6% (decel: -17.3%)",
      "severity": "WARNING"
    },
    {
      "quarter": "2023-12 (Q4)",
      "signal": "FCF MARGIN EXPANSION",
      "detail": "FCF margin: +6.4% -> +17.9% (+11.5%)",
      "severity": "MEDIUM"
    },
    {
      "quarter": "2023-12 (Q4)",
      "signal": "OPERATING LEVERAGE",
      "detail": "Rev growth +6.1% vs OpEx growth +1.4% (leverage: 4.2x)",
      "severity": "MEDIUM"
    },
    {
      "quarter": "2023-12 (Q4)",
      "signal": "YoY REVENUE GROWTH DECELERATION",
      "detail": "YoY growth: +16.6% vs prior quarter YoY: +27.6% (decel: -10.9%)",
      "severity": "WARNING"
    },
    {
      "quarter": "2023-12 (Q4)",
      "signal": "INCREMENTAL MARGIN (YoY)",
      "detail": "YoY Incr OPM: +51.9% vs year-ago OPM: +21.1%",
      "severity": "HIGH"
    },
    {
      "quarter": "2023-09 (Q3)",
      "signal": "OPERATING LEVERAGE",
      "detail": "Rev growth +6.7% vs OpEx growth +3.6% (leverage: 1.9x)",
      "severity": "MEDIUM"
    },
    {
      "quarter": "2023-06 (Q2)",
      "signal": "GROSS MARGIN INFLECTION",
      "detail": "GM: +41.2% -> +40.9% -> +43.7% (reversal +2.7%)",
      "severity": "MEDIUM"
    },
    {
      "quarter": "2022-12 (Q4)",
      "signal": "FCF MARGIN EXPANSION",
      "detail": "FCF margin: +26.4% -> +44.6% (+18.2%)",
      "severity": "MEDIUM"
    },
    {
      "quarter": "2022-12 (Q4)",
      "signal": "OPERATING LEVERAGE",
      "detail": "Rev growth +16.1% vs OpEx growth +6.6% (leverage: 2.4x)",
      "severity": "MEDIUM"
    },
    {
      "quarter": "2022-09 (Q3)",
      "signal": "FCF MARGIN EXPANSION",
      "detail": "FCF margin: +0.7% -> +26.4% (+25.7%)",
      "severity": "MEDIUM"
    },
    {
      "quarter": "2022-09 (Q3)",
      "signal": "YoY REVENUE GROWTH DECELERATION",
      "detail": "YoY growth: +29.7% vs prior quarter YoY: +50.2% (decel: -20.5%)",
      "severity": "WARNING"
    },
    {
      "quarter": "2022-09 (Q3)",
      "signal": "INCREMENTAL MARGIN (YoY)",
      "detail": "YoY Incr OPM: +32.0% vs year-ago OPM: +20.6%",
      "severity": "MEDIUM"
    },
    {
      "quarter": "2022-06 (Q2)",
      "signal": "INCREMENTAL MARGIN (YoY)",
      "detail": "YoY Incr OPM: +40.8% vs year-ago OPM: +16.3%",
      "severity": "HIGH"
    },
    {
      "quarter": "2022-03 (Q1)",
      "signal": "YoY REVENUE GROWTH DECELERATION",
      "detail": "YoY growth: +53.3% vs prior quarter YoY: +68.3% (decel: -15.0%)",
      "severity": "WARNING"
    },
    {
      "quarter": "2022-03 (Q1)",
      "signal": "INCREMENTAL MARGIN (YoY)",
      "detail": "YoY Incr OPM: +40.3% vs year-ago OPM: +15.3%",
      "severity": "HIGH"
    },
    {
      "quarter": "2021-12 (Q4)",
      "signal": "OPERATING LEVERAGE",
      "detail": "Rev growth +16.4% vs OpEx growth +6.9% (leverage: 2.4x)",
      "severity": "MEDIUM"
    },
    {
      "quarter": "2021-12 (Q4)",
      "signal": "INCREMENTAL MARGIN (YoY)",
      "detail": "YoY Incr OPM: +38.9% vs year-ago OPM: +11.5%",
      "severity": "HIGH"
    },
    {
      "quarter": "2021-09 (Q3)",
      "signal": "FCF MARGIN EXPANSION",
      "detail": "FCF margin: +20.2% -> +35.6% (+15.4%)",
      "severity": "MEDIUM"
    },
    {
      "quarter": "2021-09 (Q3)",
      "signal": "OPERATING LEVERAGE",
      "detail": "Rev growth +20.0% vs OpEx growth +0.3% (leverage: 79.1x)",
      "severity": "MEDIUM"
    },
    {
      "quarter": "2021-06 (Q2)",
      "signal": "FCF MARGIN EXPANSION",
      "detail": "FCF margin: +10.4% -> +20.2% (+9.9%)",
      "severity": "MEDIUM"
    },
    {
      "quarter": "2021-03 (Q1)",
      "signal": "FCF TURNED POSITIVE",
      "detail": "FCF margin: -6.4% -> +10.4%",
      "severity": "HIGH"
    }
  ],
  "data_quality": {
    "n_quarters": 20,
    "coverage": {
      "revenue": [
        20,
        20
      ],
      "gross_profit": [
        20,
        20
      ],
      "op_income": [
        20,
        20
      ],
      "fcf": [
        20,
        20
      ]
    },
    "gaps": [],
    "warnings": []
  },
  "market_cap": null,
  "source": "SEC EDGAR",
  "last_updated": "2026-02-02T21:24:57.986460"
}