{
  "ticker": "ACLX",
  "name": "ARCELLX, INC.",
  "quarters": [
    {
      "date": "2021-03-31T00:00:00",
      "quarter_label": "2021-03 (Q1)",
      "revenue": 0,
      "gross_profit": null,
      "operating_income": -11282000,
      "net_income": -11281000,
      "opex": 11282000,
      "cogs": null,
      "rd": 8521000,
      "sga": null,
      "fcf": -10573000,
      "ocf": -9507000,
      "capex": -1066000,
      "gross_margin": null,
      "op_margin": null,
      "fcf_margin": null
    },
    {
      "date": "2021-06-30T00:00:00",
      "quarter_label": "2021-06 (Q2)",
      "revenue": 0,
      "gross_profit": null,
      "operating_income": -15928000,
      "net_income": -15927000,
      "opex": 15928000,
      "cogs": null,
      "rd": 12643000,
      "sga": null,
      "fcf": -11141000,
      "ocf": -10961000,
      "capex": -180000,
      "gross_margin": null,
      "op_margin": null,
      "fcf_margin": null
    },
    {
      "date": "2021-09-30T00:00:00",
      "quarter_label": "2021-09 (Q3)",
      "revenue": 0,
      "gross_profit": null,
      "operating_income": -17110000,
      "net_income": -17091000,
      "opex": 17110000,
      "cogs": null,
      "rd": 12325000,
      "sga": null,
      "fcf": -12008000,
      "ocf": -12224000,
      "capex": 216000,
      "gross_margin": null,
      "op_margin": null,
      "fcf_margin": null
    },
    {
      "date": "2022-03-31T00:00:00",
      "quarter_label": "2022-03 (Q1)",
      "revenue": 0,
      "gross_profit": null,
      "operating_income": -32435000,
      "net_income": -32385000,
      "opex": 32435000,
      "cogs": null,
      "rd": 24401000,
      "sga": null,
      "fcf": -33053000,
      "ocf": -32586000,
      "capex": -467000,
      "gross_margin": null,
      "op_margin": null,
      "fcf_margin": null
    },
    {
      "date": "2022-06-30T00:00:00",
      "quarter_label": "2022-06 (Q2)",
      "revenue": 0,
      "gross_profit": null,
      "operating_income": -32609000,
      "net_income": -32091000,
      "opex": 32609000,
      "cogs": null,
      "rd": 23402000,
      "sga": null,
      "fcf": -22697000,
      "ocf": -22548000,
      "capex": -149000,
      "gross_margin": null,
      "op_margin": null,
      "fcf_margin": null
    },
    {
      "date": "2022-09-30T00:00:00",
      "quarter_label": "2022-09 (Q3)",
      "revenue": 0,
      "gross_profit": null,
      "operating_income": -93875000,
      "net_income": -92874000,
      "opex": 93875000,
      "cogs": null,
      "rd": 83473000,
      "sga": null,
      "fcf": -17034000,
      "ocf": -16649000,
      "capex": -385000,
      "gross_margin": null,
      "op_margin": null,
      "fcf_margin": null
    },
    {
      "date": "2023-03-31T00:00:00",
      "quarter_label": "2023-03 (Q1)",
      "revenue": 17912000,
      "gross_profit": null,
      "operating_income": -30457000,
      "net_income": -27344000,
      "opex": 48369000,
      "cogs": null,
      "rd": 32932000,
      "sga": null,
      "fcf": 181062000,
      "ocf": 182042000,
      "capex": -980000,
      "gross_margin": null,
      "op_margin": -1.7003684680661009,
      "fcf_margin": 10.108418937025458,
      "incr_op_margin_yoy": 0.11042876284055382
    },
    {
      "date": "2023-06-30T00:00:00",
      "quarter_label": "2023-06 (Q2)",
      "revenue": 14302000,
      "gross_profit": null,
      "operating_income": -29560000,
      "net_income": -23854000,
      "opex": 43862000,
      "cogs": null,
      "rd": 28327000,
      "sga": null,
      "fcf": -29843000,
      "ocf": -22615000,
      "capex": -7228000,
      "gross_margin": null,
      "op_margin": -2.0668437980702,
      "fcf_margin": -2.08663124038596,
      "incr_op_margin_yoy": 0.21318696685778213,
      "fcf_margin_change": -12.195050177411419
    },
    {
      "date": "2023-09-30T00:00:00",
      "quarter_label": "2023-09 (Q3)",
      "revenue": 14957000,
      "gross_profit": null,
      "operating_income": -44862000,
      "net_income": -39336000,
      "opex": 59819000,
      "cogs": null,
      "rd": 43807000,
      "sga": null,
      "fcf": -18029000,
      "ocf": -10102000,
      "capex": -7927000,
      "gross_margin": null,
      "op_margin": -2.999398275055158,
      "fcf_margin": -1.205388781172695,
      "incr_op_margin_yoy": 3.276927191281674,
      "op_leverage_ratio": 0.1258872399408398,
      "fcf_margin_change": 0.881242459213265
    },
    {
      "date": "2023-12-31T00:00:00",
      "quarter_label": "2023-12 (Q4)",
      "revenue": 63148000,
      "gross_profit": null,
      "operating_income": 14999000,
      "net_income": 19844000,
      "opex": 48149000,
      "cogs": null,
      "rd": 28784000,
      "sga": null,
      "fcf": 52955000,
      "ocf": 58248000,
      "capex": -5293000,
      "gross_margin": null,
      "op_margin": 0.23752137834927473,
      "fcf_margin": 0.8385855450687274,
      "op_leverage_ratio": Infinity,
      "fcf_margin_change": 2.0439743262414227
    },
    {
      "date": "2024-03-31T00:00:00",
      "quarter_label": "2024-03 (Q1)",
      "revenue": 39256000,
      "gross_profit": null,
      "operating_income": -15810000,
      "net_income": -7198000,
      "opex": 55066000,
      "cogs": null,
      "rd": 32318000,
      "sga": null,
      "fcf": -38339000,
      "ocf": -31907000,
      "capex": -6432000,
      "gross_margin": null,
      "op_margin": -0.4027409822702262,
      "fcf_margin": -0.9766405135520685,
      "incr_op_margin_yoy": 0.6862350074962519,
      "rev_growth_yoy": 1.1916033943724877,
      "fcf_margin_change": -1.8152260586207958
    },
    {
      "date": "2024-06-30T00:00:00",
      "quarter_label": "2024-06 (Q2)",
      "revenue": 27384000,
      "gross_profit": null,
      "operating_income": -34993000,
      "net_income": -27202000,
      "opex": 62377000,
      "cogs": null,
      "rd": 40953000,
      "sga": null,
      "fcf": -39462000,
      "ocf": -36249000,
      "capex": -3213000,
      "gross_margin": null,
      "op_margin": -1.2778629856850716,
      "fcf_margin": -1.4410604732690622,
      "incr_op_margin_yoy": -0.41530347041736737,
      "rev_growth_yoy": 0.9146972451405397,
      "rev_growth_yoy_accel": -0.276906149231948,
      "fcf_margin_change": -0.4644199597169937
    },
    {
      "date": "2024-09-30T00:00:00",
      "quarter_label": "2024-09 (Q3)",
      "revenue": 26030000,
      "gross_profit": null,
      "operating_income": -33616000,
      "net_income": -25867000,
      "opex": 59646000,
      "cogs": null,
      "rd": 39173000,
      "sga": null,
      "fcf": 28429000,
      "ocf": 30719000,
      "capex": -2290000,
      "gross_margin": null,
      "op_margin": -1.2914329619669611,
      "fcf_margin": 1.0921628889742605,
      "incr_op_margin_yoy": 1.0156235889099612,
      "rev_growth_yoy": 0.7403222571371264,
      "rev_growth_yoy_accel": -0.17437498800341333,
      "fcf_margin_change": 2.533223362243323
    },
    {
      "date": "2024-12-31T00:00:00",
      "quarter_label": "2024-12 (Q4)",
      "revenue": 15266000,
      "gross_profit": null,
      "operating_income": -53152000,
      "net_income": -47081000,
      "opex": 68418000,
      "cogs": null,
      "rd": 44649000,
      "sga": null,
      "fcf": -47529000,
      "ocf": -46030000,
      "capex": -1499000,
      "gross_margin": null,
      "op_margin": -3.481724092755142,
      "fcf_margin": -3.113389230970785,
      "incr_op_margin_yoy": 1.4233114740403492,
      "rev_growth_yoy": -0.758250459238614,
      "rev_growth_yoy_accel": -1.4985727163757403,
      "fcf_margin_change": -4.205552119945045
    },
    {
      "date": "2025-03-31T00:00:00",
      "quarter_label": "2025-03 (Q1)",
      "revenue": 8129000,
      "gross_profit": null,
      "operating_income": -68898000,
      "net_income": -62270000,
      "opex": 77027000,
      "cogs": null,
      "rd": 50801000,
      "sga": null,
      "fcf": -63925000,
      "ocf": -63145000,
      "capex": -780000,
      "gross_margin": null,
      "op_margin": -8.475581252306556,
      "fcf_margin": -7.863820888178128,
      "incr_op_margin_yoy": 1.70552896199441,
      "rev_growth_yoy": -0.7929233747707357,
      "rev_growth_yoy_accel": -0.034672915532121706,
      "fcf_margin_change": -4.7504316572073435
    },
    {
      "date": "2025-06-30T00:00:00",
      "quarter_label": "2025-06 (Q2)",
      "revenue": 7554000,
      "gross_profit": null,
      "operating_income": -58726000,
      "net_income": -52771000,
      "opex": 66280000,
      "cogs": null,
      "rd": 37627000,
      "sga": null,
      "fcf": -40218000,
      "ocf": -39731000,
      "capex": -487000,
      "gross_margin": null,
      "op_margin": -7.774159385755891,
      "fcf_margin": -5.324066719618745,
      "incr_op_margin_yoy": 1.196822995461422,
      "rev_growth_yoy": -0.7241454864154251,
      "rev_growth_yoy_accel": 0.06877788835531062,
      "fcf_margin_change": 2.5397541685593827
    },
    {
      "date": "2025-09-30T00:00:00",
      "quarter_label": "2025-09 (Q3)",
      "revenue": 4949000,
      "gross_profit": null,
      "operating_income": -61776000,
      "net_income": -55781000,
      "opex": 66725000,
      "cogs": null,
      "rd": 35088000,
      "sga": null,
      "fcf": -49503000,
      "ocf": -49207000,
      "capex": -296000,
      "gross_margin": null,
      "op_margin": -12.48252172155991,
      "fcf_margin": -10.002626793291574,
      "incr_op_margin_yoy": 1.335800009487216,
      "rev_growth_yoy": -0.8098732232039954,
      "rev_growth_yoy_accel": -0.08572773678857026,
      "fcf_margin_change": -4.678560073672829
    }
  ],
  "signals": [
    {
      "quarter": "2025-09 (Q3)",
      "signal": "YoY REVENUE GROWTH DECELERATION",
      "detail": "YoY growth: -81.0% vs prior quarter YoY: -72.4% (decel: -8.6%)",
      "severity": "WARNING"
    },
    {
      "quarter": "2025-06 (Q2)",
      "signal": "FCF MARGIN EXPANSION",
      "detail": "FCF margin: -786.4% -> -532.4% (+254.0%)",
      "severity": "MEDIUM"
    },
    {
      "quarter": "2025-06 (Q2)",
      "signal": "YoY REVENUE GROWTH ACCELERATION",
      "detail": "YoY growth: -72.4% vs prior quarter YoY: -79.3% (accel: +6.9%)",
      "severity": "MEDIUM"
    },
    {
      "quarter": "2024-12 (Q4)",
      "signal": "YoY REVENUE GROWTH DECELERATION",
      "detail": "YoY growth: -75.8% vs prior quarter YoY: +74.0% (decel: -149.9%)",
      "severity": "WARNING"
    },
    {
      "quarter": "2024-09 (Q3)",
      "signal": "FCF TURNED POSITIVE",
      "detail": "FCF margin: -144.1% -> +109.2%",
      "severity": "HIGH"
    },
    {
      "quarter": "2024-09 (Q3)",
      "signal": "YoY REVENUE GROWTH DECELERATION",
      "detail": "YoY growth: +74.0% vs prior quarter YoY: +91.5% (decel: -17.4%)",
      "severity": "WARNING"
    },
    {
      "quarter": "2024-06 (Q2)",
      "signal": "YoY REVENUE GROWTH DECELERATION",
      "detail": "YoY growth: +91.5% vs prior quarter YoY: +119.2% (decel: -27.7%)",
      "severity": "WARNING"
    },
    {
      "quarter": "2023-12 (Q4)",
      "signal": "FCF TURNED POSITIVE",
      "detail": "FCF margin: -120.5% -> +83.9%",
      "severity": "HIGH"
    },
    {
      "quarter": "2023-12 (Q4)",
      "signal": "OP MARGIN TURNED POSITIVE (QoQ)",
      "detail": "Op margin: -299.9% -> +23.8%",
      "severity": "HIGH"
    },
    {
      "quarter": "2023-09 (Q3)",
      "signal": "FCF MARGIN EXPANSION",
      "detail": "FCF margin: -208.7% -> -120.5% (+88.1%)",
      "severity": "MEDIUM"
    }
  ],
  "data_quality": {
    "n_quarters": 17,
    "coverage": {
      "revenue": [
        17,
        17
      ],
      "gross_profit": [
        0,
        17
      ],
      "op_income": [
        17,
        17
      ],
      "fcf": [
        17,
        17
      ]
    },
    "gaps": [
      [
        "2021-09 (Q3)",
        "2022-03 (Q1)",
        182
      ],
      [
        "2022-09 (Q3)",
        "2023-03 (Q1)",
        182
      ]
    ],
    "warnings": [
      "gross_profit: no data",
      "gap: 1Q missing between 2021-09 (Q3) and 2022-03 (Q1)",
      "gap: 1Q missing between 2022-09 (Q3) and 2023-03 (Q1)"
    ]
  },
  "market_cap": null,
  "source": "SEC EDGAR",
  "last_updated": "2026-02-02T21:12:58.703627"
}