{
  "ticker": "ACN",
  "name": "Accenture plc",
  "quarters": [
    {
      "date": "2021-02-28T00:00:00",
      "quarter_label": "2021-02 (Q1)",
      "revenue": 12088125000,
      "gross_profit": 3595232000,
      "operating_income": 1653515000,
      "net_income": 1440859000,
      "opex": 10434610000,
      "cogs": 8492893000,
      "rd": null,
      "sga": null,
      "fcf": 2442211000,
      "ocf": 2534721000,
      "capex": -92510000,
      "gross_margin": 0.2974184995605191,
      "op_margin": 0.13678837702290472,
      "fcf_margin": 0.2020338969029523
    },
    {
      "date": "2021-05-31T00:00:00",
      "quarter_label": "2021-05 (Q2)",
      "revenue": 13263795000,
      "gross_profit": 4404384000,
      "operating_income": 2118656000,
      "net_income": 1549426000,
      "opex": 11145139000,
      "cogs": 8859411000,
      "rd": null,
      "sga": null,
      "fcf": 2242938000,
      "ocf": 2401150000,
      "capex": -158212000,
      "gross_margin": 0.3320606206594719,
      "op_margin": 0.1597322636545574,
      "fcf_margin": 0.16910228181301054,
      "op_leverage_ratio": 1.4283048387686945,
      "fcf_margin_change": -0.032931615089941746
    },
    {
      "date": "2021-08-31T00:00:00",
      "quarter_label": "2021-08 (Q3)",
      "revenue": 13419284000,
      "gross_profit": 4466216000,
      "operating_income": 1958689000,
      "net_income": 1416248000,
      "opex": 11460595000,
      "cogs": 8953068000,
      "rd": null,
      "sga": null,
      "fcf": 2200137000,
      "ocf": 2436432000,
      "capex": -236295000,
      "gross_margin": 0.3328207376787018,
      "op_margin": 0.14596076810059314,
      "fcf_margin": 0.1639533823116047,
      "op_leverage_ratio": 0.41416993196076957,
      "fcf_margin_change": -0.005148899501405846
    },
    {
      "date": "2021-11-30T00:00:00",
      "quarter_label": "2021-11 (Q4)",
      "revenue": 14965153000,
      "gross_profit": 4916789000,
      "operating_income": 2434294000,
      "net_income": 1791024000,
      "opex": 12530859000,
      "cogs": 10048364000,
      "rd": null,
      "sga": null,
      "fcf": 349200000,
      "ocf": 530871000,
      "capex": -181671000,
      "gross_margin": 0.3285491969243482,
      "op_margin": 0.16266415719237887,
      "fcf_margin": 0.023334208477521077,
      "op_leverage_ratio": 1.2335580505156711,
      "fcf_margin_change": -0.14061917383408362
    },
    {
      "date": "2022-02-28T00:00:00",
      "quarter_label": "2022-02 (Q1)",
      "revenue": 15046693000,
      "gross_profit": 4523959000,
      "operating_income": 2061580000,
      "net_income": 1634942000,
      "opex": 12985113000,
      "cogs": 10522734000,
      "rd": null,
      "sga": null,
      "fcf": 1990833000,
      "ocf": 2155493000,
      "capex": -164660000,
      "gross_margin": 0.30066134797858907,
      "op_margin": 0.13701216606200445,
      "fcf_margin": 0.13231033556675875,
      "incr_op_margin_yoy": 0.13792652391292004,
      "rev_growth_yoy": 0.24474995088154697,
      "fcf_margin_change": 0.10897612708923768
    },
    {
      "date": "2022-05-31T00:00:00",
      "quarter_label": "2022-05 (Q2)",
      "revenue": 16158803000,
      "gross_profit": 5314734000,
      "operating_income": 2603118000,
      "net_income": 1786075000,
      "opex": 13555685000,
      "cogs": 10844069000,
      "rd": null,
      "sga": null,
      "fcf": 2870039000,
      "ocf": 3064655000,
      "capex": -194616000,
      "gross_margin": 0.32890641713993296,
      "op_margin": 0.16109596731886638,
      "fcf_margin": 0.1776145794957708,
      "incr_op_margin_yoy": 0.16734392443820537,
      "rev_growth_yoy": 0.21826392823471713,
      "rev_growth_yoy_accel": -0.026486022646829838,
      "op_leverage_ratio": 1.6820618607306073,
      "fcf_margin_change": 0.045304243929012056
    },
    {
      "date": "2022-08-31T00:00:00",
      "quarter_label": "2022-08 (Q3)",
      "revenue": 15423656000,
      "gross_profit": 4946057000,
      "operating_income": 2268189000,
      "net_income": 1665128000,
      "opex": 13155467000,
      "cogs": 10477599000,
      "rd": null,
      "sga": null,
      "fcf": 3613059000,
      "ocf": 3790110000,
      "capex": -177051000,
      "gross_margin": 0.3206799347703294,
      "op_margin": 0.14705910194055158,
      "fcf_margin": 0.2342543817107954,
      "incr_op_margin_yoy": 0.15441245437473683,
      "rev_growth_yoy": 0.14936504809049425,
      "rev_growth_yoy_accel": -0.06889888014422288,
      "fcf_margin_change": 0.0566398022150246
    },
    {
      "date": "2022-11-30T00:00:00",
      "quarter_label": "2022-11 (Q4)",
      "revenue": 15747802000,
      "gross_profit": 5186142000,
      "operating_income": 2593100000,
      "net_income": 1964950000,
      "opex": 13154702000,
      "cogs": 10561660000,
      "rd": null,
      "sga": null,
      "fcf": 396568000,
      "ocf": 495398000,
      "capex": -98830000,
      "gross_margin": 0.3293248162505472,
      "op_margin": 0.16466424965211018,
      "fcf_margin": 0.025182434983625015,
      "incr_op_margin_yoy": 0.20290832799888583,
      "rev_growth_yoy": 0.052298095448806974,
      "rev_growth_yoy_accel": -0.09706695264168727,
      "op_leverage_ratio": Infinity,
      "fcf_margin_change": -0.2090719467271704
    },
    {
      "date": "2023-02-28T00:00:00",
      "quarter_label": "2023-02 (Q1)",
      "revenue": 15814158000,
      "gross_profit": 4834766000,
      "operating_income": 1944581000,
      "net_income": 1523648000,
      "opex": 13869577000,
      "cogs": 10979392000,
      "rd": null,
      "sga": null,
      "fcf": 2222563000,
      "ocf": 2330111000,
      "capex": -107548000,
      "gross_margin": 0.30572389627067087,
      "op_margin": 0.1229645612494829,
      "fcf_margin": 0.14054260745339714,
      "incr_op_margin_yoy": -0.15244864586658674,
      "rev_growth_yoy": 0.05100555982633526,
      "rev_growth_yoy_accel": -0.0012925356224717105,
      "fcf_margin_change": 0.11536017246977212
    },
    {
      "date": "2023-05-31T00:00:00",
      "quarter_label": "2023-05 (Q2)",
      "revenue": 16564585000,
      "gross_profit": 5529070000,
      "operating_income": 2359288000,
      "net_income": 2009996000,
      "opex": 14205297000,
      "cogs": 11035515000,
      "rd": null,
      "sga": null,
      "fcf": 3147871000,
      "ocf": 3289371000,
      "capex": -141500000,
      "gross_margin": 0.3337886219304619,
      "op_margin": 0.14242964734703586,
      "fcf_margin": 0.19003621279977737,
      "incr_op_margin_yoy": -0.6008891473746988,
      "rev_growth_yoy": 0.02511213237762723,
      "rev_growth_yoy_accel": -0.025893427448708033,
      "op_leverage_ratio": 1.9604166364685878,
      "fcf_margin_change": 0.049493605346380226
    },
    {
      "date": "2023-08-31T00:00:00",
      "quarter_label": "2023-08 (Q3)",
      "revenue": 15985200000,
      "gross_profit": 5181629000,
      "operating_income": 1912920000,
      "net_income": 1372963000,
      "opex": 14072280000,
      "cogs": 10803571000,
      "rd": null,
      "sga": null,
      "fcf": 3229094000,
      "ocf": 3409388000,
      "capex": -180294000,
      "gross_margin": 0.3241516527788204,
      "op_margin": 0.1196681930785977,
      "fcf_margin": 0.20200522983759978,
      "incr_op_margin_yoy": -0.6326645819383699,
      "rev_growth_yoy": 0.0364079696798217,
      "rev_growth_yoy_accel": 0.011295837302194467,
      "fcf_margin_change": 0.01196901703782241
    },
    {
      "date": "2023-11-30T00:00:00",
      "quarter_label": "2023-11 (Q4)",
      "revenue": 16224303000,
      "gross_profit": 5447941000,
      "operating_income": 2564887000,
      "net_income": 1973444000,
      "opex": 13659416000,
      "cogs": 10776362000,
      "rd": null,
      "sga": null,
      "fcf": 429618000,
      "ocf": 498551000,
      "capex": -68933000,
      "gross_margin": 0.33578890877469436,
      "op_margin": 0.1580891949564798,
      "fcf_margin": 0.02647990486864058,
      "incr_op_margin_yoy": -0.05920869001324237,
      "rev_growth_yoy": 0.03025825445354215,
      "rev_growth_yoy_accel": -0.006149715226279547,
      "op_leverage_ratio": Infinity,
      "fcf_margin_change": -0.1755253249689592
    },
    {
      "date": "2024-02-29T00:00:00",
      "quarter_label": "2024-02 (Q1)",
      "revenue": 15799514000,
      "gross_profit": 4878469000,
      "operating_income": 2046427000,
      "net_income": 1674859000,
      "opex": 13753087000,
      "cogs": 10921045000,
      "rd": null,
      "sga": null,
      "fcf": 1991220000,
      "ocf": 2101043000,
      "capex": -109823000,
      "gross_margin": 0.3087733584716593,
      "op_margin": 0.12952468031611605,
      "fcf_margin": 0.12603045891158424,
      "incr_op_margin_yoy": -6.95479377219339,
      "rev_growth_yoy": -0.0009260056716266525,
      "rev_growth_yoy_accel": -0.031184260125168804,
      "fcf_margin_change": 0.09955055404294366
    },
    {
      "date": "2024-05-31T00:00:00",
      "quarter_label": "2024-05 (Q2)",
      "revenue": 16466828000,
      "gross_profit": 5498451000,
      "operating_income": 2630865000,
      "net_income": 1932183000,
      "opex": 13835963000,
      "cogs": 10968377000,
      "rd": null,
      "sga": null,
      "fcf": 3017885000,
      "ocf": 3142002000,
      "capex": -124117000,
      "gross_margin": 0.3339107568257833,
      "op_margin": 0.15976756422062585,
      "fcf_margin": 0.18327057281463072,
      "incr_op_margin_yoy": -2.7780823879619874,
      "rev_growth_yoy": -0.005901566504684542,
      "rev_growth_yoy_accel": -0.0049755608330578896,
      "op_leverage_ratio": 7.009029966208931,
      "fcf_margin_change": 0.05724011390304648
    },
    {
      "date": "2024-08-31T00:00:00",
      "quarter_label": "2024-08 (Q3)",
      "revenue": 16405819000,
      "gross_profit": 5337456000,
      "operating_income": 2353668000,
      "net_income": 1684301000,
      "opex": 14052151000,
      "cogs": 11068363000,
      "rd": null,
      "sga": null,
      "fcf": 3175795000,
      "ocf": 3389431000,
      "capex": -213636000,
      "gross_margin": 0.32533919824423274,
      "op_margin": 0.14346543747678797,
      "fcf_margin": 0.19357735203588433,
      "incr_op_margin_yoy": 1.0478556603482012,
      "rev_growth_yoy": 0.02631302705002127,
      "rev_growth_yoy_accel": 0.032214593554705816,
      "fcf_margin_change": 0.010306779221253615
    },
    {
      "date": "2024-11-30T00:00:00",
      "quarter_label": "2024-11 (Q4)",
      "revenue": 17689545000,
      "gross_profit": 5822829000,
      "operating_income": 2948477000,
      "net_income": 2278894000,
      "opex": 14741068000,
      "cogs": 11866716000,
      "rd": null,
      "sga": null,
      "fcf": 870281000,
      "ocf": 1022486000,
      "capex": -152205000,
      "gross_margin": 0.3291678220101195,
      "op_margin": 0.1666790751260137,
      "fcf_margin": 0.049197477945306115,
      "incr_op_margin_yoy": 0.2617929324985224,
      "rev_growth_yoy": 0.09031155298320057,
      "rev_growth_yoy_accel": 0.0639985259331793,
      "op_leverage_ratio": 1.5960640945276032,
      "fcf_margin_change": -0.14437987409057823
    },
    {
      "date": "2025-02-28T00:00:00",
      "quarter_label": "2025-02 (Q1)",
      "revenue": 16659301000,
      "gross_profit": 4974988000,
      "operating_income": 2244714000,
      "net_income": 1788075000,
      "opex": 14414587000,
      "cogs": 11684313000,
      "rd": null,
      "sga": null,
      "fcf": 2682588000,
      "ocf": 2853400000,
      "capex": -170812000,
      "gross_margin": 0.2986312570977618,
      "op_margin": 0.13474238805097524,
      "fcf_margin": 0.16102644402667315,
      "incr_op_margin_yoy": 0.23062339858592884,
      "rev_growth_yoy": 0.054418572621917356,
      "rev_growth_yoy_accel": -0.03589298036128321,
      "fcf_margin_change": 0.11182896608136704
    },
    {
      "date": "2025-05-31T00:00:00",
      "quarter_label": "2025-05 (Q2)",
      "revenue": 17727871000,
      "gross_profit": 5826650000,
      "operating_income": 2982782000,
      "net_income": 2197501000,
      "opex": 14745089000,
      "cogs": 11901221000,
      "rd": null,
      "sga": null,
      "fcf": 3515259000,
      "ocf": 3684366000,
      "capex": -169107000,
      "gross_margin": 0.32867172826336566,
      "op_margin": 0.16825381908521334,
      "fcf_margin": 0.1982899695062086,
      "incr_op_margin_yoy": 0.27906819989484893,
      "rev_growth_yoy": 0.0765808083985574,
      "rev_growth_yoy_accel": 0.02216223577664004,
      "op_leverage_ratio": 2.797527175025777,
      "fcf_margin_change": 0.03726352547953546
    },
    {
      "date": "2025-08-31T00:00:00",
      "quarter_label": "2025-08 (Q3)",
      "revenue": 17596260000,
      "gross_profit": 5610934000,
      "operating_income": 2049691000,
      "net_income": 1413963000,
      "opex": 15546569000,
      "cogs": 11985326000,
      "rd": null,
      "sga": null,
      "fcf": 3806232000,
      "ocf": 3914147000,
      "capex": -107915000,
      "gross_margin": 0.31887082823281765,
      "op_margin": 0.11648446885872339,
      "fcf_margin": 0.21630914751202812,
      "incr_op_margin_yoy": -0.25534822809362245,
      "rev_growth_yoy": 0.07256211957476795,
      "rev_growth_yoy_accel": -0.004018688823789446,
      "fcf_margin_change": 0.01801917800581951
    },
    {
      "date": "2025-11-30T00:00:00",
      "quarter_label": "2025-11 (Q4)",
      "revenue": 18742125000,
      "gross_profit": 6197118000,
      "operating_income": 2873698000,
      "net_income": 2211561000,
      "opex": 15868427000,
      "cogs": 12545007000,
      "rd": null,
      "sga": null,
      "fcf": 1507515000,
      "ocf": 1664097000,
      "capex": -156582000,
      "gross_margin": 0.3306518337701835,
      "op_margin": 0.1533282912156439,
      "fcf_margin": 0.08043458252466036,
      "incr_op_margin_yoy": -0.07104353113302551,
      "rev_growth_yoy": 0.05950294368792414,
      "rev_growth_yoy_accel": -0.013059175886843813,
      "op_leverage_ratio": 3.1454539706678064,
      "fcf_margin_change": -0.13587456498736777
    }
  ],
  "signals": [
    {
      "quarter": "2025-11 (Q4)",
      "signal": "OPERATING LEVERAGE",
      "detail": "Rev growth +6.5% vs OpEx growth +2.1% (leverage: 3.1x)",
      "severity": "MEDIUM"
    },
    {
      "quarter": "2025-05 (Q2)",
      "signal": "OPERATING LEVERAGE",
      "detail": "Rev growth +6.4% vs OpEx growth +2.3% (leverage: 2.8x)",
      "severity": "MEDIUM"
    },
    {
      "quarter": "2025-05 (Q2)",
      "signal": "GROSS MARGIN INFLECTION",
      "detail": "GM: +32.9% -> +29.9% -> +32.9% (reversal +3.0%)",
      "severity": "MEDIUM"
    },
    {
      "quarter": "2025-05 (Q2)",
      "signal": "INCREMENTAL MARGIN (YoY)",
      "detail": "YoY Incr OPM: +27.9% vs year-ago OPM: +16.0%",
      "severity": "MEDIUM"
    },
    {
      "quarter": "2025-02 (Q1)",
      "signal": "FCF MARGIN EXPANSION",
      "detail": "FCF margin: +4.9% -> +16.1% (+11.2%)",
      "severity": "MEDIUM"
    },
    {
      "quarter": "2025-02 (Q1)",
      "signal": "INCREMENTAL MARGIN (YoY)",
      "detail": "YoY Incr OPM: +23.1% vs year-ago OPM: +13.0%",
      "severity": "MEDIUM"
    },
    {
      "quarter": "2024-11 (Q4)",
      "signal": "OPERATING LEVERAGE",
      "detail": "Rev growth +7.8% vs OpEx growth +4.9% (leverage: 1.6x)",
      "severity": "MEDIUM"
    },
    {
      "quarter": "2024-11 (Q4)",
      "signal": "YoY REVENUE GROWTH ACCELERATION",
      "detail": "YoY growth: +9.0% vs prior quarter YoY: +2.6% (accel: +6.4%)",
      "severity": "MEDIUM"
    },
    {
      "quarter": "2024-11 (Q4)",
      "signal": "INCREMENTAL MARGIN (YoY)",
      "detail": "YoY Incr OPM: +26.2% vs year-ago OPM: +15.8%",
      "severity": "MEDIUM"
    },
    {
      "quarter": "2024-08 (Q3)",
      "signal": "INCREMENTAL MARGIN (YoY)",
      "detail": "YoY Incr OPM: +104.8% vs year-ago OPM: +12.0%",
      "severity": "HIGH"
    },
    {
      "quarter": "2024-05 (Q2)",
      "signal": "FCF MARGIN EXPANSION",
      "detail": "FCF margin: +12.6% -> +18.3% (+5.7%)",
      "severity": "MEDIUM"
    },
    {
      "quarter": "2024-05 (Q2)",
      "signal": "OPERATING LEVERAGE",
      "detail": "Rev growth +4.2% vs OpEx growth +0.6% (leverage: 7.0x)",
      "severity": "MEDIUM"
    },
    {
      "quarter": "2024-05 (Q2)",
      "signal": "GROSS MARGIN INFLECTION",
      "detail": "GM: +33.6% -> +30.9% -> +33.4% (reversal +2.5%)",
      "severity": "MEDIUM"
    },
    {
      "quarter": "2024-02 (Q1)",
      "signal": "FCF MARGIN EXPANSION",
      "detail": "FCF margin: +2.6% -> +12.6% (+10.0%)",
      "severity": "MEDIUM"
    },
    {
      "quarter": "2023-05 (Q2)",
      "signal": "OPERATING LEVERAGE",
      "detail": "Rev growth +4.7% vs OpEx growth +2.4% (leverage: 2.0x)",
      "severity": "MEDIUM"
    },
    {
      "quarter": "2023-05 (Q2)",
      "signal": "GROSS MARGIN INFLECTION",
      "detail": "GM: +32.9% -> +30.6% -> +33.4% (reversal +2.8%)",
      "severity": "MEDIUM"
    },
    {
      "quarter": "2023-02 (Q1)",
      "signal": "FCF MARGIN EXPANSION",
      "detail": "FCF margin: +2.5% -> +14.1% (+11.5%)",
      "severity": "MEDIUM"
    },
    {
      "quarter": "2022-11 (Q4)",
      "signal": "YoY REVENUE GROWTH DECELERATION",
      "detail": "YoY growth: +5.2% vs prior quarter YoY: +14.9% (decel: -9.7%)",
      "severity": "WARNING"
    },
    {
      "quarter": "2022-08 (Q3)",
      "signal": "FCF MARGIN EXPANSION",
      "detail": "FCF margin: +17.8% -> +23.4% (+5.7%)",
      "severity": "MEDIUM"
    },
    {
      "quarter": "2022-08 (Q3)",
      "signal": "YoY REVENUE GROWTH DECELERATION",
      "detail": "YoY growth: +14.9% vs prior quarter YoY: +21.8% (decel: -6.9%)",
      "severity": "WARNING"
    },
    {
      "quarter": "2022-05 (Q2)",
      "signal": "OPERATING LEVERAGE",
      "detail": "Rev growth +7.4% vs OpEx growth +4.4% (leverage: 1.7x)",
      "severity": "MEDIUM"
    },
    {
      "quarter": "2022-05 (Q2)",
      "signal": "GROSS MARGIN INFLECTION",
      "detail": "GM: +32.9% -> +30.1% -> +32.9% (reversal +2.8%)",
      "severity": "MEDIUM"
    },
    {
      "quarter": "2022-02 (Q1)",
      "signal": "FCF MARGIN EXPANSION",
      "detail": "FCF margin: +2.3% -> +13.2% (+10.9%)",
      "severity": "MEDIUM"
    }
  ],
  "data_quality": {
    "n_quarters": 20,
    "coverage": {
      "revenue": [
        20,
        20
      ],
      "gross_profit": [
        20,
        20
      ],
      "op_income": [
        20,
        20
      ],
      "fcf": [
        20,
        20
      ]
    },
    "gaps": [],
    "warnings": []
  },
  "market_cap": null,
  "source": "SEC EDGAR",
  "last_updated": "2026-02-02T19:46:12.759568",
  "sector": "Technology",
  "industry": "Information Technology Services"
}