{
  "ticker": "ACNT",
  "name": "Ascent Industries Co.",
  "quarters": [
    {
      "date": "2020-12-31T00:00:00",
      "quarter_label": "2020-12 (Q4)",
      "revenue": 55901000,
      "gross_profit": 6145000,
      "operating_income": -6891000,
      "net_income": -8593000,
      "opex": 13036000,
      "cogs": 49756000,
      "rd": null,
      "sga": 7630000,
      "fcf": 11084000,
      "ocf": 12008000,
      "capex": -924000,
      "gross_margin": 0.1099264771649881,
      "op_margin": -0.12327149782651473,
      "fcf_margin": 0.19827910055276293
    },
    {
      "date": "2021-03-31T00:00:00",
      "quarter_label": "2021-03 (Q1)",
      "revenue": 69778000,
      "gross_profit": 8735000,
      "operating_income": 2105000,
      "net_income": 1094000,
      "opex": 6630000,
      "cogs": 61043000,
      "rd": null,
      "sga": 6869000,
      "fcf": -1013000,
      "ocf": -768000,
      "capex": -245000,
      "gross_margin": 0.125182722348018,
      "op_margin": 0.03016710137865803,
      "fcf_margin": -0.014517469689586976,
      "op_leverage_ratio": Infinity,
      "fcf_margin_change": -0.2127965702423499
    },
    {
      "date": "2021-06-30T00:00:00",
      "quarter_label": "2021-06 (Q2)",
      "revenue": 83087000,
      "gross_profit": 14087000,
      "operating_income": 4054000,
      "net_income": 2886000,
      "opex": 10033000,
      "cogs": 69000000,
      "rd": null,
      "sga": 8124000,
      "fcf": 5445000,
      "ocf": 5763000,
      "capex": -318000,
      "gross_margin": 0.16954517553889298,
      "op_margin": 0.04879222983138157,
      "fcf_margin": 0.06553371766943084,
      "op_leverage_ratio": 0.37160238010026797,
      "fcf_margin_change": 0.08005118735901781
    },
    {
      "date": "2021-09-30T00:00:00",
      "quarter_label": "2021-09 (Q3)",
      "revenue": 86182000,
      "gross_profit": 18006000,
      "operating_income": 10697000,
      "net_income": 8199000,
      "opex": 7309000,
      "cogs": 68176000,
      "rd": null,
      "sga": 6948000,
      "fcf": 10993000,
      "ocf": 11191000,
      "capex": -198000,
      "gross_margin": 0.2089299389663735,
      "op_margin": 0.12412104615813047,
      "fcf_margin": 0.1275556380682741,
      "op_leverage_ratio": Infinity,
      "fcf_margin_change": 0.06202192039884327
    },
    {
      "date": "2021-12-31T00:00:00",
      "quarter_label": "2021-12 (Q4)",
      "revenue": 95668000,
      "gross_profit": 19938000,
      "operating_income": 10493000,
      "net_income": 8066000,
      "opex": 9445000,
      "cogs": 75730000,
      "rd": null,
      "sga": 8203000,
      "fcf": 2133000,
      "ocf": 2869000,
      "capex": -736000,
      "gross_margin": 0.20840824518125184,
      "op_margin": 0.10968139816866664,
      "fcf_margin": 0.02229585650374211,
      "incr_op_margin_yoy": 0.4371463776498101,
      "rev_growth_yoy": 0.7113826228511118,
      "op_leverage_ratio": 0.37663724587031516,
      "fcf_margin_change": -0.105259781564532
    },
    {
      "date": "2022-03-31T00:00:00",
      "quarter_label": "2022-03 (Q1)",
      "revenue": 116218000,
      "gross_profit": 22496000,
      "operating_income": 13217000,
      "net_income": 10260000,
      "opex": 9279000,
      "cogs": 93722000,
      "rd": null,
      "sga": 8646000,
      "fcf": -723000,
      "ocf": 394000,
      "capex": -1117000,
      "gross_margin": 0.19356726152575332,
      "op_margin": 0.11372592885783614,
      "fcf_margin": -0.006221067304548349,
      "incr_op_margin_yoy": 0.2392764857881137,
      "rev_growth_yoy": 0.6655392817220327,
      "rev_growth_yoy_accel": -0.04584334112907906,
      "op_leverage_ratio": Infinity,
      "fcf_margin_change": -0.02851692380829046
    },
    {
      "date": "2022-06-30T00:00:00",
      "quarter_label": "2022-06 (Q2)",
      "revenue": 116202000,
      "gross_profit": 20873000,
      "operating_income": 12191000,
      "net_income": 11057000,
      "opex": 8682000,
      "cogs": 95329000,
      "rd": null,
      "sga": 8634000,
      "fcf": 1631000,
      "ocf": 2495000,
      "capex": -864000,
      "gross_margin": 0.1796268566806079,
      "op_margin": 0.1049121357635841,
      "fcf_margin": 0.014035902996506084,
      "incr_op_margin_yoy": 0.245719462479239,
      "rev_growth_yoy": 0.39855813785550087,
      "rev_growth_yoy_accel": -0.2669811438665318,
      "fcf_margin_change": 0.02025697030105443
    },
    {
      "date": "2022-09-30T00:00:00",
      "quarter_label": "2022-09 (Q3)",
      "revenue": 100167000,
      "gross_profit": 11569000,
      "operating_income": 1567000,
      "net_income": 624000,
      "opex": 10002000,
      "cogs": 88598000,
      "rd": null,
      "sga": 9853000,
      "fcf": -2790000,
      "ocf": -1896000,
      "capex": -894000,
      "gross_margin": 0.11549711980991743,
      "op_margin": 0.015643874729202232,
      "fcf_margin": -0.027853484680583424,
      "incr_op_margin_yoy": -0.6528423310690025,
      "rev_growth_yoy": 0.16227286440323965,
      "rev_growth_yoy_accel": -0.23628527345226122,
      "fcf_margin_change": -0.04188938767708951
    },
    {
      "date": "2022-12-31T00:00:00",
      "quarter_label": "2022-12 (Q4)",
      "revenue": 54180000,
      "gross_profit": 4889000,
      "operating_income": -6587000,
      "net_income": 127000,
      "opex": 11476000,
      "cogs": 79965000,
      "rd": null,
      "sga": 7819000,
      "fcf": 4065000,
      "ocf": 4584000,
      "capex": -519000,
      "gross_margin": 0.09023624953857512,
      "op_margin": -0.12157622739018088,
      "fcf_margin": 0.07502768549280177,
      "incr_op_margin_yoy": 0.411685306594678,
      "rev_growth_yoy": -0.4336664297361709,
      "rev_growth_yoy_accel": -0.5959392941394106,
      "fcf_margin_change": 0.10288117017338519
    },
    {
      "date": "2023-03-31T00:00:00",
      "quarter_label": "2023-03 (Q1)",
      "revenue": 82452000,
      "gross_profit": 4292000,
      "operating_income": -5594000,
      "net_income": -5199000,
      "opex": 9886000,
      "cogs": 78160000,
      "rd": null,
      "sga": 9553000,
      "fcf": 12804000,
      "ocf": 13390000,
      "capex": -586000,
      "gross_margin": 0.05205452869548343,
      "op_margin": -0.06784553437151312,
      "fcf_margin": 0.155290350749527,
      "incr_op_margin_yoy": 0.5570988568382397,
      "rev_growth_yoy": -0.2905401917086854,
      "rev_growth_yoy_accel": 0.14312623802748553,
      "op_leverage_ratio": Infinity,
      "fcf_margin_change": 0.08026266525672522
    },
    {
      "date": "2023-06-30T00:00:00",
      "quarter_label": "2023-06 (Q2)",
      "revenue": 60665000,
      "gross_profit": 3225000,
      "operating_income": -3752000,
      "net_income": -14636000,
      "opex": 6977000,
      "cogs": 57440000,
      "rd": null,
      "sga": 6957000,
      "fcf": 4033000,
      "ocf": 4682000,
      "capex": -649000,
      "gross_margin": 0.053160801120909915,
      "op_margin": -0.06184785296299349,
      "fcf_margin": 0.06647984834748208,
      "incr_op_margin_yoy": 0.2870698813403677,
      "rev_growth_yoy": -0.4779349753016299,
      "rev_growth_yoy_accel": -0.18739478359294454,
      "fcf_margin_change": -0.08881050240204491
    },
    {
      "date": "2023-09-30T00:00:00",
      "quarter_label": "2023-09 (Q3)",
      "revenue": 56113000,
      "gross_profit": 6016000,
      "operating_income": -12767000,
      "net_income": -17932000,
      "opex": 18783000,
      "cogs": 50097000,
      "rd": null,
      "sga": 7352000,
      "fcf": 2279000,
      "ocf": 3455000,
      "capex": -1176000,
      "gross_margin": 0.10721223245950136,
      "op_margin": -0.22752303387806747,
      "fcf_margin": 0.040614474364229325,
      "incr_op_margin_yoy": 0.32537340536614157,
      "rev_growth_yoy": -0.43980552477362805,
      "rev_growth_yoy_accel": 0.038129450528001874,
      "fcf_margin_change": -0.025865373983252754
    },
    {
      "date": "2023-12-31T00:00:00",
      "quarter_label": "2023-12 (Q4)",
      "revenue": 41216000,
      "gross_profit": -2148000,
      "operating_income": -19487000,
      "net_income": 11139000,
      "opex": 17339000,
      "cogs": 23839000,
      "rd": null,
      "sga": 4098000,
      "fcf": 1077000,
      "ocf": 1551000,
      "capex": -474000,
      "gross_margin": -0.052115683229813664,
      "op_margin": -0.4728018245341615,
      "fcf_margin": 0.026130628881987576,
      "incr_op_margin_yoy": 0.9950632520826905,
      "rev_growth_yoy": -0.2392764857881137,
      "rev_growth_yoy_accel": 0.20052903898551436,
      "fcf_margin_change": -0.014483845482241749
    },
    {
      "date": "2024-03-31T00:00:00",
      "quarter_label": "2024-03 (Q1)",
      "revenue": 44110000,
      "gross_profit": 2528000,
      "operating_income": -5253000,
      "net_income": -5493000,
      "opex": 7781000,
      "cogs": 41582000,
      "rd": null,
      "sga": 7759000,
      "fcf": 25000,
      "ocf": 263000,
      "capex": -238000,
      "gross_margin": 0.05731126728632963,
      "op_margin": -0.11908864203128543,
      "fcf_margin": 0.0005667649059170256,
      "incr_op_margin_yoy": -0.008893641437588024,
      "rev_growth_yoy": -0.4650220734487944,
      "rev_growth_yoy_accel": -0.22574558766068073,
      "op_leverage_ratio": Infinity,
      "fcf_margin_change": -0.02556386397607055
    },
    {
      "date": "2024-06-30T00:00:00",
      "quarter_label": "2024-06 (Q2)",
      "revenue": 50189000,
      "gross_profit": 5860000,
      "operating_income": -263000,
      "net_income": -926000,
      "opex": 6123000,
      "cogs": 44329000,
      "rd": null,
      "sga": 6056000,
      "fcf": 1947000,
      "ocf": 2167000,
      "capex": -220000,
      "gross_margin": 0.11675865229432744,
      "op_margin": -0.005240192073960429,
      "fcf_margin": 0.03879336109506067,
      "incr_op_margin_yoy": -0.33304696449026344,
      "rev_growth_yoy": -0.17268606280392318,
      "rev_growth_yoy_accel": 0.29233601064487125,
      "op_leverage_ratio": Infinity,
      "fcf_margin_change": 0.03822659618914365
    },
    {
      "date": "2024-09-30T00:00:00",
      "quarter_label": "2024-09 (Q3)",
      "revenue": 42901000,
      "gross_profit": 6459000,
      "operating_income": 496000,
      "net_income": -6152000,
      "opex": 5963000,
      "cogs": 36442000,
      "rd": null,
      "sga": 6025000,
      "fcf": 3149000,
      "ocf": 3428000,
      "capex": -279000,
      "gross_margin": 0.15055593109717721,
      "op_margin": 0.011561502062888977,
      "fcf_margin": 0.0734015524113657,
      "incr_op_margin_yoy": -1.00386012715713,
      "rev_growth_yoy": -0.23545345998253525,
      "rev_growth_yoy_accel": -0.06276739717861207,
      "fcf_margin_change": 0.03460819131630503
    },
    {
      "date": "2024-12-31T00:00:00",
      "quarter_label": "2024-12 (Q4)",
      "revenue": 40671000,
      "gross_profit": 7267000,
      "operating_income": -77000,
      "net_income": -1027000,
      "opex": 7344000,
      "cogs": 33404000,
      "rd": null,
      "sga": 6736000,
      "fcf": 7668000,
      "ocf": 8823000,
      "capex": -1155000,
      "gross_margin": 0.17867768188635638,
      "op_margin": -0.0018932408841680804,
      "fcf_margin": 0.18853728701040054,
      "rev_growth_yoy": -0.013223020186335404,
      "rev_growth_yoy_accel": 0.22223043979619986,
      "fcf_margin_change": 0.11513573459903484
    },
    {
      "date": "2025-03-31T00:00:00",
      "quarter_label": "2025-03 (Q1)",
      "revenue": 24732000,
      "gross_profit": 4777000,
      "operating_income": -1035000,
      "net_income": -2293000,
      "opex": 5812000,
      "cogs": 19955000,
      "rd": null,
      "sga": 5575000,
      "fcf": -1022000,
      "ocf": -700000,
      "capex": -322000,
      "gross_margin": 0.19315057415494097,
      "op_margin": -0.041848617176128096,
      "fcf_margin": -0.04132298237101731,
      "incr_op_margin_yoy": -0.2176695221385076,
      "rev_growth_yoy": -0.4393108138744049,
      "rev_growth_yoy_accel": -0.4260877936880695,
      "fcf_margin_change": -0.22986026938141785
    },
    {
      "date": "2025-06-30T00:00:00",
      "quarter_label": "2025-06 (Q2)",
      "revenue": 18652000,
      "gross_profit": 4866000,
      "operating_income": -2687000,
      "net_income": 6286000,
      "opex": 7553000,
      "cogs": 13786000,
      "rd": null,
      "sga": 6444000,
      "fcf": -1540000,
      "ocf": -1396000,
      "capex": -144000,
      "gross_margin": 0.26088355136178426,
      "op_margin": -0.14405961827149905,
      "fcf_margin": -0.08256487239974265,
      "incr_op_margin_yoy": 0.07686209848749088,
      "rev_growth_yoy": -0.6283647811273386,
      "rev_growth_yoy_accel": -0.18905396725293372,
      "fcf_margin_change": -0.041241890028725345
    },
    {
      "date": "2025-09-30T00:00:00",
      "quarter_label": "2025-09 (Q3)",
      "revenue": 19697000,
      "gross_profit": 5841000,
      "operating_income": -810000,
      "net_income": -2087000,
      "opex": 6651000,
      "cogs": 13856000,
      "rd": null,
      "sga": 6253000,
      "fcf": 695000,
      "ocf": 1311000,
      "capex": -616000,
      "gross_margin": 0.29654262070366044,
      "op_margin": -0.04112301365690207,
      "fcf_margin": 0.03528456110067523,
      "incr_op_margin_yoy": 0.05628339941389415,
      "rev_growth_yoy": -0.5408731731195077,
      "rev_growth_yoy_accel": 0.08749160800783096,
      "op_leverage_ratio": Infinity,
      "fcf_margin_change": 0.11784943350041788
    }
  ],
  "signals": [
    {
      "quarter": "2025-09 (Q3)",
      "signal": "FCF TURNED POSITIVE",
      "detail": "FCF margin: -8.3% -> +3.5%",
      "severity": "HIGH"
    },
    {
      "quarter": "2025-09 (Q3)",
      "signal": "YoY REVENUE GROWTH ACCELERATION",
      "detail": "YoY growth: -54.1% vs prior quarter YoY: -62.8% (accel: +8.7%)",
      "severity": "MEDIUM"
    },
    {
      "quarter": "2025-06 (Q2)",
      "signal": "YoY REVENUE GROWTH DECELERATION",
      "detail": "YoY growth: -62.8% vs prior quarter YoY: -43.9% (decel: -18.9%)",
      "severity": "WARNING"
    },
    {
      "quarter": "2025-03 (Q1)",
      "signal": "YoY REVENUE GROWTH DECELERATION",
      "detail": "YoY growth: -43.9% vs prior quarter YoY: -1.3% (decel: -42.6%)",
      "severity": "WARNING"
    },
    {
      "quarter": "2024-12 (Q4)",
      "signal": "FCF MARGIN EXPANSION",
      "detail": "FCF margin: +7.3% -> +18.9% (+11.5%)",
      "severity": "MEDIUM"
    },
    {
      "quarter": "2024-12 (Q4)",
      "signal": "YoY REVENUE GROWTH ACCELERATION",
      "detail": "YoY growth: -1.3% vs prior quarter YoY: -23.5% (accel: +22.2%)",
      "severity": "HIGH"
    },
    {
      "quarter": "2024-09 (Q3)",
      "signal": "YoY REVENUE GROWTH DECELERATION",
      "detail": "YoY growth: -23.5% vs prior quarter YoY: -17.3% (decel: -6.3%)",
      "severity": "WARNING"
    },
    {
      "quarter": "2024-09 (Q3)",
      "signal": "OP MARGIN TURNED POSITIVE (YoY)",
      "detail": "Op margin: -22.8% (year-ago) -> +1.2%",
      "severity": "HIGH"
    },
    {
      "quarter": "2024-09 (Q3)",
      "signal": "OP MARGIN TURNED POSITIVE (QoQ)",
      "detail": "Op margin: -0.5% -> +1.2%",
      "severity": "HIGH"
    },
    {
      "quarter": "2024-06 (Q2)",
      "signal": "YoY REVENUE GROWTH ACCELERATION",
      "detail": "YoY growth: -17.3% vs prior quarter YoY: -46.5% (accel: +29.2%)",
      "severity": "HIGH"
    },
    {
      "quarter": "2024-03 (Q1)",
      "signal": "GROSS MARGIN INFLECTION",
      "detail": "GM: +10.7% -> -5.2% -> +5.7% (reversal +10.9%)",
      "severity": "HIGH"
    },
    {
      "quarter": "2024-03 (Q1)",
      "signal": "YoY REVENUE GROWTH DECELERATION",
      "detail": "YoY growth: -46.5% vs prior quarter YoY: -23.9% (decel: -22.6%)",
      "severity": "WARNING"
    },
    {
      "quarter": "2023-12 (Q4)",
      "signal": "YoY REVENUE GROWTH ACCELERATION",
      "detail": "YoY growth: -23.9% vs prior quarter YoY: -44.0% (accel: +20.1%)",
      "severity": "HIGH"
    },
    {
      "quarter": "2023-06 (Q2)",
      "signal": "YoY REVENUE GROWTH DECELERATION",
      "detail": "YoY growth: -47.8% vs prior quarter YoY: -29.1% (decel: -18.7%)",
      "severity": "WARNING"
    },
    {
      "quarter": "2023-03 (Q1)",
      "signal": "FCF MARGIN EXPANSION",
      "detail": "FCF margin: +7.5% -> +15.5% (+8.0%)",
      "severity": "MEDIUM"
    },
    {
      "quarter": "2023-03 (Q1)",
      "signal": "YoY REVENUE GROWTH ACCELERATION",
      "detail": "YoY growth: -29.1% vs prior quarter YoY: -43.4% (accel: +14.3%)",
      "severity": "MEDIUM"
    },
    {
      "quarter": "2022-12 (Q4)",
      "signal": "FCF TURNED POSITIVE",
      "detail": "FCF margin: -2.8% -> +7.5%",
      "severity": "HIGH"
    },
    {
      "quarter": "2022-12 (Q4)",
      "signal": "YoY REVENUE GROWTH DECELERATION",
      "detail": "YoY growth: -43.4% vs prior quarter YoY: +16.2% (decel: -59.6%)",
      "severity": "WARNING"
    },
    {
      "quarter": "2022-09 (Q3)",
      "signal": "YoY REVENUE GROWTH DECELERATION",
      "detail": "YoY growth: +16.2% vs prior quarter YoY: +39.9% (decel: -23.6%)",
      "severity": "WARNING"
    },
    {
      "quarter": "2022-06 (Q2)",
      "signal": "FCF TURNED POSITIVE",
      "detail": "FCF margin: -0.6% -> +1.4%",
      "severity": "HIGH"
    },
    {
      "quarter": "2022-06 (Q2)",
      "signal": "YoY REVENUE GROWTH DECELERATION",
      "detail": "YoY growth: +39.9% vs prior quarter YoY: +66.6% (decel: -26.7%)",
      "severity": "WARNING"
    },
    {
      "quarter": "2022-06 (Q2)",
      "signal": "INCREMENTAL MARGIN (YoY)",
      "detail": "YoY Incr OPM: +24.6% vs year-ago OPM: +4.9%",
      "severity": "MEDIUM"
    },
    {
      "quarter": "2022-03 (Q1)",
      "signal": "INCREMENTAL MARGIN (YoY)",
      "detail": "YoY Incr OPM: +23.9% vs year-ago OPM: +3.0%",
      "severity": "HIGH"
    },
    {
      "quarter": "2021-12 (Q4)",
      "signal": "OP MARGIN TURNED POSITIVE (YoY)",
      "detail": "Op margin: -12.3% (year-ago) -> +11.0%",
      "severity": "HIGH"
    },
    {
      "quarter": "2021-09 (Q3)",
      "signal": "FCF MARGIN EXPANSION",
      "detail": "FCF margin: +6.6% -> +12.8% (+6.2%)",
      "severity": "MEDIUM"
    },
    {
      "quarter": "2021-06 (Q2)",
      "signal": "FCF TURNED POSITIVE",
      "detail": "FCF margin: -1.5% -> +6.6%",
      "severity": "HIGH"
    },
    {
      "quarter": "2021-03 (Q1)",
      "signal": "OP MARGIN TURNED POSITIVE (QoQ)",
      "detail": "Op margin: -12.3% -> +3.0%",
      "severity": "HIGH"
    }
  ],
  "data_quality": {
    "n_quarters": 20,
    "coverage": {
      "revenue": [
        20,
        20
      ],
      "gross_profit": [
        20,
        20
      ],
      "op_income": [
        20,
        20
      ],
      "fcf": [
        20,
        20
      ]
    },
    "gaps": [],
    "warnings": []
  },
  "market_cap": null,
  "source": "SEC EDGAR",
  "last_updated": "2026-02-02T23:09:41.900813",
  "sector": "Basic Materials",
  "industry": "Chemicals"
}