{
  "ticker": "ACRS",
  "name": "Aclaris Therapeutics, Inc.",
  "quarters": [
    {
      "date": "2020-12-31T00:00:00",
      "quarter_label": "2020-12 (Q4)",
      "revenue": 1580000,
      "gross_profit": 294000,
      "operating_income": -13560000,
      "net_income": -13173000,
      "opex": 15140000,
      "cogs": 1286000,
      "rd": 8956000,
      "sga": null,
      "fcf": -8865000,
      "ocf": -8857000,
      "capex": -8000,
      "gross_margin": 0.1860759493670886,
      "op_margin": -8.582278481012658,
      "fcf_margin": -5.610759493670886
    },
    {
      "date": "2021-03-31T00:00:00",
      "quarter_label": "2021-03 (Q1)",
      "revenue": 1777000,
      "gross_profit": 575000,
      "operating_income": -28529000,
      "net_income": -28754000,
      "opex": 30306000,
      "cogs": 1202000,
      "rd": 7838000,
      "sga": null,
      "fcf": -12232000,
      "ocf": -12232000,
      "capex": null,
      "gross_margin": 0.3235790658413056,
      "op_margin": -16.054586381541924,
      "fcf_margin": -6.88351153629713,
      "op_leverage_ratio": 0.12446979168927164,
      "fcf_margin_change": -1.2727520426262435
    },
    {
      "date": "2021-06-30T00:00:00",
      "quarter_label": "2021-06 (Q2)",
      "revenue": 1824000,
      "gross_profit": 561000,
      "operating_income": -18006000,
      "net_income": -18161000,
      "opex": 19830000,
      "cogs": 1263000,
      "rd": 7897000,
      "sga": null,
      "fcf": -12221000,
      "ocf": -12221000,
      "capex": null,
      "gross_margin": 0.30756578947368424,
      "op_margin": -9.87171052631579,
      "fcf_margin": -6.700109649122807,
      "op_leverage_ratio": Infinity,
      "fcf_margin_change": 0.18340188717432238
    },
    {
      "date": "2021-09-30T00:00:00",
      "quarter_label": "2021-09 (Q3)",
      "revenue": 1659000,
      "gross_profit": 560000,
      "operating_income": -20295000,
      "net_income": -21146000,
      "opex": 21954000,
      "cogs": 1099000,
      "rd": 13976000,
      "sga": null,
      "fcf": -10662000,
      "ocf": -10606000,
      "capex": -56000,
      "gross_margin": 0.33755274261603374,
      "op_margin": -12.233273056057866,
      "fcf_margin": -6.426763110307414,
      "fcf_margin_change": 0.2733465388153933
    },
    {
      "date": "2021-12-31T00:00:00",
      "quarter_label": "2021-12 (Q4)",
      "revenue": 1501000,
      "gross_profit": 352000,
      "operating_income": -22893000,
      "net_income": -22804000,
      "opex": 24394000,
      "cogs": 1149000,
      "rd": 14102000,
      "sga": null,
      "fcf": -17275000,
      "ocf": -17075000,
      "capex": -200000,
      "gross_margin": 0.23451032644903397,
      "op_margin": -15.251832111925383,
      "fcf_margin": -11.508994003997335,
      "rev_growth_yoy": -0.05,
      "fcf_margin_change": -5.082230893689921
    },
    {
      "date": "2022-03-31T00:00:00",
      "quarter_label": "2022-03 (Q1)",
      "revenue": 1453000,
      "gross_profit": 298000,
      "operating_income": -18907000,
      "net_income": -18789000,
      "opex": 20360000,
      "cogs": 1155000,
      "rd": 14306000,
      "sga": null,
      "fcf": -21133000,
      "ocf": -20969000,
      "capex": -164000,
      "gross_margin": 0.2050929112181693,
      "op_margin": -13.012388162422575,
      "fcf_margin": -14.544390915347556,
      "rev_growth_yoy": -0.1823297692740574,
      "rev_growth_yoy_accel": -0.13232976927405737,
      "fcf_margin_change": -3.0353969113502206
    },
    {
      "date": "2022-06-30T00:00:00",
      "quarter_label": "2022-06 (Q2)",
      "revenue": 1528000,
      "gross_profit": 460000,
      "operating_income": -20994000,
      "net_income": -20532000,
      "opex": 22522000,
      "cogs": 1068000,
      "rd": 18779000,
      "sga": null,
      "fcf": -19852000,
      "ocf": -19666000,
      "capex": -186000,
      "gross_margin": 0.3010471204188482,
      "op_margin": -13.739528795811518,
      "fcf_margin": -12.992146596858639,
      "rev_growth_yoy": -0.16228070175438597,
      "rev_growth_yoy_accel": 0.02004906751967142,
      "op_leverage_ratio": 0.4860911712218747,
      "fcf_margin_change": 1.552244318488917
    },
    {
      "date": "2022-09-30T00:00:00",
      "quarter_label": "2022-09 (Q3)",
      "revenue": 19018000,
      "gross_profit": 18095000,
      "operating_income": -20874000,
      "net_income": -19952000,
      "opex": 39892000,
      "cogs": 923000,
      "rd": 23656000,
      "sga": null,
      "fcf": -7967000,
      "ocf": -7817000,
      "capex": -150000,
      "gross_margin": 0.9514670312335682,
      "op_margin": -1.0975917551793037,
      "fcf_margin": -0.4189189189189189,
      "incr_op_margin_yoy": -0.033354455901837665,
      "rev_growth_yoy": 10.463532248342375,
      "rev_growth_yoy_accel": 10.62581295009676,
      "op_leverage_ratio": 14.841356283174639,
      "fcf_margin_change": 12.57322767793972
    },
    {
      "date": "2022-12-31T00:00:00",
      "quarter_label": "2022-12 (Q4)",
      "revenue": 7753000,
      "gross_profit": 6876000,
      "operating_income": -29079000,
      "net_income": -27635000,
      "opex": 36832000,
      "cogs": 877000,
      "rd": 21072000,
      "sga": null,
      "fcf": -19220000,
      "ocf": -19115000,
      "capex": -105000,
      "gross_margin": 0.8868824970978976,
      "op_margin": -3.7506771572294597,
      "fcf_margin": -2.4790403714691087,
      "incr_op_margin_yoy": -0.989443378119002,
      "rev_growth_yoy": 4.165223184543637,
      "rev_growth_yoy_accel": -6.298309063798738,
      "fcf_margin_change": -2.06012145255019
    },
    {
      "date": "2023-03-31T00:00:00",
      "quarter_label": "2023-03 (Q1)",
      "revenue": 2528000,
      "gross_profit": 1720000,
      "operating_income": -29918000,
      "net_income": -28160000,
      "opex": 32446000,
      "cogs": 808000,
      "rd": 22587000,
      "sga": null,
      "fcf": -26906000,
      "ocf": -26353000,
      "capex": -553000,
      "gross_margin": 0.680379746835443,
      "op_margin": -11.834651898734178,
      "fcf_margin": -10.643196202531646,
      "incr_op_margin_yoy": -10.242790697674419,
      "rev_growth_yoy": 0.7398485891259463,
      "rev_growth_yoy_accel": -3.425374595417691,
      "fcf_margin_change": -8.164155831062537
    },
    {
      "date": "2023-06-30T00:00:00",
      "quarter_label": "2023-06 (Q2)",
      "revenue": 1869000,
      "gross_profit": 827000,
      "operating_income": -31815000,
      "net_income": -29569000,
      "opex": 33684000,
      "cogs": 1042000,
      "rd": 25275000,
      "sga": null,
      "fcf": -20885000,
      "ocf": -20654000,
      "capex": -231000,
      "gross_margin": 0.44248261102193687,
      "op_margin": -17.02247191011236,
      "fcf_margin": -11.174424826110219,
      "rev_growth_yoy": 0.2231675392670157,
      "rev_growth_yoy_accel": -0.5166810498589306,
      "fcf_margin_change": -0.5312286235785724
    },
    {
      "date": "2023-09-30T00:00:00",
      "quarter_label": "2023-09 (Q3)",
      "revenue": 9282000,
      "gross_profit": 8434000,
      "operating_income": -31577000,
      "net_income": -29261000,
      "opex": 40859000,
      "cogs": 848000,
      "rd": 23876000,
      "sga": null,
      "fcf": -24641000,
      "ocf": -24557000,
      "capex": -84000,
      "gross_margin": 0.9086403792286145,
      "op_margin": -3.4019607843137254,
      "fcf_margin": -2.654708037060978,
      "incr_op_margin_yoy": 1.0993221035332785,
      "rev_growth_yoy": -0.5119360605741928,
      "rev_growth_yoy_accel": -0.7351035998412085,
      "op_leverage_ratio": 18.620290490545354,
      "fcf_margin_change": 8.519716789049241
    },
    {
      "date": "2023-12-31T00:00:00",
      "quarter_label": "2023-12 (Q4)",
      "revenue": 17570000,
      "gross_profit": 16845000,
      "operating_income": -4047000,
      "net_income": -1491000,
      "opex": 21617000,
      "cogs": 725000,
      "rd": 26646000,
      "sga": null,
      "fcf": -7202000,
      "ocf": -6761000,
      "capex": -441000,
      "gross_margin": 0.9587364826408651,
      "op_margin": -0.2303357996585088,
      "fcf_margin": -0.4099032441661924,
      "incr_op_margin_yoy": 2.5498624834470816,
      "rev_growth_yoy": 1.2662195279246744,
      "rev_growth_yoy_accel": 1.7781555884988673,
      "op_leverage_ratio": Infinity,
      "fcf_margin_change": 2.2448047928947856
    },
    {
      "date": "2024-03-31T00:00:00",
      "quarter_label": "2024-03 (Q1)",
      "revenue": 2398000,
      "gross_profit": 1589000,
      "operating_income": -18931000,
      "net_income": -16941000,
      "opex": 21329000,
      "cogs": 809000,
      "rd": 9845000,
      "sga": null,
      "fcf": -20950000,
      "ocf": -20815000,
      "capex": -135000,
      "gross_margin": 0.6626355296080066,
      "op_margin": -7.894495412844036,
      "fcf_margin": -8.736447039199334,
      "rev_growth_yoy": -0.051424050632911396,
      "rev_growth_yoy_accel": -1.3176435785575857,
      "fcf_margin_change": -8.32654379503314
    },
    {
      "date": "2024-06-30T00:00:00",
      "quarter_label": "2024-06 (Q2)",
      "revenue": 2766000,
      "gross_profit": 2142000,
      "operating_income": -12854000,
      "net_income": -10986000,
      "opex": 15620000,
      "cogs": 624000,
      "rd": 8759000,
      "sga": null,
      "fcf": -12308000,
      "ocf": -12322000,
      "capex": 14000,
      "gross_margin": 0.7744034707158352,
      "op_margin": -4.647143890093998,
      "fcf_margin": -4.449746926970354,
      "rev_growth_yoy": 0.4799357945425361,
      "rev_growth_yoy_accel": 0.5313598451754475,
      "op_leverage_ratio": Infinity,
      "fcf_margin_change": 4.28670011222898
    },
    {
      "date": "2024-09-30T00:00:00",
      "quarter_label": "2024-09 (Q3)",
      "revenue": 4346000,
      "gross_profit": 3692000,
      "operating_income": -10471000,
      "net_income": -7586000,
      "opex": 14817000,
      "cogs": 654000,
      "rd": 5956000,
      "sga": null,
      "fcf": 22000000,
      "ocf": 22000000,
      "capex": null,
      "gross_margin": 0.849516797054763,
      "op_margin": -2.4093419236079154,
      "fcf_margin": 5.062126092959042,
      "incr_op_margin_yoy": -4.275931928687196,
      "rev_growth_yoy": -0.5317819435466494,
      "rev_growth_yoy_accel": -1.0117177380891855,
      "op_leverage_ratio": Infinity,
      "fcf_margin_change": 9.511873019929396
    },
    {
      "date": "2024-12-31T00:00:00",
      "quarter_label": "2024-12 (Q4)",
      "revenue": 9211000,
      "gross_profit": 8506000,
      "operating_income": -99675000,
      "net_income": -96552000,
      "opex": 108886000,
      "cogs": 705000,
      "rd": 9026000,
      "sga": null,
      "fcf": -8938000,
      "ocf": -8938000,
      "capex": null,
      "gross_margin": 0.9234610791445012,
      "op_margin": -10.821300618825317,
      "fcf_margin": -0.9703615242644664,
      "incr_op_margin_yoy": 11.440124416796268,
      "rev_growth_yoy": -0.4757541263517359,
      "rev_growth_yoy_accel": 0.05602781719491351,
      "op_leverage_ratio": 0.17632215138199098,
      "fcf_margin_change": -6.0324876172235085
    },
    {
      "date": "2025-03-31T00:00:00",
      "quarter_label": "2025-03 (Q1)",
      "revenue": 1455000,
      "gross_profit": 949000,
      "operating_income": -18084000,
      "net_income": -15085000,
      "opex": 19539000,
      "cogs": 506000,
      "rd": 11584000,
      "sga": null,
      "fcf": -13100000,
      "ocf": -13057000,
      "capex": -43000,
      "gross_margin": 0.652233676975945,
      "op_margin": -12.428865979381444,
      "fcf_margin": -9.003436426116838,
      "rev_growth_yoy": -0.3932443703085905,
      "rev_growth_yoy_accel": 0.08250975604314542,
      "fcf_margin_change": -8.033074901852371
    },
    {
      "date": "2025-06-30T00:00:00",
      "quarter_label": "2025-06 (Q2)",
      "revenue": 1777000,
      "gross_profit": 1262000,
      "operating_income": -18408000,
      "net_income": -15429000,
      "opex": 20185000,
      "cogs": 515000,
      "rd": 11449000,
      "sga": null,
      "fcf": -10014000,
      "ocf": -9993000,
      "capex": -21000,
      "gross_margin": 0.7101857062464828,
      "op_margin": -10.359032076533483,
      "fcf_margin": -5.635340461451885,
      "rev_growth_yoy": -0.35755603759942156,
      "rev_growth_yoy_accel": 0.035688332709168935,
      "op_leverage_ratio": 6.6936452714563845,
      "fcf_margin_change": 3.3680959646649535
    },
    {
      "date": "2025-09-30T00:00:00",
      "quarter_label": "2025-09 (Q3)",
      "revenue": 3299000,
      "gross_profit": 2761000,
      "operating_income": -17149000,
      "net_income": -14614000,
      "opex": 20448000,
      "cogs": 538000,
      "rd": 13028000,
      "sga": null,
      "fcf": -10955000,
      "ocf": -10932000,
      "capex": -23000,
      "gross_margin": 0.8369202788723856,
      "op_margin": -5.198241891482267,
      "fcf_margin": -3.320703243407093,
      "incr_op_margin_yoy": 6.378223495702006,
      "rev_growth_yoy": -0.24091118269673262,
      "rev_growth_yoy_accel": 0.11664485490268894,
      "op_leverage_ratio": 65.73553924138389,
      "fcf_margin_change": 2.314637218044792
    }
  ],
  "signals": [
    {
      "quarter": "2025-09 (Q3)",
      "signal": "FCF MARGIN EXPANSION",
      "detail": "FCF margin: -563.5% -> -332.1% (+231.5%)",
      "severity": "MEDIUM"
    },
    {
      "quarter": "2025-09 (Q3)",
      "signal": "OPERATING LEVERAGE",
      "detail": "Rev growth +85.6% vs OpEx growth +1.3% (leverage: 65.7x)",
      "severity": "MEDIUM"
    },
    {
      "quarter": "2025-09 (Q3)",
      "signal": "YoY REVENUE GROWTH ACCELERATION",
      "detail": "YoY growth: -24.1% vs prior quarter YoY: -35.8% (accel: +11.7%)",
      "severity": "MEDIUM"
    },
    {
      "quarter": "2025-06 (Q2)",
      "signal": "FCF MARGIN EXPANSION",
      "detail": "FCF margin: -900.3% -> -563.5% (+336.8%)",
      "severity": "MEDIUM"
    },
    {
      "quarter": "2025-06 (Q2)",
      "signal": "OPERATING LEVERAGE",
      "detail": "Rev growth +22.1% vs OpEx growth +3.3% (leverage: 6.7x)",
      "severity": "MEDIUM"
    },
    {
      "quarter": "2025-06 (Q2)",
      "signal": "GROSS MARGIN INFLECTION",
      "detail": "GM: +92.3% -> +65.2% -> +71.0% (reversal +5.8%)",
      "severity": "HIGH"
    },
    {
      "quarter": "2025-03 (Q1)",
      "signal": "YoY REVENUE GROWTH ACCELERATION",
      "detail": "YoY growth: -39.3% vs prior quarter YoY: -47.6% (accel: +8.3%)",
      "severity": "MEDIUM"
    },
    {
      "quarter": "2024-12 (Q4)",
      "signal": "YoY REVENUE GROWTH ACCELERATION",
      "detail": "YoY growth: -47.6% vs prior quarter YoY: -53.2% (accel: +5.6%)",
      "severity": "MEDIUM"
    },
    {
      "quarter": "2024-09 (Q3)",
      "signal": "FCF TURNED POSITIVE",
      "detail": "FCF margin: -445.0% -> +506.2%",
      "severity": "HIGH"
    },
    {
      "quarter": "2024-09 (Q3)",
      "signal": "YoY REVENUE GROWTH DECELERATION",
      "detail": "YoY growth: -53.2% vs prior quarter YoY: +48.0% (decel: -101.2%)",
      "severity": "WARNING"
    },
    {
      "quarter": "2024-06 (Q2)",
      "signal": "FCF MARGIN EXPANSION",
      "detail": "FCF margin: -873.6% -> -445.0% (+428.7%)",
      "severity": "MEDIUM"
    },
    {
      "quarter": "2024-06 (Q2)",
      "signal": "GROSS MARGIN INFLECTION",
      "detail": "GM: +95.9% -> +66.3% -> +77.4% (reversal +11.2%)",
      "severity": "HIGH"
    },
    {
      "quarter": "2024-06 (Q2)",
      "signal": "YoY REVENUE GROWTH ACCELERATION",
      "detail": "YoY growth: +48.0% vs prior quarter YoY: -5.1% (accel: +53.1%)",
      "severity": "HIGH"
    },
    {
      "quarter": "2024-03 (Q1)",
      "signal": "YoY REVENUE GROWTH DECELERATION",
      "detail": "YoY growth: -5.1% vs prior quarter YoY: +126.6% (decel: -131.8%)",
      "severity": "WARNING"
    },
    {
      "quarter": "2023-12 (Q4)",
      "signal": "FCF MARGIN EXPANSION",
      "detail": "FCF margin: -265.5% -> -41.0% (+224.5%)",
      "severity": "MEDIUM"
    },
    {
      "quarter": "2023-12 (Q4)",
      "signal": "YoY REVENUE GROWTH ACCELERATION",
      "detail": "YoY growth: +126.6% vs prior quarter YoY: -51.2% (accel: +177.8%)",
      "severity": "HIGH"
    },
    {
      "quarter": "2023-09 (Q3)",
      "signal": "FCF MARGIN EXPANSION",
      "detail": "FCF margin: -1117.4% -> -265.5% (+852.0%)",
      "severity": "MEDIUM"
    },
    {
      "quarter": "2023-09 (Q3)",
      "signal": "OPERATING LEVERAGE",
      "detail": "Rev growth +396.6% vs OpEx growth +21.3% (leverage: 18.6x)",
      "severity": "MEDIUM"
    },
    {
      "quarter": "2023-09 (Q3)",
      "signal": "GROSS MARGIN INFLECTION",
      "detail": "GM: +68.0% -> +44.2% -> +90.9% (reversal +46.6%)",
      "severity": "HIGH"
    },
    {
      "quarter": "2023-09 (Q3)",
      "signal": "YoY REVENUE GROWTH DECELERATION",
      "detail": "YoY growth: -51.2% vs prior quarter YoY: +22.3% (decel: -73.5%)",
      "severity": "WARNING"
    },
    {
      "quarter": "2023-06 (Q2)",
      "signal": "YoY REVENUE GROWTH DECELERATION",
      "detail": "YoY growth: +22.3% vs prior quarter YoY: +74.0% (decel: -51.7%)",
      "severity": "WARNING"
    },
    {
      "quarter": "2023-03 (Q1)",
      "signal": "YoY REVENUE GROWTH DECELERATION",
      "detail": "YoY growth: +74.0% vs prior quarter YoY: +416.5% (decel: -342.5%)",
      "severity": "WARNING"
    },
    {
      "quarter": "2022-12 (Q4)",
      "signal": "YoY REVENUE GROWTH DECELERATION",
      "detail": "YoY growth: +416.5% vs prior quarter YoY: +1046.4% (decel: -629.8%)",
      "severity": "WARNING"
    },
    {
      "quarter": "2022-09 (Q3)",
      "signal": "FCF MARGIN EXPANSION",
      "detail": "FCF margin: -1299.2% -> -41.9% (+1257.3%)",
      "severity": "MEDIUM"
    },
    {
      "quarter": "2022-09 (Q3)",
      "signal": "OPERATING LEVERAGE",
      "detail": "Rev growth +1144.6% vs OpEx growth +77.1% (leverage: 14.8x)",
      "severity": "MEDIUM"
    },
    {
      "quarter": "2022-09 (Q3)",
      "signal": "YoY REVENUE GROWTH ACCELERATION",
      "detail": "YoY growth: +1046.4% vs prior quarter YoY: -16.2% (accel: +1062.6%)",
      "severity": "HIGH"
    },
    {
      "quarter": "2022-06 (Q2)",
      "signal": "FCF MARGIN EXPANSION",
      "detail": "FCF margin: -1454.4% -> -1299.2% (+155.2%)",
      "severity": "MEDIUM"
    },
    {
      "quarter": "2022-06 (Q2)",
      "signal": "GROSS MARGIN INFLECTION",
      "detail": "GM: +23.5% -> +20.5% -> +30.1% (reversal +9.6%)",
      "severity": "HIGH"
    },
    {
      "quarter": "2022-03 (Q1)",
      "signal": "YoY REVENUE GROWTH DECELERATION",
      "detail": "YoY growth: -18.2% vs prior quarter YoY: -5.0% (decel: -13.2%)",
      "severity": "WARNING"
    },
    {
      "quarter": "2021-09 (Q3)",
      "signal": "FCF MARGIN EXPANSION",
      "detail": "FCF margin: -670.0% -> -642.7% (+27.3%)",
      "severity": "MEDIUM"
    },
    {
      "quarter": "2021-09 (Q3)",
      "signal": "GROSS MARGIN INFLECTION",
      "detail": "GM: +32.4% -> +30.8% -> +33.8% (reversal +3.0%)",
      "severity": "MEDIUM"
    },
    {
      "quarter": "2021-06 (Q2)",
      "signal": "FCF MARGIN EXPANSION",
      "detail": "FCF margin: -688.4% -> -670.0% (+18.3%)",
      "severity": "MEDIUM"
    }
  ],
  "data_quality": {
    "n_quarters": 20,
    "coverage": {
      "revenue": [
        20,
        20
      ],
      "gross_profit": [
        20,
        20
      ],
      "op_income": [
        20,
        20
      ],
      "fcf": [
        20,
        20
      ]
    },
    "gaps": [],
    "warnings": []
  },
  "market_cap": null,
  "source": "SEC EDGAR",
  "last_updated": "2026-02-02T22:32:42.658809"
}