{
  "ticker": "ACTG",
  "name": "Acacia Research Corporation",
  "quarters": [
    {
      "date": "2020-12-31T00:00:00",
      "quarter_label": "2020-12 (Q4)",
      "revenue": 4383000,
      "gross_profit": -32000,
      "operating_income": -6419000,
      "net_income": 80239000,
      "opex": 6387000,
      "cogs": 4415000,
      "rd": null,
      "sga": null,
      "fcf": -25191000,
      "ocf": -25169000,
      "capex": -22000,
      "gross_margin": -0.00730093543235227,
      "op_margin": -1.4645220168834132,
      "fcf_margin": -5.747433264887063
    },
    {
      "date": "2021-03-31T00:00:00",
      "quarter_label": "2021-03 (Q1)",
      "revenue": 5803000,
      "gross_profit": 490000,
      "operating_income": -5676000,
      "net_income": -164618000,
      "opex": 11479000,
      "cogs": 5313000,
      "rd": 0,
      "sga": null,
      "fcf": -6153000,
      "ocf": -6120000,
      "capex": -33000,
      "gross_margin": 0.08443908323281062,
      "op_margin": -0.9781147682233328,
      "fcf_margin": -1.060313630880579,
      "op_leverage_ratio": 0.4063735144659282,
      "fcf_margin_change": 4.687119634006485
    },
    {
      "date": "2021-06-30T00:00:00",
      "quarter_label": "2021-06 (Q2)",
      "revenue": 17400000,
      "gross_profit": 8147000,
      "operating_income": 1644000,
      "net_income": 19507000,
      "opex": 15756000,
      "cogs": 9253000,
      "rd": 0,
      "sga": null,
      "fcf": -1919000,
      "ocf": -1907000,
      "capex": -12000,
      "gross_margin": 0.4682183908045977,
      "op_margin": 0.09448275862068965,
      "fcf_margin": -0.11028735632183909,
      "op_leverage_ratio": 5.363618650242223,
      "fcf_margin_change": 0.9500262745587399
    },
    {
      "date": "2021-09-30T00:00:00",
      "quarter_label": "2021-09 (Q3)",
      "revenue": 1582000,
      "gross_profit": -2377000,
      "operating_income": -12722000,
      "net_income": 89604000,
      "opex": 14304000,
      "cogs": 3959000,
      "rd": 0,
      "sga": null,
      "fcf": -1273000,
      "ocf": -1251000,
      "capex": -22000,
      "gross_margin": -1.5025284450063212,
      "op_margin": -8.0417193426043,
      "fcf_margin": -0.804677623261694,
      "fcf_margin_change": -0.694390266939855
    },
    {
      "date": "2021-12-31T00:00:00",
      "quarter_label": "2021-12 (Q4)",
      "revenue": -12781000,
      "gross_profit": -30354000,
      "operating_income": 31299000,
      "net_income": 204704000,
      "opex": 31963000,
      "cogs": 17573000,
      "rd": 200000,
      "sga": null,
      "fcf": 22580000,
      "ocf": 22604000,
      "capex": -24000,
      "gross_margin": 2.374931539003208,
      "op_margin": -2.4488694155386903,
      "fcf_margin": -1.766684922932478,
      "incr_op_margin_yoy": -2.1975064087625262,
      "rev_growth_yoy": -3.916039242527949,
      "fcf_margin_change": -0.9620072996707839
    },
    {
      "date": "2022-03-31T00:00:00",
      "quarter_label": "2022-03 (Q1)",
      "revenue": 13507000,
      "gross_profit": 4751000,
      "operating_income": -8508000,
      "net_income": -73266000,
      "opex": 22015000,
      "cogs": 8756000,
      "rd": 190000,
      "sga": null,
      "fcf": -3197000,
      "ocf": -3163000,
      "capex": -34000,
      "gross_margin": 0.35174354038646627,
      "op_margin": -0.6298956096838676,
      "fcf_margin": -0.2366920855852521,
      "incr_op_margin_yoy": -0.367601246105919,
      "rev_growth_yoy": 1.3275891780113733,
      "rev_growth_yoy_accel": 5.243628420539322,
      "fcf_margin_change": 1.5299928373472258
    },
    {
      "date": "2022-06-30T00:00:00",
      "quarter_label": "2022-06 (Q2)",
      "revenue": 16717000,
      "gross_profit": 7491000,
      "operating_income": -5670000,
      "net_income": -61503000,
      "opex": 22387000,
      "cogs": 9226000,
      "rd": 145000,
      "sga": null,
      "fcf": -14766000,
      "ocf": -14390000,
      "capex": -376000,
      "gross_margin": 0.4481067177125082,
      "op_margin": -0.3391756894179578,
      "fcf_margin": -0.8832924567805228,
      "rev_growth_yoy": -0.03925287356321839,
      "rev_growth_yoy_accel": -1.3668420515745918,
      "op_leverage_ratio": 14.064421793239825,
      "fcf_margin_change": -0.6466003711952707
    },
    {
      "date": "2022-09-30T00:00:00",
      "quarter_label": "2022-09 (Q3)",
      "revenue": 15878000,
      "gross_profit": 5948000,
      "operating_income": -11365000,
      "net_income": 28090000,
      "opex": 27243000,
      "cogs": 9930000,
      "rd": 156000,
      "sga": null,
      "fcf": 3813000,
      "ocf": 3955000,
      "capex": -142000,
      "gross_margin": 0.37460637359869003,
      "op_margin": -0.7157702481420833,
      "fcf_margin": 0.24014359491119788,
      "incr_op_margin_yoy": 0.09492165640738669,
      "rev_growth_yoy": 9.036662452591656,
      "rev_growth_yoy_accel": 9.075915326154874,
      "fcf_margin_change": 1.1234360516917208
    },
    {
      "date": "2022-12-31T00:00:00",
      "quarter_label": "2022-12 (Q4)",
      "revenue": 13121000,
      "gross_profit": 3645000,
      "operating_income": -14549000,
      "net_income": -18386000,
      "opex": 27670000,
      "cogs": 9476000,
      "rd": 135000,
      "sga": null,
      "fcf": -23918000,
      "ocf": -23738000,
      "capex": -180000,
      "gross_margin": 0.2777989482508955,
      "op_margin": -1.108833168203643,
      "fcf_margin": -1.8228793537077967,
      "incr_op_margin_yoy": -1.7700563663037603,
      "fcf_margin_change": -2.0630229486189946
    },
    {
      "date": "2023-03-31T00:00:00",
      "quarter_label": "2023-03 (Q1)",
      "revenue": 14803000,
      "gross_profit": 4845000,
      "operating_income": -9324000,
      "net_income": 9447000,
      "opex": 24127000,
      "cogs": 9958000,
      "rd": 216000,
      "sga": null,
      "fcf": -4432000,
      "ocf": -4349000,
      "capex": -83000,
      "gross_margin": 0.3272985205701547,
      "op_margin": -0.6298723231777342,
      "fcf_margin": -0.29939877051948927,
      "incr_op_margin_yoy": -0.6296296296296297,
      "rev_growth_yoy": 0.09595024801954542,
      "op_leverage_ratio": Infinity,
      "fcf_margin_change": 1.5234805831883076
    },
    {
      "date": "2023-06-30T00:00:00",
      "quarter_label": "2023-06 (Q2)",
      "revenue": 7904000,
      "gross_profit": -1039000,
      "operating_income": -12529000,
      "net_income": -18779000,
      "opex": 20433000,
      "cogs": 8943000,
      "rd": 205000,
      "sga": null,
      "fcf": -14827000,
      "ocf": -14773000,
      "capex": -54000,
      "gross_margin": -0.13145242914979757,
      "op_margin": -1.5851467611336032,
      "fcf_margin": -1.8758856275303644,
      "incr_op_margin_yoy": 0.7782820832860546,
      "rev_growth_yoy": -0.5271878925644553,
      "rev_growth_yoy_accel": -0.6231381405840007,
      "fcf_margin_change": -1.5764868570108752
    },
    {
      "date": "2023-09-30T00:00:00",
      "quarter_label": "2023-09 (Q3)",
      "revenue": 10084000,
      "gross_profit": 237000,
      "operating_income": -15420000,
      "net_income": 1636000,
      "opex": 25504000,
      "cogs": 9847000,
      "rd": 172000,
      "sga": null,
      "fcf": 1145000,
      "ocf": 1160000,
      "capex": -15000,
      "gross_margin": 0.023502578341927805,
      "op_margin": -1.5291550971836574,
      "fcf_margin": 0.11354621182070607,
      "incr_op_margin_yoy": 0.6998619261304798,
      "rev_growth_yoy": -0.3649074190704119,
      "rev_growth_yoy_accel": 0.1622804734940434,
      "op_leverage_ratio": 1.1113429184127894,
      "fcf_margin_change": 1.9894318393510704
    },
    {
      "date": "2023-12-31T00:00:00",
      "quarter_label": "2023-12 (Q4)",
      "revenue": 92311000,
      "gross_profit": 68230000,
      "operating_income": 58209000,
      "net_income": 74756000,
      "opex": 34102000,
      "cogs": 24081000,
      "rd": 142000,
      "sga": null,
      "fcf": -4581000,
      "ocf": -4544000,
      "capex": -37000,
      "gross_margin": 0.7391318477754547,
      "op_margin": 0.630574904399259,
      "fcf_margin": -0.049625721744970805,
      "incr_op_margin_yoy": 0.9187776234373027,
      "rev_growth_yoy": 6.035363158295862,
      "rev_growth_yoy_accel": 6.400270577366274,
      "op_leverage_ratio": 24.187582714133587,
      "fcf_margin_change": -0.16317193356567689
    },
    {
      "date": "2024-03-31T00:00:00",
      "quarter_label": "2024-03 (Q1)",
      "revenue": 24320000,
      "gross_profit": 11955000,
      "operating_income": -2087000,
      "net_income": -186000,
      "opex": 26407000,
      "cogs": 12365000,
      "rd": 134000,
      "sga": null,
      "fcf": 54569000,
      "ocf": 54839000,
      "capex": -270000,
      "gross_margin": 0.4915707236842105,
      "op_margin": -0.08581414473684211,
      "fcf_margin": 2.243791118421053,
      "incr_op_margin_yoy": 0.7604287065251655,
      "rev_growth_yoy": 0.6429102209011687,
      "rev_growth_yoy_accel": -5.392452937394693,
      "fcf_margin_change": 2.2934168401660235
    },
    {
      "date": "2024-06-30T00:00:00",
      "quarter_label": "2024-06 (Q2)",
      "revenue": 25838000,
      "gross_profit": 6758000,
      "operating_income": -4758000,
      "net_income": -8446000,
      "opex": 30596000,
      "cogs": 19080000,
      "rd": 178000,
      "sga": null,
      "fcf": -126735000,
      "ocf": 16138000,
      "capex": -142873000,
      "gross_margin": 0.2615527517609722,
      "op_margin": -0.18414737982816007,
      "fcf_margin": -4.904984905952473,
      "incr_op_margin_yoy": 0.4333110293297647,
      "rev_growth_yoy": 2.2689777327935223,
      "rev_growth_yoy_accel": 1.6260675118923538,
      "op_leverage_ratio": 0.3934747843663228,
      "fcf_margin_change": -7.148776024373525
    },
    {
      "date": "2024-09-30T00:00:00",
      "quarter_label": "2024-09 (Q3)",
      "revenue": 23310000,
      "gross_profit": 2351000,
      "operating_income": -10272000,
      "net_income": -13996000,
      "opex": 33582000,
      "cogs": 20959000,
      "rd": 108000,
      "sga": null,
      "fcf": -2827000,
      "ocf": -593000,
      "capex": -2234000,
      "gross_margin": 0.10085800085800085,
      "op_margin": -0.4406692406692407,
      "fcf_margin": -0.12127842127842128,
      "incr_op_margin_yoy": 0.3892333282927567,
      "rev_growth_yoy": 1.3115827052756843,
      "rev_growth_yoy_accel": -0.957395027517838,
      "fcf_margin_change": 4.783706484674052
    },
    {
      "date": "2024-12-31T00:00:00",
      "quarter_label": "2024-12 (Q4)",
      "revenue": 48844000,
      "gross_profit": 8590000,
      "operating_income": -15809000,
      "net_income": -13429000,
      "opex": 64653000,
      "cogs": 40254000,
      "rd": null,
      "sga": null,
      "fcf": -23552000,
      "ocf": -20262000,
      "capex": -3290000,
      "gross_margin": 0.1758660224387847,
      "op_margin": -0.32366309065596593,
      "fcf_margin": -0.4821881909753501,
      "incr_op_margin_yoy": 1.7028550394552189,
      "rev_growth_yoy": -0.4708756269567007,
      "rev_growth_yoy_accel": -1.782458332232385,
      "op_leverage_ratio": 1.1839351289385085,
      "fcf_margin_change": -0.3609097696969288
    },
    {
      "date": "2025-03-31T00:00:00",
      "quarter_label": "2025-03 (Q1)",
      "revenue": 124422000,
      "gross_profit": 58937000,
      "operating_income": 38305000,
      "net_income": 24287000,
      "opex": 86117000,
      "cogs": 65485000,
      "rd": null,
      "sga": null,
      "fcf": 335000,
      "ocf": 2425000,
      "capex": -2090000,
      "gross_margin": 0.4736863255694331,
      "op_margin": 0.3078635611065567,
      "fcf_margin": 0.0026924498882834225,
      "incr_op_margin_yoy": 0.40350842141016163,
      "rev_growth_yoy": 4.116036184210526,
      "rev_growth_yoy_accel": 4.5869118111672265,
      "op_leverage_ratio": 4.660818536414302,
      "fcf_margin_change": 0.4848806408636335
    },
    {
      "date": "2025-06-30T00:00:00",
      "quarter_label": "2025-06 (Q2)",
      "revenue": 51237000,
      "gross_profit": 6542000,
      "operating_income": -12385000,
      "net_income": -3293000,
      "opex": 63622000,
      "cogs": 44695000,
      "rd": null,
      "sga": null,
      "fcf": 50120000,
      "ocf": 50120000,
      "capex": null,
      "gross_margin": 0.12768116790600542,
      "op_margin": -0.241719850889006,
      "fcf_margin": 0.9781993481273299,
      "incr_op_margin_yoy": -0.3002874128902713,
      "rev_growth_yoy": 0.9830095208607478,
      "rev_growth_yoy_accel": -3.1330266633497783,
      "fcf_margin_change": 0.9755068982390465
    },
    {
      "date": "2025-09-30T00:00:00",
      "quarter_label": "2025-09 (Q3)",
      "revenue": 59446000,
      "gross_profit": 12604000,
      "operating_income": -6426000,
      "net_income": -2730000,
      "opex": 65872000,
      "cogs": 46842000,
      "rd": null,
      "sga": null,
      "fcf": 9547000,
      "ocf": 9547000,
      "capex": null,
      "gross_margin": 0.21202435824109275,
      "op_margin": -0.10809810584395922,
      "fcf_margin": 0.16059953571308414,
      "incr_op_margin_yoy": 0.10643125968563205,
      "rev_growth_yoy": 1.5502359502359502,
      "rev_growth_yoy_accel": 0.5672264293752024,
      "op_leverage_ratio": 4.530345891532378,
      "fcf_margin_change": -0.8175998124142457
    }
  ],
  "signals": [
    {
      "quarter": "2025-09 (Q3)",
      "signal": "OPERATING LEVERAGE",
      "detail": "Rev growth +16.0% vs OpEx growth +3.5% (leverage: 4.5x)",
      "severity": "MEDIUM"
    },
    {
      "quarter": "2025-09 (Q3)",
      "signal": "GROSS MARGIN INFLECTION",
      "detail": "GM: +47.4% -> +12.8% -> +21.2% (reversal +8.4%)",
      "severity": "HIGH"
    },
    {
      "quarter": "2025-09 (Q3)",
      "signal": "YoY REVENUE GROWTH ACCELERATION",
      "detail": "YoY growth: +155.0% vs prior quarter YoY: +98.3% (accel: +56.7%)",
      "severity": "HIGH"
    },
    {
      "quarter": "2025-06 (Q2)",
      "signal": "FCF MARGIN EXPANSION",
      "detail": "FCF margin: +0.3% -> +97.8% (+97.6%)",
      "severity": "MEDIUM"
    },
    {
      "quarter": "2025-06 (Q2)",
      "signal": "YoY REVENUE GROWTH DECELERATION",
      "detail": "YoY growth: +98.3% vs prior quarter YoY: +411.6% (decel: -313.3%)",
      "severity": "WARNING"
    },
    {
      "quarter": "2025-03 (Q1)",
      "signal": "FCF TURNED POSITIVE",
      "detail": "FCF margin: -48.2% -> +0.3%",
      "severity": "HIGH"
    },
    {
      "quarter": "2025-03 (Q1)",
      "signal": "OPERATING LEVERAGE",
      "detail": "Rev growth +154.7% vs OpEx growth +33.2% (leverage: 4.7x)",
      "severity": "MEDIUM"
    },
    {
      "quarter": "2025-03 (Q1)",
      "signal": "YoY REVENUE GROWTH ACCELERATION",
      "detail": "YoY growth: +411.6% vs prior quarter YoY: -47.1% (accel: +458.7%)",
      "severity": "HIGH"
    },
    {
      "quarter": "2025-03 (Q1)",
      "signal": "OP MARGIN TURNED POSITIVE (YoY)",
      "detail": "Op margin: -8.6% (year-ago) -> +30.8%",
      "severity": "HIGH"
    },
    {
      "quarter": "2025-03 (Q1)",
      "signal": "OP MARGIN TURNED POSITIVE (QoQ)",
      "detail": "Op margin: -32.4% -> +30.8%",
      "severity": "HIGH"
    },
    {
      "quarter": "2024-12 (Q4)",
      "signal": "GROSS MARGIN INFLECTION",
      "detail": "GM: +26.2% -> +10.1% -> +17.6% (reversal +7.5%)",
      "severity": "HIGH"
    },
    {
      "quarter": "2024-12 (Q4)",
      "signal": "YoY REVENUE GROWTH DECELERATION",
      "detail": "YoY growth: -47.1% vs prior quarter YoY: +131.2% (decel: -178.2%)",
      "severity": "WARNING"
    },
    {
      "quarter": "2024-09 (Q3)",
      "signal": "FCF MARGIN EXPANSION",
      "detail": "FCF margin: -490.5% -> -12.1% (+478.4%)",
      "severity": "MEDIUM"
    },
    {
      "quarter": "2024-09 (Q3)",
      "signal": "YoY REVENUE GROWTH DECELERATION",
      "detail": "YoY growth: +131.2% vs prior quarter YoY: +226.9% (decel: -95.7%)",
      "severity": "WARNING"
    },
    {
      "quarter": "2024-06 (Q2)",
      "signal": "YoY REVENUE GROWTH ACCELERATION",
      "detail": "YoY growth: +226.9% vs prior quarter YoY: +64.3% (accel: +162.6%)",
      "severity": "HIGH"
    },
    {
      "quarter": "2024-03 (Q1)",
      "signal": "FCF TURNED POSITIVE",
      "detail": "FCF margin: -5.0% -> +224.4%",
      "severity": "HIGH"
    },
    {
      "quarter": "2024-03 (Q1)",
      "signal": "YoY REVENUE GROWTH DECELERATION",
      "detail": "YoY growth: +64.3% vs prior quarter YoY: +603.5% (decel: -539.2%)",
      "severity": "WARNING"
    },
    {
      "quarter": "2023-12 (Q4)",
      "signal": "OPERATING LEVERAGE",
      "detail": "Rev growth +815.4% vs OpEx growth +33.7% (leverage: 24.2x)",
      "severity": "MEDIUM"
    },
    {
      "quarter": "2023-12 (Q4)",
      "signal": "YoY REVENUE GROWTH ACCELERATION",
      "detail": "YoY growth: +603.5% vs prior quarter YoY: -36.5% (accel: +640.0%)",
      "severity": "HIGH"
    },
    {
      "quarter": "2023-12 (Q4)",
      "signal": "OP MARGIN TURNED POSITIVE (YoY)",
      "detail": "Op margin: -110.9% (year-ago) -> +63.1%",
      "severity": "HIGH"
    },
    {
      "quarter": "2023-12 (Q4)",
      "signal": "OP MARGIN TURNED POSITIVE (QoQ)",
      "detail": "Op margin: -152.9% -> +63.1%",
      "severity": "HIGH"
    },
    {
      "quarter": "2023-09 (Q3)",
      "signal": "FCF TURNED POSITIVE",
      "detail": "FCF margin: -187.6% -> +11.4%",
      "severity": "HIGH"
    },
    {
      "quarter": "2023-09 (Q3)",
      "signal": "GROSS MARGIN INFLECTION",
      "detail": "GM: +32.7% -> -13.1% -> +2.4% (reversal +15.5%)",
      "severity": "HIGH"
    },
    {
      "quarter": "2023-09 (Q3)",
      "signal": "YoY REVENUE GROWTH ACCELERATION",
      "detail": "YoY growth: -36.5% vs prior quarter YoY: -52.7% (accel: +16.2%)",
      "severity": "HIGH"
    },
    {
      "quarter": "2023-06 (Q2)",
      "signal": "YoY REVENUE GROWTH DECELERATION",
      "detail": "YoY growth: -52.7% vs prior quarter YoY: +9.6% (decel: -62.3%)",
      "severity": "WARNING"
    },
    {
      "quarter": "2023-03 (Q1)",
      "signal": "FCF MARGIN EXPANSION",
      "detail": "FCF margin: -182.3% -> -29.9% (+152.3%)",
      "severity": "MEDIUM"
    },
    {
      "quarter": "2023-03 (Q1)",
      "signal": "GROSS MARGIN INFLECTION",
      "detail": "GM: +37.5% -> +27.8% -> +32.7% (reversal +4.9%)",
      "severity": "MEDIUM"
    },
    {
      "quarter": "2022-09 (Q3)",
      "signal": "FCF TURNED POSITIVE",
      "detail": "FCF margin: -88.3% -> +24.0%",
      "severity": "HIGH"
    },
    {
      "quarter": "2022-09 (Q3)",
      "signal": "YoY REVENUE GROWTH ACCELERATION",
      "detail": "YoY growth: +903.7% vs prior quarter YoY: -3.9% (accel: +907.6%)",
      "severity": "HIGH"
    },
    {
      "quarter": "2022-06 (Q2)",
      "signal": "OPERATING LEVERAGE",
      "detail": "Rev growth +23.8% vs OpEx growth +1.7% (leverage: 14.1x)",
      "severity": "MEDIUM"
    },
    {
      "quarter": "2022-06 (Q2)",
      "signal": "GROSS MARGIN INFLECTION",
      "detail": "GM: +237.5% -> +35.2% -> +44.8% (reversal +9.6%)",
      "severity": "HIGH"
    },
    {
      "quarter": "2022-06 (Q2)",
      "signal": "YoY REVENUE GROWTH DECELERATION",
      "detail": "YoY growth: -3.9% vs prior quarter YoY: +132.8% (decel: -136.7%)",
      "severity": "WARNING"
    },
    {
      "quarter": "2022-03 (Q1)",
      "signal": "FCF MARGIN EXPANSION",
      "detail": "FCF margin: -176.7% -> -23.7% (+153.0%)",
      "severity": "MEDIUM"
    },
    {
      "quarter": "2022-03 (Q1)",
      "signal": "YoY REVENUE GROWTH ACCELERATION",
      "detail": "YoY growth: +132.8% vs prior quarter YoY: -391.6% (accel: +524.4%)",
      "severity": "HIGH"
    },
    {
      "quarter": "2021-12 (Q4)",
      "signal": "GROSS MARGIN INFLECTION",
      "detail": "GM: +46.8% -> -150.3% -> +237.5% (reversal +387.7%)",
      "severity": "HIGH"
    },
    {
      "quarter": "2021-06 (Q2)",
      "signal": "FCF MARGIN EXPANSION",
      "detail": "FCF margin: -106.0% -> -11.0% (+95.0%)",
      "severity": "MEDIUM"
    },
    {
      "quarter": "2021-06 (Q2)",
      "signal": "OPERATING LEVERAGE",
      "detail": "Rev growth +199.8% vs OpEx growth +37.3% (leverage: 5.4x)",
      "severity": "MEDIUM"
    },
    {
      "quarter": "2021-06 (Q2)",
      "signal": "OP MARGIN TURNED POSITIVE (QoQ)",
      "detail": "Op margin: -97.8% -> +9.4%",
      "severity": "HIGH"
    },
    {
      "quarter": "2021-03 (Q1)",
      "signal": "FCF MARGIN EXPANSION",
      "detail": "FCF margin: -574.7% -> -106.0% (+468.7%)",
      "severity": "MEDIUM"
    }
  ],
  "data_quality": {
    "n_quarters": 20,
    "coverage": {
      "revenue": [
        20,
        20
      ],
      "gross_profit": [
        20,
        20
      ],
      "op_income": [
        20,
        20
      ],
      "fcf": [
        20,
        20
      ]
    },
    "gaps": [],
    "warnings": []
  },
  "market_cap": null,
  "source": "SEC EDGAR",
  "last_updated": "2026-02-02T22:37:00.845713",
  "sector": "Industrials",
  "industry": "Business Equipment & Supplies"
}