{
  "ticker": "ACU",
  "name": "ACME UNITED CORPORATION",
  "quarters": [
    {
      "date": "2020-12-31T00:00:00",
      "quarter_label": "2020-12 (Q4)",
      "revenue": 40870040,
      "gross_profit": 15055714,
      "operating_income": 2896664,
      "net_income": 2043766,
      "opex": 12159050,
      "cogs": 25814326,
      "rd": null,
      "sga": 12159050,
      "fcf": 3491862,
      "ocf": 3980036,
      "capex": -488174,
      "gross_margin": 0.36838021200860094,
      "op_margin": 0.07087499792023692,
      "fcf_margin": 0.08543818405854264
    },
    {
      "date": "2021-03-31T00:00:00",
      "quarter_label": "2021-03 (Q1)",
      "revenue": 43525000,
      "gross_profit": 15587000,
      "operating_income": 2968000,
      "net_income": 2046000,
      "opex": 12619000,
      "cogs": 27938000,
      "rd": null,
      "sga": 12619000,
      "fcf": -1816000,
      "ocf": -336000,
      "capex": -1480000,
      "gross_margin": 0.3581160252728317,
      "op_margin": 0.0681906950028719,
      "fcf_margin": -0.04172314761631246,
      "op_leverage_ratio": 1.7172832768693178,
      "fcf_margin_change": -0.1271613316748551
    },
    {
      "date": "2021-06-30T00:00:00",
      "quarter_label": "2021-06 (Q2)",
      "revenue": 44847000,
      "gross_profit": 16153000,
      "operating_income": 3789000,
      "net_income": 7230000,
      "opex": 12364000,
      "cogs": 28694000,
      "rd": null,
      "sga": 12364000,
      "fcf": -1392000,
      "ocf": 479000,
      "capex": -1871000,
      "gross_margin": 0.360180168127188,
      "op_margin": 0.08448725667268714,
      "fcf_margin": -0.03103886547595157,
      "op_leverage_ratio": Infinity,
      "fcf_margin_change": 0.010684282140360893
    },
    {
      "date": "2021-09-30T00:00:00",
      "quarter_label": "2021-09 (Q3)",
      "revenue": 47923000,
      "gross_profit": 17005000,
      "operating_income": 2961000,
      "net_income": 2046000,
      "opex": 14044000,
      "cogs": 30918000,
      "rd": null,
      "sga": 14044000,
      "fcf": 1395000,
      "ocf": 2836000,
      "capex": -1441000,
      "gross_margin": 0.35484005592304324,
      "op_margin": 0.06178661602988127,
      "fcf_margin": 0.029109196001919746,
      "op_leverage_ratio": 0.5047805926393123,
      "fcf_margin_change": 0.060148061477871315
    },
    {
      "date": "2021-12-31T00:00:00",
      "quarter_label": "2021-12 (Q4)",
      "revenue": 45792559,
      "gross_profit": 16055357,
      "operating_income": 3052987,
      "net_income": 2333679,
      "opex": 13002370,
      "cogs": 29737202,
      "rd": null,
      "sga": 13002370,
      "fcf": 580963,
      "ocf": 2161578,
      "capex": -1580615,
      "gross_margin": 0.35061060902929664,
      "op_margin": 0.066669936484659,
      "fcf_margin": 0.012686842855844767,
      "incr_op_margin_yoy": 0.031756708303208175,
      "rev_growth_yoy": 0.12044321463840016,
      "fcf_margin_change": -0.01642235314607498
    },
    {
      "date": "2022-03-31T00:00:00",
      "quarter_label": "2022-03 (Q1)",
      "revenue": 43333000,
      "gross_profit": 14968000,
      "operating_income": 1371000,
      "net_income": 830000,
      "opex": 13597000,
      "cogs": 28365000,
      "rd": null,
      "sga": 13597000,
      "fcf": -5997000,
      "ocf": -5479000,
      "capex": -518000,
      "gross_margin": 0.34541804167724366,
      "op_margin": 0.03163870491311472,
      "fcf_margin": -0.13839337225670967,
      "rev_growth_yoy": -0.004411257897759908,
      "rev_growth_yoy_accel": -0.12485447253616007,
      "fcf_margin_change": -0.15108021511255443
    },
    {
      "date": "2022-06-30T00:00:00",
      "quarter_label": "2022-06 (Q2)",
      "revenue": 56773000,
      "gross_profit": 18548000,
      "operating_income": 3976000,
      "net_income": 2738000,
      "opex": 14572000,
      "cogs": 38225000,
      "rd": null,
      "sga": 14572000,
      "fcf": -1935000,
      "ocf": 308000,
      "capex": -2243000,
      "gross_margin": 0.3267045954943371,
      "op_margin": 0.0700332904725838,
      "fcf_margin": -0.03408310288341289,
      "incr_op_margin_yoy": 0.015680026832131478,
      "rev_growth_yoy": 0.2659263718866368,
      "rev_growth_yoy_accel": 0.27033762978439674,
      "op_leverage_ratio": 4.325327472933224,
      "fcf_margin_change": 0.10431026937329678
    },
    {
      "date": "2022-09-30T00:00:00",
      "quarter_label": "2022-09 (Q3)",
      "revenue": 49744000,
      "gross_profit": 15925000,
      "operating_income": 953000,
      "net_income": 64000,
      "opex": 14972000,
      "cogs": 33819000,
      "rd": null,
      "sga": 14972000,
      "fcf": -2974000,
      "ocf": -2436000,
      "capex": -538000,
      "gross_margin": 0.3201391122547443,
      "op_margin": 0.019158089417819234,
      "fcf_margin": -0.05978610485686716,
      "incr_op_margin_yoy": -1.1026908292147173,
      "rev_growth_yoy": 0.03799845585626943,
      "rev_growth_yoy_accel": -0.22792791603036738,
      "fcf_margin_change": -0.02570300197345427
    },
    {
      "date": "2022-12-31T00:00:00",
      "quarter_label": "2022-12 (Q4)",
      "revenue": 44113357,
      "gross_profit": 14083785,
      "operating_income": -25698,
      "net_income": -597234,
      "opex": 14109483,
      "cogs": 30029572,
      "rd": null,
      "sga": 14109483,
      "fcf": 9493475,
      "ocf": 10498739,
      "capex": -1005264,
      "gross_margin": 0.3192635056089701,
      "op_margin": -0.0005825446474182411,
      "fcf_margin": 0.21520636028674944,
      "incr_op_margin_yoy": 1.8334214704365526,
      "rev_growth_yoy": -0.03666975676113667,
      "rev_growth_yoy_accel": -0.07466821261740611,
      "fcf_margin_change": 0.2749924651436166
    },
    {
      "date": "2023-03-31T00:00:00",
      "quarter_label": "2023-03 (Q1)",
      "revenue": 45838000,
      "gross_profit": 16281000,
      "operating_income": 2188000,
      "net_income": 990000,
      "opex": 14093000,
      "cogs": 29557000,
      "rd": null,
      "sga": 14093000,
      "fcf": 6975000,
      "ocf": 7676000,
      "capex": -701000,
      "gross_margin": 0.35518565382433787,
      "op_margin": 0.04773332169815437,
      "fcf_margin": 0.1521663248832846,
      "incr_op_margin_yoy": 0.3261477045908184,
      "rev_growth_yoy": 0.05780813698566912,
      "rev_growth_yoy_accel": 0.09447789374680579,
      "op_leverage_ratio": Infinity,
      "fcf_margin_change": -0.06304003540346484
    },
    {
      "date": "2023-06-30T00:00:00",
      "quarter_label": "2023-06 (Q2)",
      "revenue": 53336000,
      "gross_profit": 20022000,
      "operating_income": 5250000,
      "net_income": 3443000,
      "opex": 14772000,
      "cogs": 33314000,
      "rd": null,
      "sga": 14772000,
      "fcf": 1297000,
      "ocf": 2867000,
      "capex": -1570000,
      "gross_margin": 0.37539373031348433,
      "op_margin": 0.09843257837108145,
      "fcf_margin": 0.024317534123293835,
      "incr_op_margin_yoy": -0.37067209775967414,
      "rev_growth_yoy": -0.060539340883870855,
      "rev_growth_yoy_accel": -0.11834747786953997,
      "op_leverage_ratio": 3.3951069017409776,
      "fcf_margin_change": -0.12784879075999078
    },
    {
      "date": "2023-09-30T00:00:00",
      "quarter_label": "2023-09 (Q3)",
      "revenue": 50384000,
      "gross_profit": 19503000,
      "operating_income": 3657000,
      "net_income": 2152000,
      "opex": 15846000,
      "cogs": 30881000,
      "rd": null,
      "sga": 15846000,
      "fcf": 9913000,
      "ocf": 11119000,
      "capex": -1206000,
      "gross_margin": 0.3870871705303271,
      "op_margin": 0.07258256589393458,
      "fcf_margin": 0.19674896792632582,
      "rev_growth_yoy": 0.012865873271148279,
      "rev_growth_yoy_accel": 0.07340521415501913,
      "fcf_margin_change": 0.172431433803032
    },
    {
      "date": "2023-12-31T00:00:00",
      "quarter_label": "2023-12 (Q4)",
      "revenue": 41941947,
      "gross_profit": 16403235,
      "operating_income": 2092617,
      "net_income": 11207160,
      "opex": 14310618,
      "cogs": 25538712,
      "rd": null,
      "sga": 14310618,
      "fcf": 6040778,
      "ocf": 7237495,
      "capex": -1196717,
      "gross_margin": 0.39109378970890407,
      "op_margin": 0.04989317734820465,
      "fcf_margin": 0.1440271239673256,
      "incr_op_margin_yoy": -0.9755481461354604,
      "rev_growth_yoy": -0.04922341321699911,
      "rev_growth_yoy_accel": -0.062089286488147384,
      "fcf_margin_change": -0.05272184395900023
    },
    {
      "date": "2024-03-31T00:00:00",
      "quarter_label": "2024-03 (Q1)",
      "revenue": 44956000,
      "gross_profit": 17396000,
      "operating_income": 2558000,
      "net_income": 1636000,
      "opex": 14838000,
      "cogs": 27560000,
      "rd": null,
      "sga": 14838000,
      "fcf": -11779000,
      "ocf": -10168000,
      "capex": -1611000,
      "gross_margin": 0.3869561348874455,
      "op_margin": 0.05690008007829878,
      "fcf_margin": -0.26201174481715456,
      "rev_growth_yoy": -0.0192416772110476,
      "rev_growth_yoy_accel": 0.029981736005951505,
      "op_leverage_ratio": 1.950003468619716,
      "fcf_margin_change": -0.40603886878448014
    },
    {
      "date": "2024-06-30T00:00:00",
      "quarter_label": "2024-06 (Q2)",
      "revenue": 55425000,
      "gross_profit": 22627000,
      "operating_income": 6375000,
      "net_income": 4452000,
      "opex": 16252000,
      "cogs": 32798000,
      "rd": null,
      "sga": 16252000,
      "fcf": 4408000,
      "ocf": 6898000,
      "capex": -2490000,
      "gross_margin": 0.40824537663509247,
      "op_margin": 0.11502029769959404,
      "fcf_margin": 0.07953089760938205,
      "incr_op_margin_yoy": 0.5385351842987075,
      "rev_growth_yoy": 0.03916679166041698,
      "rev_growth_yoy_accel": 0.05840846887146458,
      "op_leverage_ratio": 2.443675274255274,
      "fcf_margin_change": 0.3415426424265366
    },
    {
      "date": "2024-09-30T00:00:00",
      "quarter_label": "2024-09 (Q3)",
      "revenue": 48166000,
      "gross_profit": 18564000,
      "operating_income": 2926000,
      "net_income": 2226000,
      "opex": 15638000,
      "cogs": 29602000,
      "rd": null,
      "sga": 15638000,
      "fcf": 7523000,
      "ocf": 8874000,
      "capex": -1351000,
      "gross_margin": 0.38541709919860484,
      "op_margin": 0.06074824565045883,
      "fcf_margin": 0.15618901299671967,
      "incr_op_margin_yoy": 0.3295761947700631,
      "rev_growth_yoy": -0.044021911718005714,
      "rev_growth_yoy_accel": -0.08318870337842268,
      "fcf_margin_change": 0.07665811538733762
    },
    {
      "date": "2024-12-31T00:00:00",
      "quarter_label": "2024-12 (Q4)",
      "revenue": 45942991,
      "gross_profit": 17763824,
      "operating_income": 2280942,
      "net_income": 1707351,
      "opex": 15482882,
      "cogs": 28179167,
      "rd": null,
      "sga": 15482882,
      "fcf": 4674592,
      "ocf": 6371240,
      "capex": -1696648,
      "gross_margin": 0.386649271485176,
      "op_margin": 0.049647224752955244,
      "fcf_margin": 0.10174766375136525,
      "incr_op_margin_yoy": 0.047068965000134966,
      "rev_growth_yoy": 0.09539480844797214,
      "rev_growth_yoy_accel": 0.13941672016597786,
      "fcf_margin_change": -0.05444134924535442
    },
    {
      "date": "2025-03-31T00:00:00",
      "quarter_label": "2025-03 (Q1)",
      "revenue": 45958000,
      "gross_profit": 17917000,
      "operating_income": 2426000,
      "net_income": 1653000,
      "opex": 15491000,
      "cogs": 28041000,
      "rd": null,
      "sga": 15491000,
      "fcf": -4690000,
      "ocf": -3337000,
      "capex": -1353000,
      "gross_margin": 0.38985595543757345,
      "op_margin": 0.052787327559946036,
      "fcf_margin": -0.1020496975499369,
      "incr_op_margin_yoy": -0.1317365269461078,
      "rev_growth_yoy": 0.022288459827386777,
      "rev_growth_yoy_accel": -0.07310634862058536,
      "fcf_margin_change": -0.20379736130130216
    },
    {
      "date": "2025-06-30T00:00:00",
      "quarter_label": "2025-06 (Q2)",
      "revenue": 53996000,
      "gross_profit": 22149000,
      "operating_income": 6390000,
      "net_income": 4752000,
      "opex": 15759000,
      "cogs": 31847000,
      "rd": null,
      "sga": 15759000,
      "fcf": 4715000,
      "ocf": 6335000,
      "capex": -1620000,
      "gross_margin": 0.4101970516334543,
      "op_margin": 0.11834209941477146,
      "fcf_margin": 0.0873212830580043,
      "incr_op_margin_yoy": -0.010496850944716585,
      "rev_growth_yoy": -0.025782589084348218,
      "rev_growth_yoy_accel": -0.048071048911735,
      "op_leverage_ratio": 10.109543398807348,
      "fcf_margin_change": 0.1893709806079412
    },
    {
      "date": "2025-09-30T00:00:00",
      "quarter_label": "2025-09 (Q3)",
      "revenue": 49063000,
      "gross_profit": 19195000,
      "operating_income": 3007000,
      "net_income": 1903000,
      "opex": 16188000,
      "cogs": 29868000,
      "rd": null,
      "sga": 16188000,
      "fcf": 301000,
      "ocf": 7081000,
      "capex": -6780000,
      "gross_margin": 0.39123168171534556,
      "op_margin": 0.061288547377861116,
      "fcf_margin": 0.006134969325153374,
      "rev_growth_yoy": 0.01862309512934435,
      "rev_growth_yoy_accel": 0.044405684213692564,
      "fcf_margin_change": -0.08118631373285091
    }
  ],
  "signals": [
    {
      "quarter": "2025-06 (Q2)",
      "signal": "FCF TURNED POSITIVE",
      "detail": "FCF margin: -10.2% -> +8.7%",
      "severity": "HIGH"
    },
    {
      "quarter": "2025-06 (Q2)",
      "signal": "OPERATING LEVERAGE",
      "detail": "Rev growth +17.5% vs OpEx growth +1.7% (leverage: 10.1x)",
      "severity": "MEDIUM"
    },
    {
      "quarter": "2025-03 (Q1)",
      "signal": "YoY REVENUE GROWTH DECELERATION",
      "detail": "YoY growth: +2.2% vs prior quarter YoY: +9.5% (decel: -7.3%)",
      "severity": "WARNING"
    },
    {
      "quarter": "2024-12 (Q4)",
      "signal": "YoY REVENUE GROWTH ACCELERATION",
      "detail": "YoY growth: +9.5% vs prior quarter YoY: -4.4% (accel: +13.9%)",
      "severity": "MEDIUM"
    },
    {
      "quarter": "2024-09 (Q3)",
      "signal": "FCF MARGIN EXPANSION",
      "detail": "FCF margin: +8.0% -> +15.6% (+7.7%)",
      "severity": "MEDIUM"
    },
    {
      "quarter": "2024-09 (Q3)",
      "signal": "YoY REVENUE GROWTH DECELERATION",
      "detail": "YoY growth: -4.4% vs prior quarter YoY: +3.9% (decel: -8.3%)",
      "severity": "WARNING"
    },
    {
      "quarter": "2024-09 (Q3)",
      "signal": "INCREMENTAL MARGIN (YoY)",
      "detail": "YoY Incr OPM: +33.0% vs year-ago OPM: +7.3%",
      "severity": "HIGH"
    },
    {
      "quarter": "2024-06 (Q2)",
      "signal": "FCF TURNED POSITIVE",
      "detail": "FCF margin: -26.2% -> +8.0%",
      "severity": "HIGH"
    },
    {
      "quarter": "2024-06 (Q2)",
      "signal": "OPERATING LEVERAGE",
      "detail": "Rev growth +23.3% vs OpEx growth +9.5% (leverage: 2.4x)",
      "severity": "MEDIUM"
    },
    {
      "quarter": "2024-06 (Q2)",
      "signal": "GROSS MARGIN INFLECTION",
      "detail": "GM: +39.1% -> +38.7% -> +40.8% (reversal +2.1%)",
      "severity": "MEDIUM"
    },
    {
      "quarter": "2024-06 (Q2)",
      "signal": "YoY REVENUE GROWTH ACCELERATION",
      "detail": "YoY growth: +3.9% vs prior quarter YoY: -1.9% (accel: +5.8%)",
      "severity": "MEDIUM"
    },
    {
      "quarter": "2024-06 (Q2)",
      "signal": "INCREMENTAL MARGIN (YoY)",
      "detail": "YoY Incr OPM: +53.9% vs year-ago OPM: +9.8%",
      "severity": "HIGH"
    },
    {
      "quarter": "2024-03 (Q1)",
      "signal": "OPERATING LEVERAGE",
      "detail": "Rev growth +7.2% vs OpEx growth +3.7% (leverage: 2.0x)",
      "severity": "MEDIUM"
    },
    {
      "quarter": "2023-12 (Q4)",
      "signal": "YoY REVENUE GROWTH DECELERATION",
      "detail": "YoY growth: -4.9% vs prior quarter YoY: +1.3% (decel: -6.2%)",
      "severity": "WARNING"
    },
    {
      "quarter": "2023-12 (Q4)",
      "signal": "OP MARGIN TURNED POSITIVE (YoY)",
      "detail": "Op margin: -0.1% (year-ago) -> +5.0%",
      "severity": "HIGH"
    },
    {
      "quarter": "2023-09 (Q3)",
      "signal": "FCF MARGIN EXPANSION",
      "detail": "FCF margin: +2.4% -> +19.7% (+17.2%)",
      "severity": "MEDIUM"
    },
    {
      "quarter": "2023-09 (Q3)",
      "signal": "YoY REVENUE GROWTH ACCELERATION",
      "detail": "YoY growth: +1.3% vs prior quarter YoY: -6.1% (accel: +7.3%)",
      "severity": "MEDIUM"
    },
    {
      "quarter": "2023-06 (Q2)",
      "signal": "OPERATING LEVERAGE",
      "detail": "Rev growth +16.4% vs OpEx growth +4.8% (leverage: 3.4x)",
      "severity": "MEDIUM"
    },
    {
      "quarter": "2023-06 (Q2)",
      "signal": "YoY REVENUE GROWTH DECELERATION",
      "detail": "YoY growth: -6.1% vs prior quarter YoY: +5.8% (decel: -11.8%)",
      "severity": "WARNING"
    },
    {
      "quarter": "2023-03 (Q1)",
      "signal": "GROSS MARGIN INFLECTION",
      "detail": "GM: +32.0% -> +31.9% -> +35.5% (reversal +3.6%)",
      "severity": "MEDIUM"
    },
    {
      "quarter": "2023-03 (Q1)",
      "signal": "YoY REVENUE GROWTH ACCELERATION",
      "detail": "YoY growth: +5.8% vs prior quarter YoY: -3.7% (accel: +9.4%)",
      "severity": "MEDIUM"
    },
    {
      "quarter": "2023-03 (Q1)",
      "signal": "INCREMENTAL MARGIN (YoY)",
      "detail": "YoY Incr OPM: +32.6% vs year-ago OPM: +3.2%",
      "severity": "HIGH"
    },
    {
      "quarter": "2023-03 (Q1)",
      "signal": "OP MARGIN TURNED POSITIVE (QoQ)",
      "detail": "Op margin: -0.1% -> +4.8%",
      "severity": "HIGH"
    },
    {
      "quarter": "2022-12 (Q4)",
      "signal": "FCF TURNED POSITIVE",
      "detail": "FCF margin: -6.0% -> +21.5%",
      "severity": "HIGH"
    },
    {
      "quarter": "2022-12 (Q4)",
      "signal": "YoY REVENUE GROWTH DECELERATION",
      "detail": "YoY growth: -3.7% vs prior quarter YoY: +3.8% (decel: -7.5%)",
      "severity": "WARNING"
    },
    {
      "quarter": "2022-09 (Q3)",
      "signal": "YoY REVENUE GROWTH DECELERATION",
      "detail": "YoY growth: +3.8% vs prior quarter YoY: +26.6% (decel: -22.8%)",
      "severity": "WARNING"
    },
    {
      "quarter": "2022-06 (Q2)",
      "signal": "FCF MARGIN EXPANSION",
      "detail": "FCF margin: -13.8% -> -3.4% (+10.4%)",
      "severity": "MEDIUM"
    },
    {
      "quarter": "2022-06 (Q2)",
      "signal": "OPERATING LEVERAGE",
      "detail": "Rev growth +31.0% vs OpEx growth +7.2% (leverage: 4.3x)",
      "severity": "MEDIUM"
    },
    {
      "quarter": "2022-06 (Q2)",
      "signal": "YoY REVENUE GROWTH ACCELERATION",
      "detail": "YoY growth: +26.6% vs prior quarter YoY: -0.4% (accel: +27.0%)",
      "severity": "HIGH"
    },
    {
      "quarter": "2022-03 (Q1)",
      "signal": "YoY REVENUE GROWTH DECELERATION",
      "detail": "YoY growth: -0.4% vs prior quarter YoY: +12.0% (decel: -12.5%)",
      "severity": "WARNING"
    },
    {
      "quarter": "2021-09 (Q3)",
      "signal": "FCF TURNED POSITIVE",
      "detail": "FCF margin: -3.1% -> +2.9%",
      "severity": "HIGH"
    },
    {
      "quarter": "2021-03 (Q1)",
      "signal": "OPERATING LEVERAGE",
      "detail": "Rev growth +6.5% vs OpEx growth +3.8% (leverage: 1.7x)",
      "severity": "MEDIUM"
    }
  ],
  "data_quality": {
    "n_quarters": 20,
    "coverage": {
      "revenue": [
        20,
        20
      ],
      "gross_profit": [
        20,
        20
      ],
      "op_income": [
        20,
        20
      ],
      "fcf": [
        20,
        20
      ]
    },
    "gaps": [],
    "warnings": []
  },
  "market_cap": null,
  "source": "SEC EDGAR",
  "last_updated": "2026-02-02T23:07:49.582129",
  "sector": "Consumer Defensive",
  "industry": "Household & Personal Products"
}