{
  "ticker": "ADEA",
  "name": "ADEIA INC.",
  "quarters": [
    {
      "date": "2020-12-31T00:00:00",
      "quarter_label": "2020-12 (Q4)",
      "revenue": 433927000,
      "gross_profit": null,
      "operating_income": 189782000,
      "net_income": 179791000,
      "opex": 244145000,
      "cogs": null,
      "rd": 70589000,
      "sga": 76770000,
      "fcf": 293766000,
      "ocf": 298170000,
      "capex": -4404000,
      "gross_margin": null,
      "op_margin": 0.4373592793257852,
      "fcf_margin": 0.676994056603991
    },
    {
      "date": "2021-03-31T00:00:00",
      "quarter_label": "2021-03 (Q1)",
      "revenue": 221596000,
      "gross_profit": 193464000,
      "operating_income": 10399000,
      "net_income": 5287000,
      "opex": 211197000,
      "cogs": 28132000,
      "rd": 55223000,
      "sga": 67430000,
      "fcf": 24957000,
      "ocf": 26729000,
      "capex": -1772000,
      "gross_margin": 0.873048249968411,
      "op_margin": 0.04692774237802126,
      "fcf_margin": 0.11262387407714941,
      "fcf_margin_change": -0.5643701825268417
    },
    {
      "date": "2021-06-30T00:00:00",
      "quarter_label": "2021-06 (Q2)",
      "revenue": 222272000,
      "gross_profit": 195388000,
      "operating_income": 13254000,
      "net_income": -1118000,
      "opex": 209018000,
      "cogs": 26884000,
      "rd": 54408000,
      "sga": 67668000,
      "fcf": 53164000,
      "ocf": 56250000,
      "capex": -3086000,
      "gross_margin": 0.8790490930031672,
      "op_margin": 0.05962964295997696,
      "fcf_margin": 0.23918442268931758,
      "fcf_margin_change": 0.12656054861216817
    },
    {
      "date": "2021-09-30T00:00:00",
      "quarter_label": "2021-09 (Q3)",
      "revenue": 219379000,
      "gross_profit": 186830000,
      "operating_income": 3926000,
      "net_income": -45067000,
      "opex": 215453000,
      "cogs": 32549000,
      "rd": 58766000,
      "sga": 62627000,
      "fcf": 79494000,
      "ocf": 82934000,
      "capex": -3440000,
      "gross_margin": 0.8516311953286322,
      "op_margin": 0.017895969988011615,
      "fcf_margin": 0.3623592048464074,
      "fcf_margin_change": 0.1231747821570898
    },
    {
      "date": "2021-12-31T00:00:00",
      "quarter_label": "2021-12 (Q4)",
      "revenue": 89705000,
      "gross_profit": 50511000,
      "operating_income": 16967000,
      "net_income": -14559000,
      "opex": 72738000,
      "cogs": 39194000,
      "rd": 63828000,
      "sga": 68331000,
      "fcf": 63224000,
      "ocf": 68876000,
      "capex": -5652000,
      "gross_margin": 0.5630789811047322,
      "op_margin": 0.18914218828381918,
      "fcf_margin": 0.7047990635973469,
      "incr_op_margin_yoy": 0.5020451917657791,
      "rev_growth_yoy": -0.7932716793377688,
      "fcf_margin_change": 0.3424398587509395
    },
    {
      "date": "2022-03-31T00:00:00",
      "quarter_label": "2022-03 (Q1)",
      "revenue": 257420000,
      "gross_profit": 229723000,
      "operating_income": 52969000,
      "net_income": 24943000,
      "opex": 204451000,
      "cogs": 27697000,
      "rd": 59370000,
      "sga": 70446000,
      "fcf": 41984000,
      "ocf": 46273000,
      "capex": -4289000,
      "gross_margin": 0.8924054075052443,
      "op_margin": 0.2057687825343796,
      "fcf_margin": 0.16309533058814388,
      "incr_op_margin_yoy": 1.1883095131755248,
      "rev_growth_yoy": 0.16166356793443926,
      "rev_growth_yoy_accel": 0.954935247272208,
      "op_leverage_ratio": 1.0324950300424351,
      "fcf_margin_change": -0.541703733009203
    },
    {
      "date": "2022-06-30T00:00:00",
      "quarter_label": "2022-06 (Q2)",
      "revenue": 234018000,
      "gross_profit": 206944000,
      "operating_income": 24851000,
      "net_income": -5625000,
      "opex": 209167000,
      "cogs": 27074000,
      "rd": 62145000,
      "sga": 72116000,
      "fcf": 36179000,
      "ocf": 40760000,
      "capex": -4581000,
      "gross_margin": 0.8843080446803238,
      "op_margin": 0.10619268603269834,
      "fcf_margin": 0.15459921886350622,
      "incr_op_margin_yoy": 0.9873148305806232,
      "rev_growth_yoy": 0.052845162683558884,
      "rev_growth_yoy_accel": -0.10881840525088038,
      "fcf_margin_change": -0.008496111724637656
    },
    {
      "date": "2022-09-30T00:00:00",
      "quarter_label": "2022-09 (Q3)",
      "revenue": 210941000,
      "gross_profit": 179387000,
      "operating_income": -376216000,
      "net_income": -388929000,
      "opex": 587157000,
      "cogs": 31554000,
      "rd": 68366000,
      "sga": 83958000,
      "fcf": 51303000,
      "ocf": 55009000,
      "capex": -3706000,
      "gross_margin": 0.8504131487003475,
      "op_margin": -1.7835129254151634,
      "fcf_margin": 0.24321018673467937,
      "incr_op_margin_yoy": 45.051196966105714,
      "rev_growth_yoy": -0.03846311634203821,
      "rev_growth_yoy_accel": -0.0913082790255971,
      "fcf_margin_change": 0.08861096787117315
    },
    {
      "date": "2022-12-31T00:00:00",
      "quarter_label": "2022-12 (Q4)",
      "revenue": 103290000,
      "gross_profit": null,
      "operating_income": 33243000,
      "net_income": 73730000,
      "opex": 70047000,
      "cogs": null,
      "rd": -145302000,
      "sga": -90889000,
      "fcf": 40981000,
      "ocf": 40981000,
      "capex": null,
      "gross_margin": null,
      "op_margin": 0.3218414173685739,
      "fcf_margin": 0.39675670442443606,
      "incr_op_margin_yoy": 1.1980861244019139,
      "rev_growth_yoy": 0.15144083384426732,
      "rev_growth_yoy_accel": 0.18990395018630551,
      "fcf_margin_change": 0.1535465176897567
    },
    {
      "date": "2023-03-31T00:00:00",
      "quarter_label": "2023-03 (Q1)",
      "revenue": 117307000,
      "gross_profit": null,
      "operating_income": 55123000,
      "net_income": 29021000,
      "opex": 62184000,
      "cogs": null,
      "rd": 13011000,
      "sga": 22862000,
      "fcf": 62962000,
      "ocf": 63352000,
      "capex": -390000,
      "gross_margin": null,
      "op_margin": 0.4699037568090566,
      "fcf_margin": 0.5367284134791616,
      "incr_op_margin_yoy": -0.01537330583172154,
      "rev_growth_yoy": -0.5442972574003574,
      "rev_growth_yoy_accel": -0.6957380912446247,
      "op_leverage_ratio": Infinity,
      "fcf_margin_change": 0.1399717090547255
    },
    {
      "date": "2023-06-30T00:00:00",
      "quarter_label": "2023-06 (Q2)",
      "revenue": 83217000,
      "gross_profit": null,
      "operating_income": 17723000,
      "net_income": 1419000,
      "opex": 65494000,
      "cogs": null,
      "rd": 13116000,
      "sga": 26394000,
      "fcf": 27561000,
      "ocf": 28716000,
      "capex": -1155000,
      "gross_margin": null,
      "op_margin": 0.21297331074179554,
      "fcf_margin": 0.3311943473088431,
      "incr_op_margin_yoy": 0.047267591063719736,
      "rev_growth_yoy": -0.644399148783427,
      "rev_growth_yoy_accel": -0.10010189138306957,
      "fcf_margin_change": -0.20553406617031844
    },
    {
      "date": "2023-09-30T00:00:00",
      "quarter_label": "2023-09 (Q3)",
      "revenue": 101397000,
      "gross_profit": null,
      "operating_income": 40117000,
      "net_income": 24232000,
      "opex": 61280000,
      "cogs": null,
      "rd": 13768000,
      "sga": 21921000,
      "fcf": 20856000,
      "ocf": 21247000,
      "capex": -391000,
      "gross_margin": null,
      "op_margin": 0.39564286911841573,
      "fcf_margin": 0.20568655877392822,
      "incr_op_margin_yoy": -3.800600671876141,
      "rev_growth_yoy": -0.5193110869864085,
      "rev_growth_yoy_accel": 0.12508806179701848,
      "op_leverage_ratio": Infinity,
      "fcf_margin_change": -0.1255077885349149
    },
    {
      "date": "2023-12-31T00:00:00",
      "quarter_label": "2023-12 (Q4)",
      "revenue": 86867000,
      "gross_profit": null,
      "operating_income": 23267000,
      "net_income": 12700000,
      "opex": 63600000,
      "cogs": null,
      "rd": 14369000,
      "sga": 24049000,
      "fcf": 37564000,
      "ocf": 39440000,
      "capex": -1876000,
      "gross_margin": null,
      "op_margin": 0.26784624771201954,
      "fcf_margin": 0.4324311879079512,
      "incr_op_margin_yoy": 0.6074407842659685,
      "rev_growth_yoy": -0.1589989350372737,
      "rev_growth_yoy_accel": 0.3603121519491348,
      "fcf_margin_change": 0.226744629134023
    },
    {
      "date": "2024-03-31T00:00:00",
      "quarter_label": "2024-03 (Q1)",
      "revenue": 83405000,
      "gross_profit": null,
      "operating_income": 19364000,
      "net_income": 899000,
      "opex": 64041000,
      "cogs": null,
      "rd": 13925000,
      "sga": 24029000,
      "fcf": 66436000,
      "ocf": 67229000,
      "capex": -793000,
      "gross_margin": null,
      "op_margin": 0.23216833523170075,
      "fcf_margin": 0.7965469696061387,
      "incr_op_margin_yoy": 1.054775529467288,
      "rev_growth_yoy": -0.28900236132541113,
      "rev_growth_yoy_accel": -0.13000342628813744,
      "fcf_margin_change": 0.3641157816981875
    },
    {
      "date": "2024-06-30T00:00:00",
      "quarter_label": "2024-06 (Q2)",
      "revenue": 87350000,
      "gross_profit": null,
      "operating_income": 23642000,
      "net_income": 8382000,
      "opex": 63708000,
      "cogs": null,
      "rd": 14799000,
      "sga": 24617000,
      "fcf": 23040000,
      "ocf": 23461000,
      "capex": -421000,
      "gross_margin": null,
      "op_margin": 0.2706582713222667,
      "fcf_margin": 0.26376645678305666,
      "incr_op_margin_yoy": 1.4321316235180257,
      "rev_growth_yoy": 0.049665332804595216,
      "rev_growth_yoy_accel": 0.33866769413000636,
      "op_leverage_ratio": Infinity,
      "fcf_margin_change": -0.532780512823082
    },
    {
      "date": "2024-09-30T00:00:00",
      "quarter_label": "2024-09 (Q3)",
      "revenue": 86101000,
      "gross_profit": null,
      "operating_income": 28121000,
      "net_income": 19314000,
      "opex": 57980000,
      "cogs": null,
      "rd": 14825000,
      "sga": 26903000,
      "fcf": 14251000,
      "ocf": 14311000,
      "capex": -60000,
      "gross_margin": null,
      "op_margin": 0.32660480133796355,
      "fcf_margin": 0.16551491852591724,
      "incr_op_margin_yoy": 0.7842573221757322,
      "rev_growth_yoy": -0.1508525893271004,
      "rev_growth_yoy_accel": -0.20051792213169561,
      "fcf_margin_change": -0.09825153825713942
    },
    {
      "date": "2024-12-31T00:00:00",
      "quarter_label": "2024-12 (Q4)",
      "revenue": 119168000,
      "gross_profit": null,
      "operating_income": 57482000,
      "net_income": 36028000,
      "opex": 61686000,
      "cogs": null,
      "rd": 16049000,
      "sga": 27894000,
      "fcf": 106913000,
      "ocf": 107460000,
      "capex": -547000,
      "gross_margin": null,
      "op_margin": 0.4823610365198711,
      "fcf_margin": 0.8971619897959183,
      "incr_op_margin_yoy": 1.0592551314200798,
      "rev_growth_yoy": 0.37184431372097576,
      "rev_growth_yoy_accel": 0.5226969030480761,
      "op_leverage_ratio": 6.008407726432154,
      "fcf_margin_change": 0.7316470712700011
    },
    {
      "date": "2025-03-31T00:00:00",
      "quarter_label": "2025-03 (Q1)",
      "revenue": 87670000,
      "gross_profit": null,
      "operating_income": 22835000,
      "net_income": 11814000,
      "opex": 64835000,
      "cogs": null,
      "rd": 16467000,
      "sga": 28432000,
      "fcf": 56911000,
      "ocf": 57139000,
      "capex": -228000,
      "gross_margin": null,
      "op_margin": 0.26046538154442794,
      "fcf_margin": 0.6491502224250029,
      "incr_op_margin_yoy": 0.8138335287221571,
      "rev_growth_yoy": 0.05113602302020263,
      "rev_growth_yoy_accel": -0.3207082907007731,
      "fcf_margin_change": -0.24801176737091546
    },
    {
      "date": "2025-06-30T00:00:00",
      "quarter_label": "2025-06 (Q2)",
      "revenue": 85735000,
      "gross_profit": null,
      "operating_income": 16405000,
      "net_income": 16722000,
      "opex": 69330000,
      "cogs": null,
      "rd": 15857000,
      "sga": 32129000,
      "fcf": 22925000,
      "ocf": 23117000,
      "capex": -192000,
      "gross_margin": null,
      "op_margin": 0.1913454248556599,
      "fcf_margin": 0.26739371318598004,
      "incr_op_margin_yoy": 4.481114551083591,
      "rev_growth_yoy": -0.01848883800801374,
      "rev_growth_yoy_accel": -0.06962486102821637,
      "fcf_margin_change": -0.3817565092390228
    },
    {
      "date": "2025-09-30T00:00:00",
      "quarter_label": "2025-09 (Q3)",
      "revenue": 87339000,
      "gross_profit": null,
      "operating_income": 27009000,
      "net_income": 8828000,
      "opex": 60330000,
      "cogs": null,
      "rd": 16040000,
      "sga": 24920000,
      "fcf": 17036000,
      "ocf": 17832000,
      "capex": -796000,
      "gross_margin": null,
      "op_margin": 0.30924329337409406,
      "fcf_margin": 0.19505604598174928,
      "incr_op_margin_yoy": -0.8982229402261712,
      "rev_growth_yoy": 0.014378462503339101,
      "rev_growth_yoy_accel": 0.03286730051135284,
      "op_leverage_ratio": Infinity,
      "fcf_margin_change": -0.07233766720423077
    }
  ],
  "signals": [
    {
      "quarter": "2025-06 (Q2)",
      "signal": "YoY REVENUE GROWTH DECELERATION",
      "detail": "YoY growth: -1.8% vs prior quarter YoY: +5.1% (decel: -7.0%)",
      "severity": "WARNING"
    },
    {
      "quarter": "2025-06 (Q2)",
      "signal": "INCREMENTAL MARGIN (YoY)",
      "detail": "YoY Incr OPM: +448.1% vs year-ago OPM: +27.1%",
      "severity": "HIGH"
    },
    {
      "quarter": "2025-03 (Q1)",
      "signal": "YoY REVENUE GROWTH DECELERATION",
      "detail": "YoY growth: +5.1% vs prior quarter YoY: +37.2% (decel: -32.1%)",
      "severity": "WARNING"
    },
    {
      "quarter": "2025-03 (Q1)",
      "signal": "INCREMENTAL MARGIN (YoY)",
      "detail": "YoY Incr OPM: +81.4% vs year-ago OPM: +23.2%",
      "severity": "HIGH"
    },
    {
      "quarter": "2024-12 (Q4)",
      "signal": "FCF MARGIN EXPANSION",
      "detail": "FCF margin: +16.6% -> +89.7% (+73.2%)",
      "severity": "MEDIUM"
    },
    {
      "quarter": "2024-12 (Q4)",
      "signal": "OPERATING LEVERAGE",
      "detail": "Rev growth +38.4% vs OpEx growth +6.4% (leverage: 6.0x)",
      "severity": "MEDIUM"
    },
    {
      "quarter": "2024-12 (Q4)",
      "signal": "YoY REVENUE GROWTH ACCELERATION",
      "detail": "YoY growth: +37.2% vs prior quarter YoY: -15.1% (accel: +52.3%)",
      "severity": "HIGH"
    },
    {
      "quarter": "2024-12 (Q4)",
      "signal": "INCREMENTAL MARGIN (YoY)",
      "detail": "YoY Incr OPM: +105.9% vs year-ago OPM: +26.8%",
      "severity": "HIGH"
    },
    {
      "quarter": "2024-09 (Q3)",
      "signal": "YoY REVENUE GROWTH DECELERATION",
      "detail": "YoY growth: -15.1% vs prior quarter YoY: +5.0% (decel: -20.1%)",
      "severity": "WARNING"
    },
    {
      "quarter": "2024-09 (Q3)",
      "signal": "INCREMENTAL MARGIN (YoY)",
      "detail": "YoY Incr OPM: +78.4% vs year-ago OPM: +39.6%",
      "severity": "HIGH"
    },
    {
      "quarter": "2024-06 (Q2)",
      "signal": "YoY REVENUE GROWTH ACCELERATION",
      "detail": "YoY growth: +5.0% vs prior quarter YoY: -28.9% (accel: +33.9%)",
      "severity": "HIGH"
    },
    {
      "quarter": "2024-06 (Q2)",
      "signal": "INCREMENTAL MARGIN (YoY)",
      "detail": "YoY Incr OPM: +143.2% vs year-ago OPM: +21.3%",
      "severity": "HIGH"
    },
    {
      "quarter": "2024-03 (Q1)",
      "signal": "FCF MARGIN EXPANSION",
      "detail": "FCF margin: +43.2% -> +79.7% (+36.4%)",
      "severity": "MEDIUM"
    },
    {
      "quarter": "2024-03 (Q1)",
      "signal": "YoY REVENUE GROWTH DECELERATION",
      "detail": "YoY growth: -28.9% vs prior quarter YoY: -15.9% (decel: -13.0%)",
      "severity": "WARNING"
    },
    {
      "quarter": "2024-03 (Q1)",
      "signal": "INCREMENTAL MARGIN (YoY)",
      "detail": "YoY Incr OPM: +105.5% vs year-ago OPM: +47.0%",
      "severity": "HIGH"
    },
    {
      "quarter": "2023-12 (Q4)",
      "signal": "FCF MARGIN EXPANSION",
      "detail": "FCF margin: +20.6% -> +43.2% (+22.7%)",
      "severity": "MEDIUM"
    },
    {
      "quarter": "2023-12 (Q4)",
      "signal": "YoY REVENUE GROWTH ACCELERATION",
      "detail": "YoY growth: -15.9% vs prior quarter YoY: -51.9% (accel: +36.0%)",
      "severity": "HIGH"
    },
    {
      "quarter": "2023-12 (Q4)",
      "signal": "INCREMENTAL MARGIN (YoY)",
      "detail": "YoY Incr OPM: +60.7% vs year-ago OPM: +32.2%",
      "severity": "HIGH"
    },
    {
      "quarter": "2023-09 (Q3)",
      "signal": "YoY REVENUE GROWTH ACCELERATION",
      "detail": "YoY growth: -51.9% vs prior quarter YoY: -64.4% (accel: +12.5%)",
      "severity": "MEDIUM"
    },
    {
      "quarter": "2023-09 (Q3)",
      "signal": "OP MARGIN TURNED POSITIVE (YoY)",
      "detail": "Op margin: -178.4% (year-ago) -> +39.6%",
      "severity": "HIGH"
    },
    {
      "quarter": "2023-06 (Q2)",
      "signal": "YoY REVENUE GROWTH DECELERATION",
      "detail": "YoY growth: -64.4% vs prior quarter YoY: -54.4% (decel: -10.0%)",
      "severity": "WARNING"
    },
    {
      "quarter": "2023-03 (Q1)",
      "signal": "FCF MARGIN EXPANSION",
      "detail": "FCF margin: +39.7% -> +53.7% (+14.0%)",
      "severity": "MEDIUM"
    },
    {
      "quarter": "2023-03 (Q1)",
      "signal": "YoY REVENUE GROWTH DECELERATION",
      "detail": "YoY growth: -54.4% vs prior quarter YoY: +15.1% (decel: -69.6%)",
      "severity": "WARNING"
    },
    {
      "quarter": "2022-12 (Q4)",
      "signal": "FCF MARGIN EXPANSION",
      "detail": "FCF margin: +24.3% -> +39.7% (+15.4%)",
      "severity": "MEDIUM"
    },
    {
      "quarter": "2022-12 (Q4)",
      "signal": "YoY REVENUE GROWTH ACCELERATION",
      "detail": "YoY growth: +15.1% vs prior quarter YoY: -3.8% (accel: +19.0%)",
      "severity": "HIGH"
    },
    {
      "quarter": "2022-12 (Q4)",
      "signal": "INCREMENTAL MARGIN (YoY)",
      "detail": "YoY Incr OPM: +119.8% vs year-ago OPM: +18.9%",
      "severity": "HIGH"
    },
    {
      "quarter": "2022-12 (Q4)",
      "signal": "OP MARGIN TURNED POSITIVE (QoQ)",
      "detail": "Op margin: -178.4% -> +32.2%",
      "severity": "HIGH"
    },
    {
      "quarter": "2022-09 (Q3)",
      "signal": "FCF MARGIN EXPANSION",
      "detail": "FCF margin: +15.5% -> +24.3% (+8.9%)",
      "severity": "MEDIUM"
    },
    {
      "quarter": "2022-09 (Q3)",
      "signal": "YoY REVENUE GROWTH DECELERATION",
      "detail": "YoY growth: -3.8% vs prior quarter YoY: +5.3% (decel: -9.1%)",
      "severity": "WARNING"
    },
    {
      "quarter": "2022-06 (Q2)",
      "signal": "YoY REVENUE GROWTH DECELERATION",
      "detail": "YoY growth: +5.3% vs prior quarter YoY: +16.2% (decel: -10.9%)",
      "severity": "WARNING"
    },
    {
      "quarter": "2022-06 (Q2)",
      "signal": "INCREMENTAL MARGIN (YoY)",
      "detail": "YoY Incr OPM: +98.7% vs year-ago OPM: +6.0%",
      "severity": "HIGH"
    },
    {
      "quarter": "2022-03 (Q1)",
      "signal": "GROSS MARGIN INFLECTION",
      "detail": "GM: +85.2% -> +56.3% -> +89.2% (reversal +32.9%)",
      "severity": "HIGH"
    },
    {
      "quarter": "2022-03 (Q1)",
      "signal": "YoY REVENUE GROWTH ACCELERATION",
      "detail": "YoY growth: +16.2% vs prior quarter YoY: -79.3% (accel: +95.5%)",
      "severity": "HIGH"
    },
    {
      "quarter": "2022-03 (Q1)",
      "signal": "INCREMENTAL MARGIN (YoY)",
      "detail": "YoY Incr OPM: +118.8% vs year-ago OPM: +4.7%",
      "severity": "HIGH"
    },
    {
      "quarter": "2021-12 (Q4)",
      "signal": "FCF MARGIN EXPANSION",
      "detail": "FCF margin: +36.2% -> +70.5% (+34.2%)",
      "severity": "MEDIUM"
    },
    {
      "quarter": "2021-09 (Q3)",
      "signal": "FCF MARGIN EXPANSION",
      "detail": "FCF margin: +23.9% -> +36.2% (+12.3%)",
      "severity": "MEDIUM"
    },
    {
      "quarter": "2021-06 (Q2)",
      "signal": "FCF MARGIN EXPANSION",
      "detail": "FCF margin: +11.3% -> +23.9% (+12.7%)",
      "severity": "MEDIUM"
    }
  ],
  "data_quality": {
    "n_quarters": 20,
    "coverage": {
      "revenue": [
        20,
        20
      ],
      "gross_profit": [
        7,
        20
      ],
      "op_income": [
        20,
        20
      ],
      "fcf": [
        20,
        20
      ]
    },
    "gaps": [],
    "warnings": [
      "gross_profit: 7/20Q"
    ]
  },
  "market_cap": null,
  "source": "SEC EDGAR",
  "last_updated": "2026-02-02T21:36:26.589589",
  "sector": "Technology",
  "industry": "Software - Application"
}