{
  "ticker": "ADI",
  "name": "Analog Devices, Inc.",
  "quarters": [
    {
      "date": "2021-01-30T00:00:00",
      "quarter_label": "2021-01 (Q1)",
      "revenue": 1558458000,
      "gross_profit": 1045371000,
      "operating_income": 463860000,
      "net_income": 388519000,
      "opex": 581511000,
      "cogs": 513087000,
      "rd": 288150000,
      "sga": 185275000,
      "fcf": 360553000,
      "ocf": 427941000,
      "capex": -67388000,
      "gross_margin": 0.6707726483485599,
      "op_margin": 0.2976403598942031,
      "fcf_margin": 0.23135240089883718
    },
    {
      "date": "2021-05-01T00:00:00",
      "quarter_label": "2021-05 (Q2)",
      "revenue": 1661407000,
      "gross_profit": 1136637000,
      "operating_income": 519690000,
      "net_income": 422905000,
      "opex": 616947000,
      "cogs": 524770000,
      "rd": 302238000,
      "sga": 206612000,
      "fcf": 677192000,
      "ocf": 736362000,
      "capex": -59170000,
      "gross_margin": 0.6841412128394788,
      "op_margin": 0.31280113783076635,
      "fcf_margin": 0.40760150884160234,
      "op_leverage_ratio": 1.0840274287190308,
      "fcf_margin_change": 0.17624910794276516
    },
    {
      "date": "2021-07-31T00:00:00",
      "quarter_label": "2021-07 (Q3)",
      "revenue": 1758853000,
      "gross_profit": 1221184000,
      "operating_income": 609646000,
      "net_income": 503311000,
      "opex": 611538000,
      "cogs": 537669000,
      "rd": 306617000,
      "sga": 206076000,
      "fcf": 543701000,
      "ocf": 630042000,
      "capex": -86341000,
      "gross_margin": 0.6943070285009606,
      "op_margin": 0.34661566373085184,
      "fcf_margin": 0.3091224792521035,
      "op_leverage_ratio": Infinity,
      "fcf_margin_change": -0.09847902958949883
    },
    {
      "date": "2021-10-30T00:00:00",
      "quarter_label": "2021-10 (Q4)",
      "revenue": 2339568000,
      "gross_profit": 1121820000,
      "operating_income": 99005000,
      "net_income": 75687000,
      "opex": 1022815000,
      "cogs": 1217748000,
      "rd": 399121000,
      "sga": 317455000,
      "fcf": 809947000,
      "ocf": 940724000,
      "capex": -130777000,
      "gross_margin": 0.47949877926181245,
      "op_margin": 0.04231764154749937,
      "fcf_margin": 0.3461951095244934,
      "op_leverage_ratio": 0.4909333390694682,
      "fcf_margin_change": 0.037072630272389884
    },
    {
      "date": "2022-01-29T00:00:00",
      "quarter_label": "2022-01 (Q1)",
      "revenue": 2684293000,
      "gross_profit": 1401997000,
      "operating_income": 364757000,
      "net_income": 280077000,
      "opex": 1037240000,
      "cogs": 1282296000,
      "rd": 426780000,
      "sga": 297365000,
      "fcf": 745280000,
      "ocf": 856413000,
      "capex": -111133000,
      "gross_margin": 0.5222965600253028,
      "op_margin": 0.1358856875907362,
      "fcf_margin": 0.27764480256067425,
      "incr_op_margin_yoy": -0.08802622053853362,
      "rev_growth_yoy": 0.7224031703132199,
      "op_leverage_ratio": 10.4476442078729,
      "fcf_margin_change": -0.06855030696381914
    },
    {
      "date": "2022-04-30T00:00:00",
      "quarter_label": "2022-04 (Q2)",
      "revenue": 2972064000,
      "gross_profit": 1944520000,
      "operating_income": 918161000,
      "net_income": 783273000,
      "opex": 1026359000,
      "cogs": 1027544000,
      "rd": 420901000,
      "sga": 305308000,
      "fcf": 1103028000,
      "ocf": 1221807000,
      "capex": -118779000,
      "gross_margin": 0.6542658569936582,
      "op_margin": 0.30893042680103794,
      "fcf_margin": 0.37113198100713846,
      "incr_op_margin_yoy": 0.30402385978940333,
      "rev_growth_yoy": 0.788883759367813,
      "rev_growth_yoy_accel": 0.06648058905459309,
      "op_leverage_ratio": Infinity,
      "fcf_margin_change": 0.0934871784464642
    },
    {
      "date": "2022-07-30T00:00:00",
      "quarter_label": "2022-07 (Q3)",
      "revenue": 3109880000,
      "gross_profit": 2043142000,
      "operating_income": 893306000,
      "net_income": 748985000,
      "opex": 1149836000,
      "cogs": 1066738000,
      "rd": 431829000,
      "sga": 326942000,
      "fcf": 1082962000,
      "ocf": 1247846000,
      "capex": -164884000,
      "gross_margin": 0.6569841923161023,
      "op_margin": 0.28724773946261595,
      "fcf_margin": 0.348232729237141,
      "incr_op_margin_yoy": 0.20995879430981024,
      "rev_growth_yoy": 0.7681295708055192,
      "rev_growth_yoy_accel": -0.02075418856229372,
      "op_leverage_ratio": 0.3854381597174062,
      "fcf_margin_change": -0.022899251769997464
    },
    {
      "date": "2022-10-29T00:00:00",
      "quarter_label": "2022-10 (Q4)",
      "revenue": 3247716000,
      "gross_profit": 2142815000,
      "operating_income": 1102476000,
      "net_income": 936226000,
      "opex": 1040339000,
      "cogs": 1104901000,
      "rd": 421008000,
      "sga": 336560000,
      "fcf": 844824000,
      "ocf": 1149336000,
      "capex": -304512000,
      "gross_margin": 0.6597913733836333,
      "op_margin": 0.3394619480274753,
      "fcf_margin": 0.26012865656972467,
      "incr_op_margin_yoy": 1.1049641688359166,
      "rev_growth_yoy": 0.3881690978847377,
      "rev_growth_yoy_accel": -0.37996047292078156,
      "op_leverage_ratio": Infinity,
      "fcf_margin_change": -0.08810407266741632
    },
    {
      "date": "2023-01-28T00:00:00",
      "quarter_label": "2023-01 (Q1)",
      "revenue": 3249630000,
      "gross_profit": 2124341000,
      "operating_income": 1130820000,
      "net_income": 961474000,
      "opex": 993521000,
      "cogs": 1125289000,
      "rd": 414095000,
      "sga": 326284000,
      "fcf": 1230147000,
      "ocf": 1406305000,
      "capex": -176158000,
      "gross_margin": 0.6537178078735117,
      "op_margin": 0.3479842320510335,
      "fcf_margin": 0.37854986567701554,
      "incr_op_margin_yoy": 1.3550554801826167,
      "rev_growth_yoy": 0.21060927402485496,
      "rev_growth_yoy_accel": -0.17755982385988273,
      "fcf_margin_change": 0.11842120910729087
    },
    {
      "date": "2023-04-29T00:00:00",
      "quarter_label": "2023-04 (Q2)",
      "revenue": 3262930000,
      "gross_profit": 2144546000,
      "operating_income": 1128384000,
      "net_income": 977656000,
      "opex": 1016162000,
      "cogs": 1118384000,
      "rd": 415754000,
      "sga": 324251000,
      "fcf": 797243000,
      "ocf": 1081581000,
      "capex": -284338000,
      "gross_margin": 0.6572454818215531,
      "op_margin": 0.3458192483442795,
      "fcf_margin": 0.2443334671598839,
      "incr_op_margin_yoy": 0.722748619639284,
      "rev_growth_yoy": 0.0978666677433595,
      "rev_growth_yoy_accel": -0.11274260628149546,
      "fcf_margin_change": -0.13421639851713163
    },
    {
      "date": "2023-07-29T00:00:00",
      "quarter_label": "2023-07 (Q3)",
      "revenue": 3076495000,
      "gross_profit": 1961615000,
      "operating_income": 929493000,
      "net_income": 877019000,
      "opex": 1032122000,
      "cogs": 1114880000,
      "rd": 423751000,
      "sga": 334113000,
      "fcf": 817880000,
      "ocf": 1142454000,
      "capex": -324574000,
      "gross_margin": 0.6376135829897335,
      "op_margin": 0.3021272584548325,
      "fcf_margin": 0.2658479861010663,
      "incr_op_margin_yoy": -1.0839299086416054,
      "rev_growth_yoy": -0.010735140905758422,
      "rev_growth_yoy_accel": -0.10860180864911792,
      "fcf_margin_change": 0.021514518941182392
    },
    {
      "date": "2023-10-28T00:00:00",
      "quarter_label": "2023-10 (Q4)",
      "revenue": 2716484000,
      "gross_profit": 1646716000,
      "operating_income": 634415000,
      "net_income": 498430000,
      "opex": 1012301000,
      "cogs": 1069768000,
      "rd": 406594000,
      "sga": 288936000,
      "fcf": 710901000,
      "ocf": 1187294000,
      "capex": -476393000,
      "gross_margin": 0.6061938888651655,
      "op_margin": 0.23354269710405068,
      "fcf_margin": 0.26169894613772804,
      "incr_op_margin_yoy": 0.8810858532618517,
      "rev_growth_yoy": -0.16357095263255778,
      "rev_growth_yoy_accel": -0.15283581172679936,
      "fcf_margin_change": -0.0041490399633382635
    },
    {
      "date": "2024-02-03T00:00:00",
      "quarter_label": "2024-02 (Q1)",
      "revenue": 2512704000,
      "gross_profit": 1473941000,
      "operating_income": 585964000,
      "net_income": 462727000,
      "opex": 887977000,
      "cogs": 1038763000,
      "rd": 391427000,
      "sga": 290078000,
      "fcf": 915854000,
      "ocf": 1138832000,
      "capex": -222978000,
      "gross_margin": 0.586595556022516,
      "op_margin": 0.2332005679936833,
      "fcf_margin": 0.36448941061103896,
      "incr_op_margin_yoy": 0.7393632467846161,
      "rev_growth_yoy": -0.22677227869018934,
      "rev_growth_yoy_accel": -0.06320132605763157,
      "fcf_margin_change": 0.10279046447331092
    },
    {
      "date": "2024-05-04T00:00:00",
      "quarter_label": "2024-05 (Q2)",
      "revenue": 2159039000,
      "gross_profit": 1180035000,
      "operating_income": 386123000,
      "net_income": 302242000,
      "opex": 793912000,
      "cogs": 979004000,
      "rd": 354862000,
      "sga": 244129000,
      "fcf": 619664000,
      "ocf": 807853000,
      "capex": -188189000,
      "gross_margin": 0.5465556666646596,
      "op_margin": 0.17884021548475965,
      "fcf_margin": 0.28700917398898307,
      "incr_op_margin_yoy": 0.6724042500572973,
      "rev_growth_yoy": -0.33831280474910586,
      "rev_growth_yoy_accel": -0.11154052605891651,
      "fcf_margin_change": -0.07748023662205589
    },
    {
      "date": "2024-08-03T00:00:00",
      "quarter_label": "2024-08 (Q3)",
      "revenue": 2312209000,
      "gross_profit": 1311239000,
      "operating_income": 491319000,
      "net_income": 392232000,
      "opex": 819920000,
      "cogs": 1000970000,
      "rd": 362671000,
      "sga": 257213000,
      "fcf": 701141000,
      "ocf": 855027000,
      "capex": -153886000,
      "gross_margin": 0.5670936321067862,
      "op_margin": 0.21248900942778096,
      "fcf_margin": 0.30323426645255686,
      "incr_op_margin_yoy": 0.5733115613788555,
      "rev_growth_yoy": -0.24842751247767345,
      "rev_growth_yoy_accel": 0.08988529227143241,
      "op_leverage_ratio": 2.1656019554454504,
      "fcf_margin_change": 0.016225092463573787
    },
    {
      "date": "2024-11-02T00:00:00",
      "quarter_label": "2024-11 (Q4)",
      "revenue": 2443205000,
      "gross_profit": 1416128000,
      "operating_income": 569392000,
      "net_income": 478072000,
      "opex": 846736000,
      "cogs": 1027077000,
      "rd": 378903000,
      "sga": 277220000,
      "fcf": 885407000,
      "ocf": 1050817000,
      "capex": -165410000,
      "gross_margin": 0.5796189840803371,
      "op_margin": 0.23305125849038455,
      "fcf_margin": 0.36239570564074647,
      "incr_op_margin_yoy": 0.23793632148829585,
      "rev_growth_yoy": -0.10060026122001824,
      "rev_growth_yoy_accel": 0.14782725125765522,
      "op_leverage_ratio": 1.7322414660075691,
      "fcf_margin_change": 0.05916143918818961
    },
    {
      "date": "2025-02-01T00:00:00",
      "quarter_label": "2025-02 (Q1)",
      "revenue": 2423174000,
      "gross_profit": 1430303000,
      "operating_income": 491313000,
      "net_income": 391316000,
      "opex": 938990000,
      "cogs": 992871000,
      "rd": 402892000,
      "sga": 284796000,
      "fcf": 977831000,
      "ocf": 1126809000,
      "capex": -148978000,
      "gross_margin": 0.5902601298957483,
      "op_margin": 0.20275597212581514,
      "fcf_margin": 0.40353313464076457,
      "incr_op_margin_yoy": 1.0571987043449123,
      "rev_growth_yoy": -0.03563093782634166,
      "rev_growth_yoy_accel": 0.06496932339367657,
      "fcf_margin_change": 0.0411374290000181
    },
    {
      "date": "2025-05-03T00:00:00",
      "quarter_label": "2025-05 (Q2)",
      "revenue": 2640068000,
      "gross_profit": 1611610000,
      "operating_income": 677944000,
      "net_income": 569770000,
      "opex": 933666000,
      "cogs": 1028458000,
      "rd": 441837000,
      "sga": 302669000,
      "fcf": 729210000,
      "ocf": 819478000,
      "capex": -90268000,
      "gross_margin": 0.6104426098115655,
      "op_margin": 0.25679035539993667,
      "fcf_margin": 0.2762087946219567,
      "incr_op_margin_yoy": 0.6066598895284899,
      "rev_growth_yoy": 0.22279773547397708,
      "rev_growth_yoy_accel": 0.2584286733003187,
      "op_leverage_ratio": Infinity,
      "fcf_margin_change": -0.12732434001880788
    },
    {
      "date": "2025-08-02T00:00:00",
      "quarter_label": "2025-08 (Q3)",
      "revenue": 2880348000,
      "gross_profit": 1789748000,
      "operating_income": 818028000,
      "net_income": 518518000,
      "opex": 971720000,
      "cogs": 1090600000,
      "rd": 454251000,
      "sga": 325706000,
      "fcf": 1085952000,
      "ocf": 1165105000,
      "capex": -79153000,
      "gross_margin": 0.6213651961499097,
      "op_margin": 0.284003182948727,
      "fcf_margin": 0.37702110994921445,
      "incr_op_margin_yoy": 0.5750511758566126,
      "rev_growth_yoy": 0.24571264967829465,
      "rev_growth_yoy_accel": 0.02291491420431757,
      "op_leverage_ratio": 2.233025797288752,
      "fcf_margin_change": 0.10081231532725776
    },
    {
      "date": "2025-11-01T00:00:00",
      "quarter_label": "2025-11 (Q4)",
      "revenue": 3076117000,
      "gross_profit": 1941817000,
      "operating_income": 945211000,
      "net_income": 787738000,
      "opex": 996606000,
      "cogs": 1134300000,
      "rd": 467021000,
      "sga": 342168000,
      "fcf": 1485657000,
      "ocf": 1700810000,
      "capex": -215153000,
      "gross_margin": 0.6312558982639477,
      "op_margin": 0.307274073125307,
      "fcf_margin": 0.4829650497689132,
      "incr_op_margin_yoy": 0.5937934499582881,
      "rev_growth_yoy": 0.2590498955265727,
      "rev_growth_yoy_accel": 0.013337245848278056,
      "op_leverage_ratio": 2.653902755058359,
      "fcf_margin_change": 0.10594393981969874
    }
  ],
  "signals": [
    {
      "quarter": "2025-11 (Q4)",
      "signal": "FCF MARGIN EXPANSION",
      "detail": "FCF margin: +37.7% -> +48.3% (+10.6%)",
      "severity": "MEDIUM"
    },
    {
      "quarter": "2025-11 (Q4)",
      "signal": "OPERATING LEVERAGE",
      "detail": "Rev growth +6.8% vs OpEx growth +2.6% (leverage: 2.7x)",
      "severity": "MEDIUM"
    },
    {
      "quarter": "2025-11 (Q4)",
      "signal": "INCREMENTAL MARGIN (YoY)",
      "detail": "YoY Incr OPM: +59.4% vs year-ago OPM: +23.3%",
      "severity": "HIGH"
    },
    {
      "quarter": "2025-08 (Q3)",
      "signal": "FCF MARGIN EXPANSION",
      "detail": "FCF margin: +27.6% -> +37.7% (+10.1%)",
      "severity": "MEDIUM"
    },
    {
      "quarter": "2025-08 (Q3)",
      "signal": "OPERATING LEVERAGE",
      "detail": "Rev growth +9.1% vs OpEx growth +4.1% (leverage: 2.2x)",
      "severity": "MEDIUM"
    },
    {
      "quarter": "2025-08 (Q3)",
      "signal": "INCREMENTAL MARGIN (YoY)",
      "detail": "YoY Incr OPM: +57.5% vs year-ago OPM: +21.2%",
      "severity": "HIGH"
    },
    {
      "quarter": "2025-05 (Q2)",
      "signal": "YoY REVENUE GROWTH ACCELERATION",
      "detail": "YoY growth: +22.3% vs prior quarter YoY: -3.6% (accel: +25.8%)",
      "severity": "HIGH"
    },
    {
      "quarter": "2025-05 (Q2)",
      "signal": "INCREMENTAL MARGIN (YoY)",
      "detail": "YoY Incr OPM: +60.7% vs year-ago OPM: +17.9%",
      "severity": "HIGH"
    },
    {
      "quarter": "2025-02 (Q1)",
      "signal": "YoY REVENUE GROWTH ACCELERATION",
      "detail": "YoY growth: -3.6% vs prior quarter YoY: -10.1% (accel: +6.5%)",
      "severity": "MEDIUM"
    },
    {
      "quarter": "2025-02 (Q1)",
      "signal": "INCREMENTAL MARGIN (YoY)",
      "detail": "YoY Incr OPM: +105.7% vs year-ago OPM: +23.3%",
      "severity": "HIGH"
    },
    {
      "quarter": "2024-11 (Q4)",
      "signal": "FCF MARGIN EXPANSION",
      "detail": "FCF margin: +30.3% -> +36.2% (+5.9%)",
      "severity": "MEDIUM"
    },
    {
      "quarter": "2024-11 (Q4)",
      "signal": "OPERATING LEVERAGE",
      "detail": "Rev growth +5.7% vs OpEx growth +3.3% (leverage: 1.7x)",
      "severity": "MEDIUM"
    },
    {
      "quarter": "2024-11 (Q4)",
      "signal": "YoY REVENUE GROWTH ACCELERATION",
      "detail": "YoY growth: -10.1% vs prior quarter YoY: -24.8% (accel: +14.8%)",
      "severity": "MEDIUM"
    },
    {
      "quarter": "2024-08 (Q3)",
      "signal": "OPERATING LEVERAGE",
      "detail": "Rev growth +7.1% vs OpEx growth +3.3% (leverage: 2.2x)",
      "severity": "MEDIUM"
    },
    {
      "quarter": "2024-08 (Q3)",
      "signal": "GROSS MARGIN INFLECTION",
      "detail": "GM: +58.7% -> +54.7% -> +56.7% (reversal +2.1%)",
      "severity": "MEDIUM"
    },
    {
      "quarter": "2024-08 (Q3)",
      "signal": "YoY REVENUE GROWTH ACCELERATION",
      "detail": "YoY growth: -24.8% vs prior quarter YoY: -33.8% (accel: +9.0%)",
      "severity": "MEDIUM"
    },
    {
      "quarter": "2024-08 (Q3)",
      "signal": "INCREMENTAL MARGIN (YoY)",
      "detail": "YoY Incr OPM: +57.3% vs year-ago OPM: +30.2%",
      "severity": "HIGH"
    },
    {
      "quarter": "2024-05 (Q2)",
      "signal": "YoY REVENUE GROWTH DECELERATION",
      "detail": "YoY growth: -33.8% vs prior quarter YoY: -22.7% (decel: -11.2%)",
      "severity": "WARNING"
    },
    {
      "quarter": "2024-05 (Q2)",
      "signal": "INCREMENTAL MARGIN (YoY)",
      "detail": "YoY Incr OPM: +67.2% vs year-ago OPM: +34.6%",
      "severity": "HIGH"
    },
    {
      "quarter": "2024-02 (Q1)",
      "signal": "FCF MARGIN EXPANSION",
      "detail": "FCF margin: +26.2% -> +36.4% (+10.3%)",
      "severity": "MEDIUM"
    },
    {
      "quarter": "2024-02 (Q1)",
      "signal": "YoY REVENUE GROWTH DECELERATION",
      "detail": "YoY growth: -22.7% vs prior quarter YoY: -16.4% (decel: -6.3%)",
      "severity": "WARNING"
    },
    {
      "quarter": "2024-02 (Q1)",
      "signal": "INCREMENTAL MARGIN (YoY)",
      "detail": "YoY Incr OPM: +73.9% vs year-ago OPM: +34.8%",
      "severity": "HIGH"
    },
    {
      "quarter": "2023-10 (Q4)",
      "signal": "YoY REVENUE GROWTH DECELERATION",
      "detail": "YoY growth: -16.4% vs prior quarter YoY: -1.1% (decel: -15.3%)",
      "severity": "WARNING"
    },
    {
      "quarter": "2023-10 (Q4)",
      "signal": "INCREMENTAL MARGIN (YoY)",
      "detail": "YoY Incr OPM: +88.1% vs year-ago OPM: +33.9%",
      "severity": "HIGH"
    },
    {
      "quarter": "2023-07 (Q3)",
      "signal": "YoY REVENUE GROWTH DECELERATION",
      "detail": "YoY growth: -1.1% vs prior quarter YoY: +9.8% (decel: -10.9%)",
      "severity": "WARNING"
    },
    {
      "quarter": "2023-04 (Q2)",
      "signal": "YoY REVENUE GROWTH DECELERATION",
      "detail": "YoY growth: +9.8% vs prior quarter YoY: +21.1% (decel: -11.3%)",
      "severity": "WARNING"
    },
    {
      "quarter": "2023-04 (Q2)",
      "signal": "INCREMENTAL MARGIN (YoY)",
      "detail": "YoY Incr OPM: +72.3% vs year-ago OPM: +30.9%",
      "severity": "HIGH"
    },
    {
      "quarter": "2023-01 (Q1)",
      "signal": "FCF MARGIN EXPANSION",
      "detail": "FCF margin: +26.0% -> +37.9% (+11.8%)",
      "severity": "MEDIUM"
    },
    {
      "quarter": "2023-01 (Q1)",
      "signal": "YoY REVENUE GROWTH DECELERATION",
      "detail": "YoY growth: +21.1% vs prior quarter YoY: +38.8% (decel: -17.8%)",
      "severity": "WARNING"
    },
    {
      "quarter": "2023-01 (Q1)",
      "signal": "INCREMENTAL MARGIN (YoY)",
      "detail": "YoY Incr OPM: +135.5% vs year-ago OPM: +13.6%",
      "severity": "HIGH"
    },
    {
      "quarter": "2022-10 (Q4)",
      "signal": "YoY REVENUE GROWTH DECELERATION",
      "detail": "YoY growth: +38.8% vs prior quarter YoY: +76.8% (decel: -38.0%)",
      "severity": "WARNING"
    },
    {
      "quarter": "2022-10 (Q4)",
      "signal": "INCREMENTAL MARGIN (YoY)",
      "detail": "YoY Incr OPM: +110.5% vs year-ago OPM: +4.2%",
      "severity": "HIGH"
    },
    {
      "quarter": "2022-04 (Q2)",
      "signal": "FCF MARGIN EXPANSION",
      "detail": "FCF margin: +27.8% -> +37.1% (+9.3%)",
      "severity": "MEDIUM"
    },
    {
      "quarter": "2022-04 (Q2)",
      "signal": "YoY REVENUE GROWTH ACCELERATION",
      "detail": "YoY growth: +78.9% vs prior quarter YoY: +72.2% (accel: +6.6%)",
      "severity": "MEDIUM"
    },
    {
      "quarter": "2022-01 (Q1)",
      "signal": "OPERATING LEVERAGE",
      "detail": "Rev growth +14.7% vs OpEx growth +1.4% (leverage: 10.4x)",
      "severity": "MEDIUM"
    },
    {
      "quarter": "2022-01 (Q1)",
      "signal": "GROSS MARGIN INFLECTION",
      "detail": "GM: +69.4% -> +47.9% -> +52.2% (reversal +4.3%)",
      "severity": "MEDIUM"
    },
    {
      "quarter": "2021-05 (Q2)",
      "signal": "FCF MARGIN EXPANSION",
      "detail": "FCF margin: +23.1% -> +40.8% (+17.6%)",
      "severity": "MEDIUM"
    }
  ],
  "data_quality": {
    "n_quarters": 20,
    "coverage": {
      "revenue": [
        20,
        20
      ],
      "gross_profit": [
        20,
        20
      ],
      "op_income": [
        20,
        20
      ],
      "fcf": [
        20,
        20
      ]
    },
    "gaps": [],
    "warnings": []
  },
  "market_cap": null,
  "source": "SEC EDGAR",
  "last_updated": "2026-02-02T19:47:02.579055"
}