{
  "ticker": "ADPT",
  "name": "Adaptive Biotechnologies Corp",
  "quarters": [
    {
      "date": "2020-12-31T00:00:00",
      "quarter_label": "2020-12 (Q4)",
      "revenue": 30185000,
      "gross_profit": 23963000,
      "operating_income": -44239000,
      "net_income": -44570000,
      "opex": 74424000,
      "cogs": 6222000,
      "rd": 35831000,
      "sga": null,
      "fcf": -49214000,
      "ocf": -39844000,
      "capex": -9370000,
      "gross_margin": 0.7938711280437303,
      "op_margin": -1.4655954944508862,
      "fcf_margin": -1.6304124565181382
    },
    {
      "date": "2021-03-31T00:00:00",
      "quarter_label": "2021-03 (Q1)",
      "revenue": 38442000,
      "gross_profit": 28451000,
      "operating_income": -41280000,
      "net_income": -40642000,
      "opex": 79722000,
      "cogs": 9991000,
      "rd": 33772000,
      "sga": null,
      "fcf": -74086000,
      "ocf": -58245000,
      "capex": -15841000,
      "gross_margin": 0.7401019718016753,
      "op_margin": -1.0738255033557047,
      "fcf_margin": -1.9272150252328182,
      "op_leverage_ratio": 3.842661758716679,
      "fcf_margin_change": -0.29680256871468
    },
    {
      "date": "2021-06-30T00:00:00",
      "quarter_label": "2021-06 (Q2)",
      "revenue": 38505000,
      "gross_profit": 27740000,
      "operating_income": -49765000,
      "net_income": -49301000,
      "opex": 88270000,
      "cogs": 10765000,
      "rd": 37800000,
      "sga": null,
      "fcf": -59254000,
      "ocf": -37213000,
      "capex": -22041000,
      "gross_margin": 0.7204259187118556,
      "op_margin": -1.2924295546032982,
      "fcf_margin": -1.5388650824568237,
      "fcf_margin_change": 0.38834994277599444
    },
    {
      "date": "2021-09-30T00:00:00",
      "quarter_label": "2021-09 (Q3)",
      "revenue": 39467000,
      "gross_profit": 25278000,
      "operating_income": -56325000,
      "net_income": -55903000,
      "opex": 95792000,
      "cogs": 14189000,
      "rd": 36072000,
      "sga": null,
      "fcf": -58062000,
      "ocf": -43443000,
      "capex": -14619000,
      "gross_margin": 0.6404844553677757,
      "op_margin": -1.4271416626548763,
      "fcf_margin": -1.4711531152608508,
      "op_leverage_ratio": 0.29318229613512004,
      "fcf_margin_change": 0.06771196719597294
    },
    {
      "date": "2021-12-31T00:00:00",
      "quarter_label": "2021-12 (Q4)",
      "revenue": 37930000,
      "gross_profit": 23574000,
      "operating_income": -61596000,
      "net_income": -61433000,
      "opex": 99526000,
      "cogs": 14356000,
      "rd": 34699000,
      "sga": null,
      "fcf": -63071000,
      "ocf": -53826000,
      "capex": -9245000,
      "gross_margin": 0.6215133139994727,
      "op_margin": -1.6239388346954917,
      "fcf_margin": -1.6628262588979699,
      "incr_op_margin_yoy": -2.2410587475790833,
      "rev_growth_yoy": 0.2565843962232897,
      "fcf_margin_change": -0.19167314363711907
    },
    {
      "date": "2022-03-31T00:00:00",
      "quarter_label": "2022-03 (Q1)",
      "revenue": 38620000,
      "gross_profit": 25428000,
      "operating_income": -63067000,
      "net_income": -62736000,
      "opex": 101687000,
      "cogs": 13192000,
      "rd": 37839000,
      "sga": null,
      "fcf": -67530000,
      "ocf": -64453000,
      "capex": -3077000,
      "gross_margin": 0.658415328845158,
      "op_margin": -1.6330139823925427,
      "fcf_margin": -1.748575867426204,
      "rev_growth_yoy": 0.004630352218927215,
      "rev_growth_yoy_accel": -0.2519540440043625,
      "op_leverage_ratio": 0.8378148060804671,
      "fcf_margin_change": -0.0857496085282341
    },
    {
      "date": "2022-06-30T00:00:00",
      "quarter_label": "2022-06 (Q2)",
      "revenue": 43660000,
      "gross_profit": 30439000,
      "operating_income": -52502000,
      "net_income": -52046000,
      "opex": 96162000,
      "cogs": 13221000,
      "rd": 37037000,
      "sga": null,
      "fcf": -52363000,
      "ocf": -47065000,
      "capex": -5298000,
      "gross_margin": 0.6971827759963353,
      "op_margin": -1.2025194686211635,
      "fcf_margin": -1.1993357764544206,
      "incr_op_margin_yoy": -0.5309408341416101,
      "rev_growth_yoy": 0.1338787170497338,
      "rev_growth_yoy_accel": 0.1292483648308066,
      "op_leverage_ratio": Infinity,
      "fcf_margin_change": 0.5492400909717834
    },
    {
      "date": "2022-09-30T00:00:00",
      "quarter_label": "2022-09 (Q3)",
      "revenue": 47830000,
      "gross_profit": 32923000,
      "operating_income": -45431000,
      "net_income": -45281000,
      "opex": 93261000,
      "cogs": 14907000,
      "rd": 35658000,
      "sga": null,
      "fcf": -47840000,
      "ocf": -42408000,
      "capex": -5432000,
      "gross_margin": 0.6883336817896718,
      "op_margin": -0.9498431946477106,
      "fcf_margin": -1.0002090738030525,
      "incr_op_margin_yoy": 1.3026425923711586,
      "rev_growth_yoy": 0.2118985481541541,
      "rev_growth_yoy_accel": 0.07801983110442029,
      "op_leverage_ratio": Infinity,
      "fcf_margin_change": 0.19912670265136811
    },
    {
      "date": "2022-12-31T00:00:00",
      "quarter_label": "2022-12 (Q4)",
      "revenue": 55198000,
      "gross_profit": 38609000,
      "operating_income": -39186000,
      "net_income": -40128000,
      "opex": 94384000,
      "cogs": 16589000,
      "rd": 31222000,
      "sga": null,
      "fcf": -32561000,
      "ocf": -30019000,
      "capex": -2542000,
      "gross_margin": 0.6994637486865466,
      "op_margin": -0.7099170259792021,
      "fcf_margin": -0.589894561397152,
      "incr_op_margin_yoy": 1.297776233495483,
      "rev_growth_yoy": 0.45525968890060636,
      "rev_growth_yoy_accel": 0.24336114074645226,
      "op_leverage_ratio": 12.792915991241614,
      "fcf_margin_change": 0.41031451240590044
    },
    {
      "date": "2023-03-31T00:00:00",
      "quarter_label": "2023-03 (Q1)",
      "revenue": 37647000,
      "gross_profit": 18966000,
      "operating_income": -57193000,
      "net_income": -57699000,
      "opex": 94840000,
      "cogs": 18681000,
      "rd": 32601000,
      "sga": null,
      "fcf": -62076000,
      "ocf": -59152000,
      "capex": -2924000,
      "gross_margin": 0.5037851621643159,
      "op_margin": -1.5191914362366192,
      "fcf_margin": -1.64889632640051,
      "rev_growth_yoy": -0.02519419989642672,
      "rev_growth_yoy_accel": -0.4804538887970331,
      "fcf_margin_change": -1.059001765003358
    },
    {
      "date": "2023-06-30T00:00:00",
      "quarter_label": "2023-06 (Q2)",
      "revenue": 48926000,
      "gross_profit": 31016000,
      "operating_income": -47818000,
      "net_income": -47810000,
      "opex": 96744000,
      "cogs": 17910000,
      "rd": 32237000,
      "sga": null,
      "fcf": -27253000,
      "ocf": -23556000,
      "capex": -3697000,
      "gross_margin": 0.6339369660303316,
      "op_margin": -0.9773535543473818,
      "fcf_margin": -0.5570248947389936,
      "incr_op_margin_yoy": 0.8894796809722749,
      "rev_growth_yoy": 0.1206138341731562,
      "rev_growth_yoy_accel": 0.14580803406958293,
      "op_leverage_ratio": 14.92329842926094,
      "fcf_margin_change": 1.0918714316615166
    },
    {
      "date": "2023-09-30T00:00:00",
      "quarter_label": "2023-09 (Q3)",
      "revenue": 37919000,
      "gross_profit": 18573000,
      "operating_income": -50956000,
      "net_income": -50300000,
      "opex": 88875000,
      "cogs": 19346000,
      "rd": 28533000,
      "sga": null,
      "fcf": -49462000,
      "ocf": -46684000,
      "capex": -2778000,
      "gross_margin": 0.4898072206545531,
      "op_margin": -1.3438118093831588,
      "fcf_margin": -1.3044120361823888,
      "incr_op_margin_yoy": 0.5574614065180102,
      "rev_growth_yoy": -0.20721304620531047,
      "rev_growth_yoy_accel": -0.3278268803784667,
      "fcf_margin_change": -0.7473871414433951
    },
    {
      "date": "2023-12-31T00:00:00",
      "quarter_label": "2023-12 (Q4)",
      "revenue": 45784000,
      "gross_profit": 26168000,
      "operating_income": -71068000,
      "net_income": -69441000,
      "opex": 116852000,
      "cogs": 19616000,
      "rd": 28746000,
      "sga": null,
      "fcf": -28230000,
      "ocf": -26932000,
      "capex": -1298000,
      "gross_margin": 0.5715533810938319,
      "op_margin": -1.552245325878036,
      "fcf_margin": -0.6165909488030753,
      "incr_op_margin_yoy": 3.3866581686849373,
      "rev_growth_yoy": -0.17054965759628973,
      "rev_growth_yoy_accel": 0.03666338860902074,
      "op_leverage_ratio": 0.6589012360438411,
      "fcf_margin_change": 0.6878210873793135
    },
    {
      "date": "2024-03-31T00:00:00",
      "quarter_label": "2024-03 (Q1)",
      "revenue": 41873000,
      "gross_profit": 23822000,
      "operating_income": -48762000,
      "net_income": -47507000,
      "opex": 90635000,
      "cogs": 18051000,
      "rd": 30245000,
      "sga": null,
      "fcf": -39864000,
      "ocf": -38353000,
      "capex": -1511000,
      "gross_margin": 0.5689107539464572,
      "op_margin": -1.1645212905691018,
      "fcf_margin": -0.9520215890908222,
      "incr_op_margin_yoy": 1.9950307619498344,
      "rev_growth_yoy": 0.11225330039578187,
      "rev_growth_yoy_accel": 0.2828029579920716,
      "fcf_margin_change": -0.33543064028774694
    },
    {
      "date": "2024-06-30T00:00:00",
      "quarter_label": "2024-06 (Q2)",
      "revenue": 43190000,
      "gross_profit": 23873000,
      "operating_income": -47318000,
      "net_income": -46222000,
      "opex": 90508000,
      "cogs": 19317000,
      "rd": 25353000,
      "sga": null,
      "fcf": -19032000,
      "ocf": -17303000,
      "capex": -1729000,
      "gross_margin": 0.5527436906691364,
      "op_margin": -1.0955776800185228,
      "fcf_margin": -0.44065755962028247,
      "incr_op_margin_yoy": -0.08716875871687588,
      "rev_growth_yoy": -0.11723827821608143,
      "rev_growth_yoy_accel": -0.2294915786118633,
      "op_leverage_ratio": Infinity,
      "fcf_margin_change": 0.5113640294705397
    },
    {
      "date": "2024-09-30T00:00:00",
      "quarter_label": "2024-09 (Q3)",
      "revenue": 46435000,
      "gross_profit": 29768000,
      "operating_income": -32632000,
      "net_income": -32071000,
      "opex": 79067000,
      "cogs": 16667000,
      "rd": 24163000,
      "sga": null,
      "fcf": -27409000,
      "ocf": -27065000,
      "capex": -344000,
      "gross_margin": 0.6410681597932594,
      "op_margin": -0.7027457736621083,
      "fcf_margin": -0.5902659631743297,
      "incr_op_margin_yoy": 2.151714419915453,
      "rev_growth_yoy": 0.22458398164508558,
      "rev_growth_yoy_accel": 0.341822259861167,
      "op_leverage_ratio": Infinity,
      "fcf_margin_change": -0.1496084035540472
    },
    {
      "date": "2024-12-31T00:00:00",
      "quarter_label": "2024-12 (Q4)",
      "revenue": 47459000,
      "gross_profit": 29414000,
      "operating_income": -33837000,
      "net_income": -33692000,
      "opex": 81296000,
      "cogs": 18045000,
      "rd": 23192000,
      "sga": null,
      "fcf": -12571000,
      "ocf": -12491000,
      "capex": -80000,
      "gross_margin": 0.6197770707347394,
      "op_margin": -0.7129733032722982,
      "fcf_margin": -0.2648812659348069,
      "incr_op_margin_yoy": 22.227462686567165,
      "rev_growth_yoy": 0.036584833129477544,
      "rev_growth_yoy_accel": -0.18799914851560803,
      "op_leverage_ratio": 0.7822394222655894,
      "fcf_margin_change": 0.3253846972395228
    },
    {
      "date": "2025-03-31T00:00:00",
      "quarter_label": "2025-03 (Q1)",
      "revenue": 52443000,
      "gross_profit": 35464000,
      "operating_income": -29604000,
      "net_income": -29852000,
      "opex": 82047000,
      "cogs": 16979000,
      "rd": 24203000,
      "sga": null,
      "fcf": -29743000,
      "ocf": -28484000,
      "capex": -1259000,
      "gross_margin": 0.67623896420876,
      "op_margin": -0.5644985984783479,
      "fcf_margin": -0.5671490952081307,
      "incr_op_margin_yoy": 1.812488174077578,
      "rev_growth_yoy": 0.2524299668043847,
      "rev_growth_yoy_accel": 0.21584513367490712,
      "op_leverage_ratio": 11.368121096550112,
      "fcf_margin_change": -0.30226782927332385
    },
    {
      "date": "2025-06-30T00:00:00",
      "quarter_label": "2025-06 (Q2)",
      "revenue": 58879000,
      "gross_profit": 40880000,
      "operating_income": -25036000,
      "net_income": -25614000,
      "opex": 83915000,
      "cogs": 17999000,
      "rd": 24134000,
      "sga": null,
      "fcf": -13085000,
      "ocf": -12430000,
      "capex": -655000,
      "gross_margin": 0.6943052701302671,
      "op_margin": -0.4252110260024797,
      "fcf_margin": -0.22223543198763565,
      "incr_op_margin_yoy": 1.4202307349098093,
      "rev_growth_yoy": 0.3632553831905534,
      "rev_growth_yoy_accel": 0.11082541638616872,
      "op_leverage_ratio": 5.390317441009982,
      "fcf_margin_change": 0.3449136632204951
    },
    {
      "date": "2025-09-30T00:00:00",
      "quarter_label": "2025-09 (Q3)",
      "revenue": 93973000,
      "gross_profit": 75816000,
      "operating_income": 10290000,
      "net_income": 9546000,
      "opex": 83683000,
      "cogs": 18157000,
      "rd": 23669000,
      "sga": null,
      "fcf": -7536000,
      "ocf": -7127000,
      "capex": -409000,
      "gross_margin": 0.8067849275855831,
      "op_margin": 0.10949953710108222,
      "fcf_margin": -0.08019324699647772,
      "incr_op_margin_yoy": 0.9028987336446632,
      "rev_growth_yoy": 1.0237536341121998,
      "rev_growth_yoy_accel": 0.6604982509216464,
      "op_leverage_ratio": Infinity,
      "fcf_margin_change": 0.14204218499115795
    }
  ],
  "signals": [
    {
      "quarter": "2025-09 (Q3)",
      "signal": "FCF MARGIN EXPANSION",
      "detail": "FCF margin: -22.2% -> -8.0% (+14.2%)",
      "severity": "MEDIUM"
    },
    {
      "quarter": "2025-09 (Q3)",
      "signal": "YoY REVENUE GROWTH ACCELERATION",
      "detail": "YoY growth: +102.4% vs prior quarter YoY: +36.3% (accel: +66.0%)",
      "severity": "HIGH"
    },
    {
      "quarter": "2025-09 (Q3)",
      "signal": "OP MARGIN TURNED POSITIVE (YoY)",
      "detail": "Op margin: -70.3% (year-ago) -> +10.9%",
      "severity": "HIGH"
    },
    {
      "quarter": "2025-09 (Q3)",
      "signal": "OP MARGIN TURNED POSITIVE (QoQ)",
      "detail": "Op margin: -42.5% -> +10.9%",
      "severity": "HIGH"
    },
    {
      "quarter": "2025-06 (Q2)",
      "signal": "FCF MARGIN EXPANSION",
      "detail": "FCF margin: -56.7% -> -22.2% (+34.5%)",
      "severity": "MEDIUM"
    },
    {
      "quarter": "2025-06 (Q2)",
      "signal": "OPERATING LEVERAGE",
      "detail": "Rev growth +12.3% vs OpEx growth +2.3% (leverage: 5.4x)",
      "severity": "MEDIUM"
    },
    {
      "quarter": "2025-06 (Q2)",
      "signal": "YoY REVENUE GROWTH ACCELERATION",
      "detail": "YoY growth: +36.3% vs prior quarter YoY: +25.2% (accel: +11.1%)",
      "severity": "MEDIUM"
    },
    {
      "quarter": "2025-03 (Q1)",
      "signal": "OPERATING LEVERAGE",
      "detail": "Rev growth +10.5% vs OpEx growth +0.9% (leverage: 11.4x)",
      "severity": "MEDIUM"
    },
    {
      "quarter": "2025-03 (Q1)",
      "signal": "GROSS MARGIN INFLECTION",
      "detail": "GM: +64.1% -> +62.0% -> +67.6% (reversal +5.6%)",
      "severity": "HIGH"
    },
    {
      "quarter": "2025-03 (Q1)",
      "signal": "YoY REVENUE GROWTH ACCELERATION",
      "detail": "YoY growth: +25.2% vs prior quarter YoY: +3.7% (accel: +21.6%)",
      "severity": "HIGH"
    },
    {
      "quarter": "2024-12 (Q4)",
      "signal": "FCF MARGIN EXPANSION",
      "detail": "FCF margin: -59.0% -> -26.5% (+32.5%)",
      "severity": "MEDIUM"
    },
    {
      "quarter": "2024-12 (Q4)",
      "signal": "YoY REVENUE GROWTH DECELERATION",
      "detail": "YoY growth: +3.7% vs prior quarter YoY: +22.5% (decel: -18.8%)",
      "severity": "WARNING"
    },
    {
      "quarter": "2024-09 (Q3)",
      "signal": "GROSS MARGIN INFLECTION",
      "detail": "GM: +56.9% -> +55.3% -> +64.1% (reversal +8.8%)",
      "severity": "HIGH"
    },
    {
      "quarter": "2024-09 (Q3)",
      "signal": "YoY REVENUE GROWTH ACCELERATION",
      "detail": "YoY growth: +22.5% vs prior quarter YoY: -11.7% (accel: +34.2%)",
      "severity": "HIGH"
    },
    {
      "quarter": "2024-06 (Q2)",
      "signal": "FCF MARGIN EXPANSION",
      "detail": "FCF margin: -95.2% -> -44.1% (+51.1%)",
      "severity": "MEDIUM"
    },
    {
      "quarter": "2024-06 (Q2)",
      "signal": "YoY REVENUE GROWTH DECELERATION",
      "detail": "YoY growth: -11.7% vs prior quarter YoY: +11.2% (decel: -22.9%)",
      "severity": "WARNING"
    },
    {
      "quarter": "2024-03 (Q1)",
      "signal": "YoY REVENUE GROWTH ACCELERATION",
      "detail": "YoY growth: +11.2% vs prior quarter YoY: -17.1% (accel: +28.3%)",
      "severity": "HIGH"
    },
    {
      "quarter": "2023-12 (Q4)",
      "signal": "FCF MARGIN EXPANSION",
      "detail": "FCF margin: -130.4% -> -61.7% (+68.8%)",
      "severity": "MEDIUM"
    },
    {
      "quarter": "2023-12 (Q4)",
      "signal": "GROSS MARGIN INFLECTION",
      "detail": "GM: +63.4% -> +49.0% -> +57.2% (reversal +8.2%)",
      "severity": "HIGH"
    },
    {
      "quarter": "2023-09 (Q3)",
      "signal": "YoY REVENUE GROWTH DECELERATION",
      "detail": "YoY growth: -20.7% vs prior quarter YoY: +12.1% (decel: -32.8%)",
      "severity": "WARNING"
    },
    {
      "quarter": "2023-06 (Q2)",
      "signal": "FCF MARGIN EXPANSION",
      "detail": "FCF margin: -164.9% -> -55.7% (+109.2%)",
      "severity": "MEDIUM"
    },
    {
      "quarter": "2023-06 (Q2)",
      "signal": "OPERATING LEVERAGE",
      "detail": "Rev growth +30.0% vs OpEx growth +2.0% (leverage: 14.9x)",
      "severity": "MEDIUM"
    },
    {
      "quarter": "2023-06 (Q2)",
      "signal": "GROSS MARGIN INFLECTION",
      "detail": "GM: +69.9% -> +50.4% -> +63.4% (reversal +13.0%)",
      "severity": "HIGH"
    },
    {
      "quarter": "2023-06 (Q2)",
      "signal": "YoY REVENUE GROWTH ACCELERATION",
      "detail": "YoY growth: +12.1% vs prior quarter YoY: -2.5% (accel: +14.6%)",
      "severity": "MEDIUM"
    },
    {
      "quarter": "2023-03 (Q1)",
      "signal": "YoY REVENUE GROWTH DECELERATION",
      "detail": "YoY growth: -2.5% vs prior quarter YoY: +45.5% (decel: -48.0%)",
      "severity": "WARNING"
    },
    {
      "quarter": "2022-12 (Q4)",
      "signal": "FCF MARGIN EXPANSION",
      "detail": "FCF margin: -100.0% -> -59.0% (+41.0%)",
      "severity": "MEDIUM"
    },
    {
      "quarter": "2022-12 (Q4)",
      "signal": "OPERATING LEVERAGE",
      "detail": "Rev growth +15.4% vs OpEx growth +1.2% (leverage: 12.8x)",
      "severity": "MEDIUM"
    },
    {
      "quarter": "2022-12 (Q4)",
      "signal": "YoY REVENUE GROWTH ACCELERATION",
      "detail": "YoY growth: +45.5% vs prior quarter YoY: +21.2% (accel: +24.3%)",
      "severity": "HIGH"
    },
    {
      "quarter": "2022-09 (Q3)",
      "signal": "FCF MARGIN EXPANSION",
      "detail": "FCF margin: -119.9% -> -100.0% (+19.9%)",
      "severity": "MEDIUM"
    },
    {
      "quarter": "2022-09 (Q3)",
      "signal": "YoY REVENUE GROWTH ACCELERATION",
      "detail": "YoY growth: +21.2% vs prior quarter YoY: +13.4% (accel: +7.8%)",
      "severity": "MEDIUM"
    },
    {
      "quarter": "2022-06 (Q2)",
      "signal": "FCF MARGIN EXPANSION",
      "detail": "FCF margin: -174.9% -> -119.9% (+54.9%)",
      "severity": "MEDIUM"
    },
    {
      "quarter": "2022-06 (Q2)",
      "signal": "YoY REVENUE GROWTH ACCELERATION",
      "detail": "YoY growth: +13.4% vs prior quarter YoY: +0.5% (accel: +12.9%)",
      "severity": "MEDIUM"
    },
    {
      "quarter": "2022-03 (Q1)",
      "signal": "GROSS MARGIN INFLECTION",
      "detail": "GM: +64.0% -> +62.2% -> +65.8% (reversal +3.7%)",
      "severity": "MEDIUM"
    },
    {
      "quarter": "2022-03 (Q1)",
      "signal": "YoY REVENUE GROWTH DECELERATION",
      "detail": "YoY growth: +0.5% vs prior quarter YoY: +25.7% (decel: -25.2%)",
      "severity": "WARNING"
    },
    {
      "quarter": "2021-09 (Q3)",
      "signal": "FCF MARGIN EXPANSION",
      "detail": "FCF margin: -153.9% -> -147.1% (+6.8%)",
      "severity": "MEDIUM"
    },
    {
      "quarter": "2021-06 (Q2)",
      "signal": "FCF MARGIN EXPANSION",
      "detail": "FCF margin: -192.7% -> -153.9% (+38.8%)",
      "severity": "MEDIUM"
    },
    {
      "quarter": "2021-03 (Q1)",
      "signal": "OPERATING LEVERAGE",
      "detail": "Rev growth +27.4% vs OpEx growth +7.1% (leverage: 3.8x)",
      "severity": "MEDIUM"
    }
  ],
  "data_quality": {
    "n_quarters": 20,
    "coverage": {
      "revenue": [
        20,
        20
      ],
      "gross_profit": [
        20,
        20
      ],
      "op_income": [
        20,
        20
      ],
      "fcf": [
        20,
        20
      ]
    },
    "gaps": [],
    "warnings": []
  },
  "market_cap": null,
  "source": "SEC EDGAR",
  "last_updated": "2026-02-02T21:23:25.662951",
  "sector": "Healthcare",
  "industry": "Biotechnology"
}