{
  "ticker": "ADSK",
  "name": "Autodesk, Inc.",
  "quarters": [
    {
      "date": "2021-01-31T00:00:00",
      "quarter_label": "2021-01 (Q1)",
      "revenue": 1039200000,
      "gross_profit": 948600000,
      "operating_income": 184400000,
      "net_income": 911300000,
      "opex": 764200000,
      "cogs": 90600000,
      "rd": 249600000,
      "sga": null,
      "fcf": 634000000,
      "ocf": 657400000,
      "capex": -23400000,
      "gross_margin": 0.9128175519630485,
      "op_margin": 0.17744418783679752,
      "fcf_margin": 0.6100846805234796
    },
    {
      "date": "2021-04-30T00:00:00",
      "quarter_label": "2021-04 (Q2)",
      "revenue": 989300000,
      "gross_profit": 896500000,
      "operating_income": 133800000,
      "net_income": 155600000,
      "opex": 762700000,
      "cogs": 92800000,
      "rd": 265500000,
      "sga": null,
      "fcf": 316000000,
      "ocf": 336000000,
      "capex": -20000000,
      "gross_margin": 0.9061963004144344,
      "op_margin": 0.13524714444556757,
      "fcf_margin": 0.3194177701405034,
      "fcf_margin_change": -0.29066691038297626
    },
    {
      "date": "2021-07-31T00:00:00",
      "quarter_label": "2021-07 (Q3)",
      "revenue": 1059700000,
      "gross_profit": 954300000,
      "operating_income": 148100000,
      "net_income": 115600000,
      "opex": 806200000,
      "cogs": 105400000,
      "rd": 276900000,
      "sga": null,
      "fcf": 186000000,
      "ocf": 202000000,
      "capex": -16000000,
      "gross_margin": 0.9005378880815325,
      "op_margin": 0.13975653486835896,
      "fcf_margin": 0.17552137397376616,
      "op_leverage_ratio": 1.247697024832373,
      "fcf_margin_change": -0.14389639616673722
    },
    {
      "date": "2021-10-31T00:00:00",
      "quarter_label": "2021-10 (Q4)",
      "revenue": 1125800000,
      "gross_profit": 1018700000,
      "operating_income": 193300000,
      "net_income": 136700000,
      "opex": 825400000,
      "cogs": 107100000,
      "rd": 282100000,
      "sga": null,
      "fcf": 257000000,
      "ocf": 271000000,
      "capex": -14000000,
      "gross_margin": 0.9048676496713448,
      "op_margin": 0.1717001243560135,
      "fcf_margin": 0.22828211049920058,
      "op_leverage_ratio": 2.6191483045516026,
      "fcf_margin_change": 0.05276073652543442
    },
    {
      "date": "2022-01-31T00:00:00",
      "quarter_label": "2022-01 (Q1)",
      "revenue": 1211600000,
      "gross_profit": 1098400000,
      "operating_income": 142400000,
      "net_income": 89100000,
      "opex": 956000000,
      "cogs": 113200000,
      "rd": 290300000,
      "sga": null,
      "fcf": 716000000,
      "ocf": 722000000,
      "capex": -6000000,
      "gross_margin": 0.9065698250247607,
      "op_margin": 0.1175305381313965,
      "fcf_margin": 0.590954110267415,
      "incr_op_margin_yoy": -0.24361948955916474,
      "rev_growth_yoy": 0.16589684372594304,
      "op_leverage_ratio": 0.4816674860034872,
      "fcf_margin_change": 0.3626719997682144
    },
    {
      "date": "2022-04-30T00:00:00",
      "quarter_label": "2022-04 (Q2)",
      "revenue": 1170000000,
      "gross_profit": 1053000000,
      "operating_income": 214000000,
      "net_income": 146000000,
      "opex": 839000000,
      "cogs": 117000000,
      "rd": 289000000,
      "sga": null,
      "fcf": 422000000,
      "ocf": 434000000,
      "capex": -12000000,
      "gross_margin": 0.9,
      "op_margin": 0.1829059829059829,
      "fcf_margin": 0.3606837606837607,
      "incr_op_margin_yoy": 0.4438295517432208,
      "rev_growth_yoy": 0.18265440210249673,
      "rev_growth_yoy_accel": 0.016757558376553683,
      "fcf_margin_change": -0.23027034958365428
    },
    {
      "date": "2022-07-31T00:00:00",
      "quarter_label": "2022-07 (Q3)",
      "revenue": 1237000000,
      "gross_profit": 1118000000,
      "operating_income": 242000000,
      "net_income": 186000000,
      "opex": 876000000,
      "cogs": 119000000,
      "rd": 306000000,
      "sga": null,
      "fcf": 246000000,
      "ocf": 257000000,
      "capex": -11000000,
      "gross_margin": 0.9037995149555376,
      "op_margin": 0.19563459983831852,
      "fcf_margin": 0.19886822958771222,
      "incr_op_margin_yoy": 0.5296108291032149,
      "rev_growth_yoy": 0.1673115032556384,
      "rev_growth_yoy_accel": -0.015342898846858327,
      "op_leverage_ratio": 1.2985215985215985,
      "fcf_margin_change": -0.16181553109604846
    },
    {
      "date": "2022-10-31T00:00:00",
      "quarter_label": "2022-10 (Q4)",
      "revenue": 1280000000,
      "gross_profit": 1160000000,
      "operating_income": 256000000,
      "net_income": 198000000,
      "opex": 904000000,
      "cogs": 120000000,
      "rd": 311000000,
      "sga": null,
      "fcf": 460000000,
      "ocf": 469000000,
      "capex": -9000000,
      "gross_margin": 0.90625,
      "op_margin": 0.2,
      "fcf_margin": 0.359375,
      "incr_op_margin_yoy": 0.4066147859922179,
      "rev_growth_yoy": 0.13696926629952033,
      "rev_growth_yoy_accel": -0.030342236956118068,
      "op_leverage_ratio": 1.087538976787158,
      "fcf_margin_change": 0.16050677041228778
    },
    {
      "date": "2023-01-31T00:00:00",
      "quarter_label": "2023-01 (Q1)",
      "revenue": 1318000000,
      "gross_profit": 1194000000,
      "operating_income": 277000000,
      "net_income": 293000000,
      "opex": 917000000,
      "cogs": 124000000,
      "rd": 313000000,
      "sga": null,
      "fcf": 903000000,
      "ocf": 911000000,
      "capex": -8000000,
      "gross_margin": 0.9059180576631259,
      "op_margin": 0.2101669195751138,
      "fcf_margin": 0.6851289833080425,
      "incr_op_margin_yoy": 1.2650375939849625,
      "rev_growth_yoy": 0.08781776163750413,
      "rev_growth_yoy_accel": -0.049151504662016204,
      "op_leverage_ratio": 2.064423076923077,
      "fcf_margin_change": 0.3257539833080425
    },
    {
      "date": "2023-04-30T00:00:00",
      "quarter_label": "2023-04 (Q2)",
      "revenue": 1269000000,
      "gross_profit": 1142000000,
      "operating_income": 217000000,
      "net_income": 161000000,
      "opex": 925000000,
      "cogs": 127000000,
      "rd": 327000000,
      "sga": null,
      "fcf": 714000000,
      "ocf": 723000000,
      "capex": -9000000,
      "gross_margin": 0.8999211977935382,
      "op_margin": 0.17100078802206461,
      "fcf_margin": 0.5626477541371159,
      "incr_op_margin_yoy": 0.030303030303030304,
      "rev_growth_yoy": 0.08461538461538462,
      "rev_growth_yoy_accel": -0.003202377022119507,
      "fcf_margin_change": -0.12248122917092663
    },
    {
      "date": "2023-07-31T00:00:00",
      "quarter_label": "2023-07 (Q3)",
      "revenue": 1345000000,
      "gross_profit": 1218000000,
      "operating_income": 262000000,
      "net_income": 222000000,
      "opex": 956000000,
      "cogs": 127000000,
      "rd": 355000000,
      "sga": null,
      "fcf": 128000000,
      "ocf": 135000000,
      "capex": -7000000,
      "gross_margin": 0.9055762081784386,
      "op_margin": 0.19479553903345725,
      "fcf_margin": 0.09516728624535316,
      "incr_op_margin_yoy": 0.18518518518518517,
      "rev_growth_yoy": 0.08730800323362975,
      "rev_growth_yoy_accel": 0.0026926186182451295,
      "op_leverage_ratio": 1.7870306820203872,
      "fcf_margin_change": -0.46748046789176273
    },
    {
      "date": "2023-10-31T00:00:00",
      "quarter_label": "2023-10 (Q4)",
      "revenue": 1414000000,
      "gross_profit": 1287000000,
      "operating_income": 334000000,
      "net_income": 241000000,
      "opex": 953000000,
      "cogs": 127000000,
      "rd": 339000000,
      "sga": null,
      "fcf": 13000000,
      "ocf": 18000000,
      "capex": -5000000,
      "gross_margin": 0.9101838755304101,
      "op_margin": 0.2362093352192362,
      "fcf_margin": 0.009193776520509194,
      "incr_op_margin_yoy": 0.582089552238806,
      "rev_growth_yoy": 0.1046875,
      "rev_growth_yoy_accel": 0.017379496766370253,
      "op_leverage_ratio": Infinity,
      "fcf_margin_change": -0.08597350972484397
    },
    {
      "date": "2024-01-31T00:00:00",
      "quarter_label": "2024-01 (Q1)",
      "revenue": 1469000000,
      "gross_profit": 1339000000,
      "operating_income": 315000000,
      "net_income": 282000000,
      "opex": 1024000000,
      "cogs": 130000000,
      "rd": 352000000,
      "sga": null,
      "fcf": 427000000,
      "ocf": 437000000,
      "capex": -10000000,
      "gross_margin": 0.911504424778761,
      "op_margin": 0.21443158611300203,
      "fcf_margin": 0.2906739278420694,
      "incr_op_margin_yoy": 0.25165562913907286,
      "rev_growth_yoy": 0.11456752655538695,
      "rev_growth_yoy_accel": 0.009880026555386945,
      "op_leverage_ratio": 0.5220929537621769,
      "fcf_margin_change": 0.28148015132156023
    },
    {
      "date": "2024-04-30T00:00:00",
      "quarter_label": "2024-04 (Q2)",
      "revenue": 1417000000,
      "gross_profit": 1280000000,
      "operating_income": 299000000,
      "net_income": 252000000,
      "opex": 981000000,
      "cogs": 137000000,
      "rd": 346000000,
      "sga": null,
      "fcf": 487000000,
      "ocf": 494000000,
      "capex": -7000000,
      "gross_margin": 0.903316866619619,
      "op_margin": 0.21100917431192662,
      "fcf_margin": 0.34368383909668315,
      "incr_op_margin_yoy": 0.5540540540540541,
      "rev_growth_yoy": 0.11662726556343578,
      "rev_growth_yoy_accel": 0.0020597390080488304,
      "fcf_margin_change": 0.05300991125461374
    },
    {
      "date": "2024-07-31T00:00:00",
      "quarter_label": "2024-07 (Q3)",
      "revenue": 1505000000,
      "gross_profit": 1365000000,
      "operating_income": 343000000,
      "net_income": 282000000,
      "opex": 1022000000,
      "cogs": 140000000,
      "rd": 368000000,
      "sga": null,
      "fcf": 203000000,
      "ocf": 212000000,
      "capex": -9000000,
      "gross_margin": 0.9069767441860465,
      "op_margin": 0.22790697674418606,
      "fcf_margin": 0.13488372093023257,
      "incr_op_margin_yoy": 0.50625,
      "rev_growth_yoy": 0.11895910780669144,
      "rev_growth_yoy_accel": 0.0023318422432556662,
      "op_leverage_ratio": 1.4859287054409005,
      "fcf_margin_change": -0.20880011816645058
    },
    {
      "date": "2024-10-31T00:00:00",
      "quarter_label": "2024-10 (Q4)",
      "revenue": 1570000000,
      "gross_profit": 1423000000,
      "operating_income": 346000000,
      "net_income": 275000000,
      "opex": 1077000000,
      "cogs": 147000000,
      "rd": 378000000,
      "sga": null,
      "fcf": 199000000,
      "ocf": 209000000,
      "capex": -10000000,
      "gross_margin": 0.9063694267515924,
      "op_margin": 0.22038216560509555,
      "fcf_margin": 0.1267515923566879,
      "incr_op_margin_yoy": 0.07692307692307693,
      "rev_growth_yoy": 0.11032531824611033,
      "rev_growth_yoy_accel": -0.008633789560581112,
      "op_leverage_ratio": 0.8025369978858351,
      "fcf_margin_change": -0.008132128573544672
    },
    {
      "date": "2025-01-31T00:00:00",
      "quarter_label": "2025-01 (Q1)",
      "revenue": 1639000000,
      "gross_profit": 1485000000,
      "operating_income": 366000000,
      "net_income": 303000000,
      "opex": 1119000000,
      "cogs": 154000000,
      "rd": 393000000,
      "sga": null,
      "fcf": 678000000,
      "ocf": 692000000,
      "capex": -14000000,
      "gross_margin": 0.9060402684563759,
      "op_margin": 0.22330689444783405,
      "fcf_margin": 0.41366687004270897,
      "incr_op_margin_yoy": 0.3,
      "rev_growth_yoy": 0.11572498298162015,
      "rev_growth_yoy_accel": 0.005399664735509818,
      "op_leverage_ratio": 1.1269790718835304,
      "fcf_margin_change": 0.2869152776860211
    },
    {
      "date": "2025-04-30T00:00:00",
      "quarter_label": "2025-04 (Q2)",
      "revenue": 1633000000,
      "gross_profit": 1473000000,
      "operating_income": 233000000,
      "net_income": 152000000,
      "opex": 1240000000,
      "cogs": 160000000,
      "rd": 394000000,
      "sga": null,
      "fcf": 556000000,
      "ocf": 564000000,
      "capex": -8000000,
      "gross_margin": 0.9020208205756277,
      "op_margin": 0.14268218003674218,
      "fcf_margin": 0.3404776484996938,
      "incr_op_margin_yoy": -0.3055555555555556,
      "rev_growth_yoy": 0.1524347212420607,
      "rev_growth_yoy_accel": 0.03670973826044055,
      "fcf_margin_change": -0.07318922154301516
    },
    {
      "date": "2025-07-31T00:00:00",
      "quarter_label": "2025-07 (Q3)",
      "revenue": 1763000000,
      "gross_profit": 1604000000,
      "operating_income": 444000000,
      "net_income": 313000000,
      "opex": 1160000000,
      "cogs": 159000000,
      "rd": 413000000,
      "sga": null,
      "fcf": 451000000,
      "ocf": 460000000,
      "capex": -9000000,
      "gross_margin": 0.9098128190584232,
      "op_margin": 0.25184344866704483,
      "fcf_margin": 0.2558139534883721,
      "incr_op_margin_yoy": 0.39147286821705424,
      "rev_growth_yoy": 0.17142857142857143,
      "rev_growth_yoy_accel": 0.01899385018651073,
      "op_leverage_ratio": Infinity,
      "fcf_margin_change": -0.0846636950113217
    },
    {
      "date": "2025-10-31T00:00:00",
      "quarter_label": "2025-10 (Q4)",
      "revenue": 1853000000,
      "gross_profit": 1688000000,
      "operating_income": 470000000,
      "net_income": 343000000,
      "opex": 1218000000,
      "cogs": 165000000,
      "rd": 416000000,
      "sga": null,
      "fcf": 430000000,
      "ocf": 439000000,
      "capex": -9000000,
      "gross_margin": 0.9109552077711819,
      "op_margin": 0.25364274150026983,
      "fcf_margin": 0.23205612520237454,
      "incr_op_margin_yoy": 0.4381625441696113,
      "rev_growth_yoy": 0.18025477707006368,
      "rev_growth_yoy_accel": 0.008826205641492252,
      "op_leverage_ratio": 1.020986954055587,
      "fcf_margin_change": -0.023757828285997568
    }
  ],
  "signals": [
    {
      "quarter": "2025-10 (Q4)",
      "signal": "INCREMENTAL MARGIN (YoY)",
      "detail": "YoY Incr OPM: +43.8% vs year-ago OPM: +22.0%",
      "severity": "HIGH"
    },
    {
      "quarter": "2025-07 (Q3)",
      "signal": "INCREMENTAL MARGIN (YoY)",
      "detail": "YoY Incr OPM: +39.1% vs year-ago OPM: +22.8%",
      "severity": "MEDIUM"
    },
    {
      "quarter": "2025-01 (Q1)",
      "signal": "FCF MARGIN EXPANSION",
      "detail": "FCF margin: +12.7% -> +41.4% (+28.7%)",
      "severity": "MEDIUM"
    },
    {
      "quarter": "2024-07 (Q3)",
      "signal": "INCREMENTAL MARGIN (YoY)",
      "detail": "YoY Incr OPM: +50.6% vs year-ago OPM: +19.5%",
      "severity": "HIGH"
    },
    {
      "quarter": "2024-04 (Q2)",
      "signal": "FCF MARGIN EXPANSION",
      "detail": "FCF margin: +29.1% -> +34.4% (+5.3%)",
      "severity": "MEDIUM"
    },
    {
      "quarter": "2024-04 (Q2)",
      "signal": "INCREMENTAL MARGIN (YoY)",
      "detail": "YoY Incr OPM: +55.4% vs year-ago OPM: +17.1%",
      "severity": "HIGH"
    },
    {
      "quarter": "2024-01 (Q1)",
      "signal": "FCF MARGIN EXPANSION",
      "detail": "FCF margin: +0.9% -> +29.1% (+28.1%)",
      "severity": "MEDIUM"
    },
    {
      "quarter": "2023-10 (Q4)",
      "signal": "INCREMENTAL MARGIN (YoY)",
      "detail": "YoY Incr OPM: +58.2% vs year-ago OPM: +20.0%",
      "severity": "HIGH"
    },
    {
      "quarter": "2023-07 (Q3)",
      "signal": "OPERATING LEVERAGE",
      "detail": "Rev growth +6.0% vs OpEx growth +3.4% (leverage: 1.8x)",
      "severity": "MEDIUM"
    },
    {
      "quarter": "2023-01 (Q1)",
      "signal": "FCF MARGIN EXPANSION",
      "detail": "FCF margin: +35.9% -> +68.5% (+32.6%)",
      "severity": "MEDIUM"
    },
    {
      "quarter": "2023-01 (Q1)",
      "signal": "OPERATING LEVERAGE",
      "detail": "Rev growth +3.0% vs OpEx growth +1.4% (leverage: 2.1x)",
      "severity": "MEDIUM"
    },
    {
      "quarter": "2023-01 (Q1)",
      "signal": "INCREMENTAL MARGIN (YoY)",
      "detail": "YoY Incr OPM: +126.5% vs year-ago OPM: +11.8%",
      "severity": "HIGH"
    },
    {
      "quarter": "2022-10 (Q4)",
      "signal": "FCF MARGIN EXPANSION",
      "detail": "FCF margin: +19.9% -> +35.9% (+16.1%)",
      "severity": "MEDIUM"
    },
    {
      "quarter": "2022-10 (Q4)",
      "signal": "INCREMENTAL MARGIN (YoY)",
      "detail": "YoY Incr OPM: +40.7% vs year-ago OPM: +17.2%",
      "severity": "HIGH"
    },
    {
      "quarter": "2022-07 (Q3)",
      "signal": "INCREMENTAL MARGIN (YoY)",
      "detail": "YoY Incr OPM: +53.0% vs year-ago OPM: +14.0%",
      "severity": "HIGH"
    },
    {
      "quarter": "2022-04 (Q2)",
      "signal": "INCREMENTAL MARGIN (YoY)",
      "detail": "YoY Incr OPM: +44.4% vs year-ago OPM: +13.5%",
      "severity": "HIGH"
    },
    {
      "quarter": "2022-01 (Q1)",
      "signal": "FCF MARGIN EXPANSION",
      "detail": "FCF margin: +22.8% -> +59.1% (+36.3%)",
      "severity": "MEDIUM"
    },
    {
      "quarter": "2021-10 (Q4)",
      "signal": "FCF MARGIN EXPANSION",
      "detail": "FCF margin: +17.6% -> +22.8% (+5.3%)",
      "severity": "MEDIUM"
    },
    {
      "quarter": "2021-10 (Q4)",
      "signal": "OPERATING LEVERAGE",
      "detail": "Rev growth +6.2% vs OpEx growth +2.4% (leverage: 2.6x)",
      "severity": "MEDIUM"
    }
  ],
  "data_quality": {
    "n_quarters": 20,
    "coverage": {
      "revenue": [
        20,
        20
      ],
      "gross_profit": [
        20,
        20
      ],
      "op_income": [
        20,
        20
      ],
      "fcf": [
        20,
        20
      ]
    },
    "gaps": [],
    "warnings": []
  },
  "market_cap": null,
  "source": "SEC EDGAR",
  "last_updated": "2026-02-02T19:57:49.223890"
}