{
  "ticker": "ADTN",
  "name": "ADTRAN Holdings, Inc.",
  "quarters": [
    {
      "date": "2020-12-31T00:00:00",
      "quarter_label": "2020-12 (Q4)",
      "revenue": 130129000,
      "gross_profit": 53517000,
      "operating_income": -3324000,
      "net_income": 6114000,
      "opex": 56841000,
      "cogs": 76612000,
      "rd": 27493000,
      "sga": 29348000,
      "fcf": -12532000,
      "ocf": -11201000,
      "capex": -1331000,
      "gross_margin": 0.4112611331832259,
      "op_margin": -0.0255438833772641,
      "fcf_margin": -0.09630443636698968
    },
    {
      "date": "2021-03-31T00:00:00",
      "quarter_label": "2021-03 (Q1)",
      "revenue": 127533000,
      "gross_profit": 53601000,
      "operating_income": -1335000,
      "net_income": 896000,
      "opex": 54936000,
      "cogs": 73932000,
      "rd": 27501000,
      "sga": 27435000,
      "fcf": 9944000,
      "ocf": 10685000,
      "capex": -741000,
      "gross_margin": 0.42029121874338404,
      "op_margin": -0.010467878901931266,
      "fcf_margin": 0.07797197588075243,
      "fcf_margin_change": 0.1742764122477421
    },
    {
      "date": "2021-06-30T00:00:00",
      "quarter_label": "2021-06 (Q2)",
      "revenue": 143232000,
      "gross_profit": 62668000,
      "operating_income": 3931000,
      "net_income": 5086000,
      "opex": 58737000,
      "cogs": 80564000,
      "rd": 27871000,
      "sga": 30866000,
      "fcf": 6059000,
      "ocf": 7528000,
      "capex": -1469000,
      "gross_margin": 0.43752792672028595,
      "op_margin": 0.02744498436103664,
      "fcf_margin": 0.04230199955317247,
      "op_leverage_ratio": 1.779133668490872,
      "fcf_margin_change": -0.035669976327579955
    },
    {
      "date": "2021-09-30T00:00:00",
      "quarter_label": "2021-09 (Q3)",
      "revenue": 138081000,
      "gross_profit": 47673000,
      "operating_income": -10058000,
      "net_income": -10427000,
      "opex": 57731000,
      "cogs": 90408000,
      "rd": 26759000,
      "sga": 30972000,
      "fcf": 9316000,
      "ocf": 10678000,
      "capex": -1362000,
      "gross_margin": 0.3452538727268777,
      "op_margin": -0.0728413032929947,
      "fcf_margin": 0.06746764580210167,
      "fcf_margin_change": 0.025165646248929197
    },
    {
      "date": "2021-12-31T00:00:00",
      "quarter_label": "2021-12 (Q4)",
      "revenue": 154158000,
      "gross_profit": 54435000,
      "operating_income": -7238000,
      "net_income": -4190000,
      "opex": 61673000,
      "cogs": 99723000,
      "rd": 26532000,
      "sga": 35141000,
      "fcf": -27980000,
      "ocf": -25883000,
      "capex": -2097000,
      "gross_margin": 0.3531117424979566,
      "op_margin": -0.04695182864333995,
      "fcf_margin": -0.18150209525292232,
      "incr_op_margin_yoy": -0.16288651213117483,
      "rev_growth_yoy": 0.18465522673654605,
      "op_leverage_ratio": 1.7051537658222955,
      "fcf_margin_change": -0.248969741055024
    },
    {
      "date": "2022-03-31T00:00:00",
      "quarter_label": "2022-03 (Q1)",
      "revenue": 154518000,
      "gross_profit": 54316000,
      "operating_income": -68000,
      "net_income": -1127000,
      "opex": 54384000,
      "cogs": 100202000,
      "rd": 26491000,
      "sga": 27893000,
      "fcf": 3408000,
      "ocf": 4869000,
      "capex": -1461000,
      "gross_margin": 0.35151891688994163,
      "op_margin": -0.0004400781785940797,
      "fcf_margin": 0.022055682833067993,
      "incr_op_margin_yoy": 0.04695201037613489,
      "rev_growth_yoy": 0.2115922937592623,
      "rev_growth_yoy_accel": 0.026937067022716255,
      "fcf_margin_change": 0.20355777808599032
    },
    {
      "date": "2022-06-30T00:00:00",
      "quarter_label": "2022-06 (Q2)",
      "revenue": 172038000,
      "gross_profit": 62506000,
      "operating_income": 8133000,
      "net_income": 2143000,
      "opex": 54373000,
      "cogs": 109532000,
      "rd": 26500000,
      "sga": 27873000,
      "fcf": -12611000,
      "ocf": -10787000,
      "capex": -1824000,
      "gross_margin": 0.3633267068903382,
      "op_margin": 0.047274439368046595,
      "fcf_margin": -0.07330357246654809,
      "incr_op_margin_yoy": 0.14587238769700756,
      "rev_growth_yoy": 0.2011142761394102,
      "rev_growth_yoy_accel": -0.01047801761985212,
      "op_leverage_ratio": Infinity,
      "fcf_margin_change": -0.09535925529961609
    },
    {
      "date": "2022-09-30T00:00:00",
      "quarter_label": "2022-09 (Q3)",
      "revenue": 340709000,
      "gross_profit": 103027000,
      "operating_income": -48018000,
      "net_income": -41934000,
      "opex": 151045000,
      "cogs": 237682000,
      "rd": 59196000,
      "sga": 74880000,
      "fcf": -43671000,
      "ocf": -36815000,
      "capex": -6856000,
      "gross_margin": 0.3023900161134575,
      "op_margin": -0.1409355197543945,
      "fcf_margin": -0.12817683125482449,
      "incr_op_margin_yoy": -0.18733837376867954,
      "rev_growth_yoy": 1.4674575068257039,
      "rev_growth_yoy_accel": 1.2663432306862936,
      "op_leverage_ratio": 0.5514404586152396,
      "fcf_margin_change": -0.0548732587882764
    },
    {
      "date": "2022-12-31T00:00:00",
      "quarter_label": "2022-12 (Q4)",
      "revenue": 358271000,
      "gross_profit": 107403000,
      "operating_income": -32874000,
      "net_income": 38881000,
      "opex": 140277000,
      "cogs": 250868000,
      "rd": 61570000,
      "sga": 78243000,
      "fcf": -8426000,
      "ocf": -1495000,
      "capex": -6931000,
      "gross_margin": 0.29978145035461984,
      "op_margin": -0.09175735686114701,
      "fcf_margin": -0.023518509731460264,
      "incr_op_margin_yoy": -0.12559709572638686,
      "rev_growth_yoy": 1.3240506493338005,
      "rev_growth_yoy_accel": -0.1434068574919034,
      "op_leverage_ratio": Infinity,
      "fcf_margin_change": 0.10465832152336423
    },
    {
      "date": "2023-03-31T00:00:00",
      "quarter_label": "2023-03 (Q1)",
      "revenue": 323912000,
      "gross_profit": 87808000,
      "operating_income": -49732000,
      "net_income": -34464000,
      "opex": 137540000,
      "cogs": 236104000,
      "rd": 70143000,
      "sga": 67397000,
      "fcf": -28365000,
      "ocf": -19926000,
      "capex": -8439000,
      "gross_margin": 0.2710859739682383,
      "op_margin": -0.15353552816814445,
      "fcf_margin": -0.08757008076267628,
      "incr_op_margin_yoy": -0.29318629939667284,
      "rev_growth_yoy": 1.0962735733053754,
      "rev_growth_yoy_accel": -0.227777076028425,
      "fcf_margin_change": -0.06405157103121602
    },
    {
      "date": "2023-06-30T00:00:00",
      "quarter_label": "2023-06 (Q2)",
      "revenue": 327378000,
      "gross_profit": 92553000,
      "operating_income": -44628000,
      "net_income": -33334000,
      "opex": 137181000,
      "cogs": 234825000,
      "rd": 70598000,
      "sga": 66583000,
      "fcf": -27913000,
      "ocf": -16234000,
      "capex": -11679000,
      "gross_margin": 0.28270989498378024,
      "op_margin": -0.1363194838993457,
      "fcf_margin": -0.0852622961836165,
      "incr_op_margin_yoy": -0.3396485129393588,
      "rev_growth_yoy": 0.9029400481289017,
      "rev_growth_yoy_accel": -0.19333352517647373,
      "op_leverage_ratio": Infinity,
      "fcf_margin_change": 0.0023077845790597795
    },
    {
      "date": "2023-09-30T00:00:00",
      "quarter_label": "2023-09 (Q3)",
      "revenue": 272331000,
      "gross_profit": 74237000,
      "operating_income": -89296000,
      "net_income": -72735000,
      "opex": 163533000,
      "cogs": 198094000,
      "rd": 62752000,
      "sga": 62907000,
      "fcf": -6710000,
      "ocf": 6846000,
      "capex": -13556000,
      "gross_margin": 0.2725984188359019,
      "op_margin": -0.3278950982444158,
      "fcf_margin": -0.02463913399502811,
      "incr_op_margin_yoy": 0.6036736962180819,
      "rev_growth_yoy": -0.2006932602308715,
      "rev_growth_yoy_accel": -1.1036333083597731,
      "fcf_margin_change": 0.06062316218858839
    },
    {
      "date": "2023-12-31T00:00:00",
      "quarter_label": "2023-12 (Q4)",
      "revenue": 225479000,
      "gross_profit": 78465000,
      "operating_income": -37615000,
      "net_income": -127155000,
      "opex": 116080000,
      "cogs": 147014000,
      "rd": 54818000,
      "sga": 61262000,
      "fcf": -16364000,
      "ocf": -13701000,
      "capex": -2663000,
      "gross_margin": 0.34799249597523496,
      "op_margin": -0.16682263093237065,
      "fcf_margin": -0.07257438608473517,
      "incr_op_margin_yoy": 0.03570245195493704,
      "rev_growth_yoy": -0.37064680088536334,
      "rev_growth_yoy_accel": -0.16995354065449184,
      "fcf_margin_change": -0.04793525208970706
    },
    {
      "date": "2024-03-31T00:00:00",
      "quarter_label": "2024-03 (Q1)",
      "revenue": 226173000,
      "gross_profit": 72255000,
      "operating_income": -339679000,
      "net_income": -324550000,
      "opex": 411934000,
      "cogs": 155858000,
      "rd": 60251000,
      "sga": 59100000,
      "fcf": 24415000,
      "ocf": 37925000,
      "capex": -13510000,
      "gross_margin": 0.31946784098897746,
      "op_margin": -1.5018547748847122,
      "fcf_margin": 0.1079483404296711,
      "incr_op_margin_yoy": 2.966543549657762,
      "rev_growth_yoy": -0.30174553582454494,
      "rev_growth_yoy_accel": 0.0689012650608184,
      "fcf_margin_change": 0.18052272651440626
    },
    {
      "date": "2024-06-30T00:00:00",
      "quarter_label": "2024-06 (Q2)",
      "revenue": 225991000,
      "gross_profit": 81575000,
      "operating_income": -38306000,
      "net_income": -49865000,
      "opex": 119881000,
      "cogs": 144732000,
      "rd": 60388000,
      "sga": 59493000,
      "fcf": 8423000,
      "ocf": 19884000,
      "capex": -11461000,
      "gross_margin": 0.3609657021739804,
      "op_margin": -0.16950232531383994,
      "fcf_margin": 0.037271395763548106,
      "incr_op_margin_yoy": -0.0623551342874333,
      "rev_growth_yoy": -0.30969399287673577,
      "rev_growth_yoy_accel": -0.007948457052190827,
      "fcf_margin_change": -0.07067694466612298
    },
    {
      "date": "2024-09-30T00:00:00",
      "quarter_label": "2024-09 (Q3)",
      "revenue": 227704000,
      "gross_profit": 85251000,
      "operating_income": -23984000,
      "net_income": -31239000,
      "opex": 109235000,
      "cogs": 144670000,
      "rd": 51615000,
      "sga": 57620000,
      "fcf": 37127000,
      "ocf": 43324000,
      "capex": -6197000,
      "gross_margin": 0.3743939500404033,
      "op_margin": -0.10532972631135158,
      "fcf_margin": 0.1630493974633735,
      "incr_op_margin_yoy": -1.463508638268313,
      "rev_growth_yoy": -0.16387043707840826,
      "rev_growth_yoy_accel": 0.1458235557983275,
      "fcf_margin_change": 0.1257780016998254
    },
    {
      "date": "2024-12-31T00:00:00",
      "quarter_label": "2024-12 (Q4)",
      "revenue": 242852000,
      "gross_profit": 89556000,
      "operating_income": -16771000,
      "net_income": -46111000,
      "opex": 106327000,
      "cogs": 153296000,
      "rd": 49314000,
      "sga": 57013000,
      "fcf": -895000,
      "ocf": 2438000,
      "capex": -3333000,
      "gross_margin": 0.36876780920066543,
      "op_margin": -0.06905852123927331,
      "fcf_margin": -0.0036853721608222294,
      "incr_op_margin_yoy": 1.1997927819029528,
      "rev_growth_yoy": 0.07704930392630799,
      "rev_growth_yoy_accel": 0.24091974100471625,
      "op_leverage_ratio": Infinity,
      "fcf_margin_change": -0.16673476962419573
    },
    {
      "date": "2025-03-31T00:00:00",
      "quarter_label": "2025-03 (Q1)",
      "revenue": 247744000,
      "gross_profit": 95176000,
      "operating_income": -3968000,
      "net_income": -11267000,
      "opex": 99144000,
      "cogs": 152568000,
      "rd": 48859000,
      "sga": 50285000,
      "fcf": 35782000,
      "ocf": 43181000,
      "capex": -7399000,
      "gross_margin": 0.38417075691035907,
      "op_margin": -0.016016533195556702,
      "fcf_margin": 0.1444313484887626,
      "incr_op_margin_yoy": 15.563070789485884,
      "rev_growth_yoy": 0.09537389520411367,
      "rev_growth_yoy_accel": 0.018324591277805682,
      "op_leverage_ratio": Infinity,
      "fcf_margin_change": 0.14811672064958484
    },
    {
      "date": "2025-06-30T00:00:00",
      "quarter_label": "2025-06 (Q2)",
      "revenue": 265068000,
      "gross_profit": 98924000,
      "operating_income": -13318000,
      "net_income": -20531000,
      "opex": 112242000,
      "cogs": 166144000,
      "rd": 51895000,
      "sga": 60347000,
      "fcf": 27475000,
      "ocf": 32160000,
      "capex": -4685000,
      "gross_margin": 0.3732023480767199,
      "op_margin": -0.05024371104773115,
      "fcf_margin": 0.10365264762249687,
      "incr_op_margin_yoy": 0.6394554341428462,
      "rev_growth_yoy": 0.1729139656004,
      "rev_growth_yoy_accel": 0.07754007039628634,
      "op_leverage_ratio": 0.5293055896926924,
      "fcf_margin_change": -0.04077870086626573
    },
    {
      "date": "2025-09-30T00:00:00",
      "quarter_label": "2025-09 (Q3)",
      "revenue": 279435000,
      "gross_profit": 107126000,
      "operating_income": -2788000,
      "net_income": -10262000,
      "opex": 109914000,
      "cogs": 172309000,
      "rd": 51680000,
      "sga": 58234000,
      "fcf": 4206000,
      "ocf": 12188000,
      "capex": -7982000,
      "gross_margin": 0.3833664358437561,
      "op_margin": -0.009977275573925958,
      "fcf_margin": 0.015051800955499491,
      "incr_op_margin_yoy": 0.4097349751599621,
      "rev_growth_yoy": 0.22718529318764713,
      "rev_growth_yoy_accel": 0.05427132758724712,
      "op_leverage_ratio": Infinity,
      "fcf_margin_change": -0.08860084666699738
    }
  ],
  "signals": [
    {
      "quarter": "2025-09 (Q3)",
      "signal": "YoY REVENUE GROWTH ACCELERATION",
      "detail": "YoY growth: +22.7% vs prior quarter YoY: +17.3% (accel: +5.4%)",
      "severity": "MEDIUM"
    },
    {
      "quarter": "2025-06 (Q2)",
      "signal": "YoY REVENUE GROWTH ACCELERATION",
      "detail": "YoY growth: +17.3% vs prior quarter YoY: +9.5% (accel: +7.8%)",
      "severity": "MEDIUM"
    },
    {
      "quarter": "2025-03 (Q1)",
      "signal": "FCF TURNED POSITIVE",
      "detail": "FCF margin: -0.4% -> +14.4%",
      "severity": "HIGH"
    },
    {
      "quarter": "2024-12 (Q4)",
      "signal": "YoY REVENUE GROWTH ACCELERATION",
      "detail": "YoY growth: +7.7% vs prior quarter YoY: -16.4% (accel: +24.1%)",
      "severity": "HIGH"
    },
    {
      "quarter": "2024-09 (Q3)",
      "signal": "FCF MARGIN EXPANSION",
      "detail": "FCF margin: +3.7% -> +16.3% (+12.6%)",
      "severity": "MEDIUM"
    },
    {
      "quarter": "2024-09 (Q3)",
      "signal": "YoY REVENUE GROWTH ACCELERATION",
      "detail": "YoY growth: -16.4% vs prior quarter YoY: -31.0% (accel: +14.6%)",
      "severity": "MEDIUM"
    },
    {
      "quarter": "2024-06 (Q2)",
      "signal": "GROSS MARGIN INFLECTION",
      "detail": "GM: +34.8% -> +31.9% -> +36.1% (reversal +4.1%)",
      "severity": "MEDIUM"
    },
    {
      "quarter": "2024-03 (Q1)",
      "signal": "FCF TURNED POSITIVE",
      "detail": "FCF margin: -7.3% -> +10.8%",
      "severity": "HIGH"
    },
    {
      "quarter": "2024-03 (Q1)",
      "signal": "YoY REVENUE GROWTH ACCELERATION",
      "detail": "YoY growth: -30.2% vs prior quarter YoY: -37.1% (accel: +6.9%)",
      "severity": "MEDIUM"
    },
    {
      "quarter": "2023-12 (Q4)",
      "signal": "GROSS MARGIN INFLECTION",
      "detail": "GM: +28.3% -> +27.3% -> +34.8% (reversal +7.5%)",
      "severity": "HIGH"
    },
    {
      "quarter": "2023-12 (Q4)",
      "signal": "YoY REVENUE GROWTH DECELERATION",
      "detail": "YoY growth: -37.1% vs prior quarter YoY: -20.1% (decel: -17.0%)",
      "severity": "WARNING"
    },
    {
      "quarter": "2023-09 (Q3)",
      "signal": "FCF MARGIN EXPANSION",
      "detail": "FCF margin: -8.5% -> -2.5% (+6.1%)",
      "severity": "MEDIUM"
    },
    {
      "quarter": "2023-09 (Q3)",
      "signal": "YoY REVENUE GROWTH DECELERATION",
      "detail": "YoY growth: -20.1% vs prior quarter YoY: +90.3% (decel: -110.4%)",
      "severity": "WARNING"
    },
    {
      "quarter": "2023-06 (Q2)",
      "signal": "YoY REVENUE GROWTH DECELERATION",
      "detail": "YoY growth: +90.3% vs prior quarter YoY: +109.6% (decel: -19.3%)",
      "severity": "WARNING"
    },
    {
      "quarter": "2023-03 (Q1)",
      "signal": "YoY REVENUE GROWTH DECELERATION",
      "detail": "YoY growth: +109.6% vs prior quarter YoY: +132.4% (decel: -22.8%)",
      "severity": "WARNING"
    },
    {
      "quarter": "2022-12 (Q4)",
      "signal": "FCF MARGIN EXPANSION",
      "detail": "FCF margin: -12.8% -> -2.4% (+10.5%)",
      "severity": "MEDIUM"
    },
    {
      "quarter": "2022-12 (Q4)",
      "signal": "YoY REVENUE GROWTH DECELERATION",
      "detail": "YoY growth: +132.4% vs prior quarter YoY: +146.7% (decel: -14.3%)",
      "severity": "WARNING"
    },
    {
      "quarter": "2022-09 (Q3)",
      "signal": "YoY REVENUE GROWTH ACCELERATION",
      "detail": "YoY growth: +146.7% vs prior quarter YoY: +20.1% (accel: +126.6%)",
      "severity": "HIGH"
    },
    {
      "quarter": "2022-06 (Q2)",
      "signal": "INCREMENTAL MARGIN (YoY)",
      "detail": "YoY Incr OPM: +14.6% vs year-ago OPM: +2.7%",
      "severity": "MEDIUM"
    },
    {
      "quarter": "2022-06 (Q2)",
      "signal": "OP MARGIN TURNED POSITIVE (QoQ)",
      "detail": "Op margin: -0.0% -> +4.7%",
      "severity": "HIGH"
    },
    {
      "quarter": "2022-03 (Q1)",
      "signal": "FCF TURNED POSITIVE",
      "detail": "FCF margin: -18.2% -> +2.2%",
      "severity": "HIGH"
    },
    {
      "quarter": "2021-12 (Q4)",
      "signal": "OPERATING LEVERAGE",
      "detail": "Rev growth +11.6% vs OpEx growth +6.8% (leverage: 1.7x)",
      "severity": "MEDIUM"
    },
    {
      "quarter": "2021-06 (Q2)",
      "signal": "OPERATING LEVERAGE",
      "detail": "Rev growth +12.3% vs OpEx growth +6.9% (leverage: 1.8x)",
      "severity": "MEDIUM"
    },
    {
      "quarter": "2021-06 (Q2)",
      "signal": "OP MARGIN TURNED POSITIVE (QoQ)",
      "detail": "Op margin: -1.0% -> +2.7%",
      "severity": "HIGH"
    },
    {
      "quarter": "2021-03 (Q1)",
      "signal": "FCF TURNED POSITIVE",
      "detail": "FCF margin: -9.6% -> +7.8%",
      "severity": "HIGH"
    }
  ],
  "data_quality": {
    "n_quarters": 20,
    "coverage": {
      "revenue": [
        20,
        20
      ],
      "gross_profit": [
        20,
        20
      ],
      "op_income": [
        20,
        20
      ],
      "fcf": [
        20,
        20
      ]
    },
    "gaps": [],
    "warnings": []
  },
  "market_cap": null,
  "source": "SEC EDGAR",
  "last_updated": "2026-02-02T22:10:32.551989"
}