{
  "ticker": "ADV",
  "name": "Advantage Solutions Inc.",
  "quarters": [
    {
      "date": "2020-12-31T00:00:00",
      "quarter_label": "2020-12 (Q4)",
      "revenue": 850387000,
      "gross_profit": 180881000,
      "operating_income": 72446115,
      "net_income": -158381646,
      "opex": 903393000,
      "cogs": 669506000,
      "rd": null,
      "sga": 172802000,
      "fcf": 47862000,
      "ocf": 55625000,
      "capex": -7763000,
      "gross_margin": 0.2127043334387755,
      "op_margin": 0.08519193614201534,
      "fcf_margin": 0.05628261015278926
    },
    {
      "date": "2021-03-31T00:00:00",
      "quarter_label": "2021-03 (Q1)",
      "revenue": 791021000,
      "gross_profit": 137682000,
      "operating_income": 37588000,
      "net_income": -116000,
      "opex": 753433000,
      "cogs": 653339000,
      "rd": null,
      "sga": 40481000,
      "fcf": 24640000,
      "ocf": 29887000,
      "capex": -5247000,
      "gross_margin": 0.17405606172276084,
      "op_margin": 0.04751833390011138,
      "fcf_margin": 0.031149615496933708,
      "fcf_margin_change": -0.02513299465585555
    },
    {
      "date": "2021-06-30T00:00:00",
      "quarter_label": "2021-06 (Q2)",
      "revenue": 849954000,
      "gross_profit": 151728000,
      "operating_income": 42447000,
      "net_income": 6121000,
      "opex": 807507000,
      "cogs": 698226000,
      "rd": null,
      "sga": 46607000,
      "fcf": 18326000,
      "ocf": 26037000,
      "capex": -7711000,
      "gross_margin": 0.17851319012558325,
      "op_margin": 0.04994034971304329,
      "fcf_margin": 0.021561166839617202,
      "op_leverage_ratio": 1.0380700896598134,
      "fcf_margin_change": -0.009588448657316506
    },
    {
      "date": "2021-09-30T00:00:00",
      "quarter_label": "2021-09 (Q3)",
      "revenue": 928760000,
      "gross_profit": 162507000,
      "operating_income": 65602000,
      "net_income": 23311000,
      "opex": 863158000,
      "cogs": 766253000,
      "rd": null,
      "sga": 37742000,
      "fcf": 33996000,
      "ocf": 45144000,
      "capex": -11148000,
      "gross_margin": 0.17497200568499935,
      "op_margin": 0.07063396356432232,
      "fcf_margin": 0.036603643567767775,
      "op_leverage_ratio": 1.345355892985102,
      "fcf_margin_change": 0.015042476728150574
    },
    {
      "date": "2021-12-31T00:00:00",
      "quarter_label": "2021-12 (Q4)",
      "revenue": 1032563000,
      "gross_profit": 186258000,
      "operating_income": 84411000,
      "net_income": 25178000,
      "opex": 948152000,
      "cogs": 846305000,
      "rd": null,
      "sga": 43256000,
      "fcf": 17854000,
      "ocf": 24923000,
      "capex": -7069000,
      "gross_margin": 0.18038415089442483,
      "op_margin": 0.08174900708237658,
      "fcf_margin": 0.017290954643929716,
      "incr_op_margin_yoy": 0.06567761395573511,
      "rev_growth_yoy": 0.21422716951223383,
      "op_leverage_ratio": 1.1350328573797286,
      "fcf_margin_change": -0.01931268892383806
    },
    {
      "date": "2022-03-31T00:00:00",
      "quarter_label": "2022-03 (Q1)",
      "revenue": 914808000,
      "gross_profit": 128865000,
      "operating_income": 23024000,
      "net_income": 18965000,
      "opex": 891784000,
      "cogs": 785943000,
      "rd": null,
      "sga": 48073000,
      "fcf": -34394000,
      "ocf": -23955000,
      "capex": -10439000,
      "gross_margin": 0.14086562426214025,
      "op_margin": 0.025168122709901968,
      "fcf_margin": -0.03759696023646492,
      "incr_op_margin_yoy": -0.11765371161753657,
      "rev_growth_yoy": 0.15649015639281386,
      "rev_growth_yoy_accel": -0.05773701311941998,
      "fcf_margin_change": -0.05488791488039464
    },
    {
      "date": "2022-06-30T00:00:00",
      "quarter_label": "2022-06 (Q2)",
      "revenue": 981076000,
      "gross_profit": 139286000,
      "operating_income": 28266000,
      "net_income": 3371000,
      "opex": 952810000,
      "cogs": 841790000,
      "rd": null,
      "sga": 52576000,
      "fcf": 42853000,
      "ocf": 53947000,
      "capex": -11094000,
      "gross_margin": 0.1419726912084283,
      "op_margin": 0.028811223595317795,
      "fcf_margin": 0.04367959261056228,
      "incr_op_margin_yoy": -0.10815118744375467,
      "rev_growth_yoy": 0.15426952517430356,
      "rev_growth_yoy_accel": -0.002220631218510294,
      "op_leverage_ratio": 1.058567804612136,
      "fcf_margin_change": 0.0812765528470272
    },
    {
      "date": "2022-09-30T00:00:00",
      "quarter_label": "2022-09 (Q3)",
      "revenue": 1051095000,
      "gross_profit": 142572000,
      "operating_income": 46842000,
      "net_income": 21059000,
      "opex": 1004253000,
      "cogs": 908523000,
      "rd": null,
      "sga": 37945000,
      "fcf": 43454000,
      "ocf": 51958000,
      "capex": -8504000,
      "gross_margin": 0.1356414025373539,
      "op_margin": 0.044564953691150655,
      "fcf_margin": 0.04134164847135606,
      "incr_op_margin_yoy": -0.15334940940859115,
      "rev_growth_yoy": 0.13171863560015504,
      "rev_growth_yoy_accel": -0.022550889574148525,
      "op_leverage_ratio": 1.3218837730124497,
      "fcf_margin_change": -0.0023379441392062175
    },
    {
      "date": "2022-12-31T00:00:00",
      "quarter_label": "2022-12 (Q4)",
      "revenue": 1102763000,
      "gross_profit": 145836000,
      "operating_income": -1537538000,
      "net_income": -1423897000,
      "opex": 2640301000,
      "cogs": 956927000,
      "rd": null,
      "sga": 51773000,
      "fcf": 40441000,
      "ocf": 22755000,
      "capex": 17686000,
      "gross_margin": 0.13224600390111022,
      "op_margin": -1.394259691338937,
      "fcf_margin": 0.036672430975649345,
      "incr_op_margin_yoy": -23.10468660968661,
      "rev_growth_yoy": 0.06798616646151373,
      "rev_growth_yoy_accel": -0.0637324691386413,
      "op_leverage_ratio": 0.030173575575218835,
      "fcf_margin_change": -0.004669217495706715
    },
    {
      "date": "2023-03-31T00:00:00",
      "quarter_label": "2023-03 (Q1)",
      "revenue": 1011983000,
      "gross_profit": 123943000,
      "operating_income": -8256000,
      "net_income": -47587000,
      "opex": 1020239000,
      "cogs": 888040000,
      "rd": null,
      "sga": 75095000,
      "fcf": 37098000,
      "ocf": 43086000,
      "capex": -5988000,
      "gross_margin": 0.12247537755080866,
      "op_margin": -0.008158239812328863,
      "fcf_margin": 0.036658718575312034,
      "incr_op_margin_yoy": -0.32189349112426036,
      "rev_growth_yoy": 0.10622447551836013,
      "rev_growth_yoy_accel": 0.0382383090568464,
      "fcf_margin_change": -1.371240033731097e-05
    },
    {
      "date": "2023-06-30T00:00:00",
      "quarter_label": "2023-06 (Q2)",
      "revenue": 1037055000,
      "gross_profit": 132294000,
      "operating_income": 22271000,
      "net_income": -8762000,
      "opex": 1014784000,
      "cogs": 904761000,
      "rd": null,
      "sga": 53285000,
      "fcf": 53846000,
      "ocf": 61904000,
      "capex": -8058000,
      "gross_margin": 0.12756700464295528,
      "op_margin": 0.021475235161105246,
      "fcf_margin": 0.051922029207708366,
      "incr_op_margin_yoy": -0.10709373157791315,
      "rev_growth_yoy": 0.05705878035952362,
      "rev_growth_yoy_accel": -0.04916569515883651,
      "op_leverage_ratio": Infinity,
      "fcf_margin_change": 0.015263310632396332
    },
    {
      "date": "2023-09-30T00:00:00",
      "quarter_label": "2023-09 (Q3)",
      "revenue": 1096059000,
      "gross_profit": 148513000,
      "operating_income": 15983000,
      "net_income": -24338000,
      "opex": 1080076000,
      "cogs": 947546000,
      "rd": null,
      "sga": 76065000,
      "fcf": 65435000,
      "ocf": 75813000,
      "capex": -10378000,
      "gross_margin": 0.13549726793904343,
      "op_margin": 0.014582244204007265,
      "fcf_margin": 0.05970025336227338,
      "incr_op_margin_yoy": -0.6863045992349435,
      "rev_growth_yoy": 0.04277824554393275,
      "rev_growth_yoy_accel": -0.01428053481559087,
      "op_leverage_ratio": 0.8842871289676246,
      "fcf_margin_change": 0.007778224154565014
    },
    {
      "date": "2023-12-31T00:00:00",
      "quarter_label": "2023-12 (Q4)",
      "revenue": 1079749000,
      "gross_profit": 159632000,
      "operating_income": 46192000,
      "net_income": 17429000,
      "opex": 1033557000,
      "cogs": 920117000,
      "rd": null,
      "sga": 60646000,
      "fcf": 51422000,
      "ocf": 47689000,
      "capex": 3733000,
      "gross_margin": 0.14784176692916595,
      "op_margin": 0.04278031283196373,
      "fcf_margin": 0.047624031140570636,
      "incr_op_margin_yoy": -68.81593812461979,
      "rev_growth_yoy": -0.02086939804835672,
      "rev_growth_yoy_accel": -0.06364764359228947,
      "fcf_margin_change": -0.012076222221702744
    },
    {
      "date": "2024-03-31T00:00:00",
      "quarter_label": "2024-03 (Q1)",
      "revenue": 879003000,
      "gross_profit": 115131000,
      "operating_income": -26762000,
      "net_income": -5307000,
      "opex": 905765000,
      "cogs": 763872000,
      "rd": null,
      "sga": 89664000,
      "fcf": -24790000,
      "ocf": -9376000,
      "capex": -15414000,
      "gross_margin": 0.13097907515674007,
      "op_margin": -0.030445857408905316,
      "fcf_margin": -0.028202406590193664,
      "incr_op_margin_yoy": 0.13916378402767332,
      "rev_growth_yoy": -0.13140536945778733,
      "rev_growth_yoy_accel": -0.11053597140943061,
      "fcf_margin_change": -0.0758264377307643
    },
    {
      "date": "2024-06-30T00:00:00",
      "quarter_label": "2024-06 (Q2)",
      "revenue": 873357000,
      "gross_profit": 122020000,
      "operating_income": -91259000,
      "net_income": -100835000,
      "opex": 964616000,
      "cogs": 751337000,
      "rd": null,
      "sga": 62858000,
      "fcf": 43816000,
      "ocf": 53431000,
      "capex": -9615000,
      "gross_margin": 0.1397137711153629,
      "op_margin": -0.10449220650890759,
      "fcf_margin": 0.050169632807660555,
      "incr_op_margin_yoy": 0.6935332136006549,
      "rev_growth_yoy": -0.15784890868854592,
      "rev_growth_yoy_accel": -0.026443539230758595,
      "fcf_margin_change": 0.07837203939785423
    },
    {
      "date": "2024-09-30T00:00:00",
      "quarter_label": "2024-09 (Q3)",
      "revenue": 939270000,
      "gross_profit": 144312000,
      "operating_income": -3177000,
      "net_income": -42776000,
      "opex": 942447000,
      "cogs": 794958000,
      "rd": null,
      "sga": 98438000,
      "fcf": 8625000,
      "ocf": 33954000,
      "capex": -25329000,
      "gross_margin": 0.15364272253984476,
      "op_margin": -0.0033824140023635376,
      "fcf_margin": 0.00918266313200677,
      "incr_op_margin_yoy": 0.122202450427007,
      "rev_growth_yoy": -0.14304795636001347,
      "rev_growth_yoy_accel": 0.014800952328532457,
      "op_leverage_ratio": Infinity,
      "fcf_margin_change": -0.04098696967565378
    },
    {
      "date": "2024-12-31T00:00:00",
      "quarter_label": "2024-12 (Q4)",
      "revenue": 892285000,
      "gross_profit": 131372000,
      "operating_income": -170597000,
      "net_income": -178044000,
      "opex": 1062882000,
      "cogs": 760913000,
      "rd": null,
      "sga": 74219000,
      "fcf": 57606000,
      "ocf": 15086000,
      "capex": 42520000,
      "gross_margin": 0.14723098561558245,
      "op_margin": -0.19119115529231132,
      "fcf_margin": 0.06456009010573976,
      "incr_op_margin_yoy": 1.1564300345666367,
      "rev_growth_yoy": -0.17361812791676584,
      "rev_growth_yoy_accel": -0.030570171556752374,
      "fcf_margin_change": 0.05537742697373299
    },
    {
      "date": "2025-03-31T00:00:00",
      "quarter_label": "2025-03 (Q1)",
      "revenue": 821792000,
      "gross_profit": 99038000,
      "operating_income": -14621000,
      "net_income": -56130000,
      "opex": 836413000,
      "cogs": 722754000,
      "rd": null,
      "sga": 64865000,
      "fcf": -54731000,
      "ocf": -39627000,
      "capex": -15104000,
      "gross_margin": 0.12051468011370274,
      "op_margin": -0.017791606635255638,
      "fcf_margin": -0.06659957750866399,
      "incr_op_margin_yoy": -0.21221443428711262,
      "rev_growth_yoy": -0.06508623975117264,
      "rev_growth_yoy_accel": 0.1085318881655932,
      "fcf_margin_change": -0.13115966761440376
    },
    {
      "date": "2025-06-30T00:00:00",
      "quarter_label": "2025-06 (Q2)",
      "revenue": 873707000,
      "gross_profit": 126775000,
      "operating_income": 10011000,
      "net_income": -30440000,
      "opex": 863696000,
      "cogs": 746932000,
      "rd": null,
      "sga": 68657000,
      "fcf": -10216000,
      "ocf": -8101000,
      "capex": -2115000,
      "gross_margin": 0.1451001308218888,
      "op_margin": 0.011458074617692202,
      "fcf_margin": -0.011692707051677508,
      "rev_growth_yoy": 0.00040075249869182936,
      "rev_growth_yoy_accel": 0.06548699224986447,
      "op_leverage_ratio": 1.9366877271,
      "fcf_margin_change": 0.05490687045698649
    },
    {
      "date": "2025-09-30T00:00:00",
      "quarter_label": "2025-09 (Q3)",
      "revenue": 915012000,
      "gross_profit": 138591000,
      "operating_income": 40160000,
      "net_income": 20565000,
      "opex": 874852000,
      "cogs": 776421000,
      "rd": null,
      "sga": 57568000,
      "fcf": 52187000,
      "ocf": 63630000,
      "capex": -11443000,
      "gross_margin": 0.1514635873627887,
      "op_margin": 0.04389013477418875,
      "fcf_margin": 0.05703422468776366,
      "incr_op_margin_yoy": -1.786503421551653,
      "rev_growth_yoy": -0.02582643968188061,
      "rev_growth_yoy_accel": -0.02622719218057244,
      "op_leverage_ratio": 3.6600685037572807,
      "fcf_margin_change": 0.06872693173944117
    }
  ],
  "signals": [
    {
      "quarter": "2025-09 (Q3)",
      "signal": "FCF TURNED POSITIVE",
      "detail": "FCF margin: -1.2% -> +5.7%",
      "severity": "HIGH"
    },
    {
      "quarter": "2025-09 (Q3)",
      "signal": "OPERATING LEVERAGE",
      "detail": "Rev growth +4.7% vs OpEx growth +1.3% (leverage: 3.7x)",
      "severity": "MEDIUM"
    },
    {
      "quarter": "2025-09 (Q3)",
      "signal": "OP MARGIN TURNED POSITIVE (YoY)",
      "detail": "Op margin: -0.3% (year-ago) -> +4.4%",
      "severity": "HIGH"
    },
    {
      "quarter": "2025-06 (Q2)",
      "signal": "FCF MARGIN EXPANSION",
      "detail": "FCF margin: -6.7% -> -1.2% (+5.5%)",
      "severity": "MEDIUM"
    },
    {
      "quarter": "2025-06 (Q2)",
      "signal": "OPERATING LEVERAGE",
      "detail": "Rev growth +6.3% vs OpEx growth +3.3% (leverage: 1.9x)",
      "severity": "MEDIUM"
    },
    {
      "quarter": "2025-06 (Q2)",
      "signal": "GROSS MARGIN INFLECTION",
      "detail": "GM: +14.7% -> +12.1% -> +14.5% (reversal +2.5%)",
      "severity": "MEDIUM"
    },
    {
      "quarter": "2025-06 (Q2)",
      "signal": "YoY REVENUE GROWTH ACCELERATION",
      "detail": "YoY growth: +0.0% vs prior quarter YoY: -6.5% (accel: +6.5%)",
      "severity": "MEDIUM"
    },
    {
      "quarter": "2025-06 (Q2)",
      "signal": "OP MARGIN TURNED POSITIVE (YoY)",
      "detail": "Op margin: -10.4% (year-ago) -> +1.1%",
      "severity": "HIGH"
    },
    {
      "quarter": "2025-06 (Q2)",
      "signal": "OP MARGIN TURNED POSITIVE (QoQ)",
      "detail": "Op margin: -1.8% -> +1.1%",
      "severity": "HIGH"
    },
    {
      "quarter": "2025-03 (Q1)",
      "signal": "YoY REVENUE GROWTH ACCELERATION",
      "detail": "YoY growth: -6.5% vs prior quarter YoY: -17.4% (accel: +10.9%)",
      "severity": "MEDIUM"
    },
    {
      "quarter": "2024-12 (Q4)",
      "signal": "FCF MARGIN EXPANSION",
      "detail": "FCF margin: +0.9% -> +6.5% (+5.5%)",
      "severity": "MEDIUM"
    },
    {
      "quarter": "2024-06 (Q2)",
      "signal": "FCF TURNED POSITIVE",
      "detail": "FCF margin: -2.8% -> +5.0%",
      "severity": "HIGH"
    },
    {
      "quarter": "2024-03 (Q1)",
      "signal": "YoY REVENUE GROWTH DECELERATION",
      "detail": "YoY growth: -13.1% vs prior quarter YoY: -2.1% (decel: -11.1%)",
      "severity": "WARNING"
    },
    {
      "quarter": "2023-12 (Q4)",
      "signal": "YoY REVENUE GROWTH DECELERATION",
      "detail": "YoY growth: -2.1% vs prior quarter YoY: +4.3% (decel: -6.4%)",
      "severity": "WARNING"
    },
    {
      "quarter": "2023-12 (Q4)",
      "signal": "OP MARGIN TURNED POSITIVE (YoY)",
      "detail": "Op margin: -139.4% (year-ago) -> +4.3%",
      "severity": "HIGH"
    },
    {
      "quarter": "2023-06 (Q2)",
      "signal": "OP MARGIN TURNED POSITIVE (QoQ)",
      "detail": "Op margin: -0.8% -> +2.1%",
      "severity": "HIGH"
    },
    {
      "quarter": "2022-12 (Q4)",
      "signal": "YoY REVENUE GROWTH DECELERATION",
      "detail": "YoY growth: +6.8% vs prior quarter YoY: +13.2% (decel: -6.4%)",
      "severity": "WARNING"
    },
    {
      "quarter": "2022-06 (Q2)",
      "signal": "FCF TURNED POSITIVE",
      "detail": "FCF margin: -3.8% -> +4.4%",
      "severity": "HIGH"
    },
    {
      "quarter": "2022-03 (Q1)",
      "signal": "YoY REVENUE GROWTH DECELERATION",
      "detail": "YoY growth: +15.6% vs prior quarter YoY: +21.4% (decel: -5.8%)",
      "severity": "WARNING"
    }
  ],
  "data_quality": {
    "n_quarters": 20,
    "coverage": {
      "revenue": [
        20,
        20
      ],
      "gross_profit": [
        20,
        20
      ],
      "op_income": [
        20,
        20
      ],
      "fcf": [
        20,
        20
      ]
    },
    "gaps": [],
    "warnings": []
  },
  "market_cap": null,
  "source": "SEC EDGAR",
  "last_updated": "2026-02-02T22:43:45.521247"
}