{
  "ticker": "AEHR",
  "name": "AEHR TEST SYSTEMS",
  "quarters": [
    {
      "date": "2021-05-31T00:00:00",
      "quarter_label": "2021-05 (Q2)",
      "revenue": 7638000,
      "gross_profit": 3534000,
      "operating_income": 601000,
      "net_income": null,
      "opex": 2933000,
      "cogs": 4104000,
      "rd": 1029000,
      "sga": 1904000,
      "fcf": -212000,
      "ocf": -190000,
      "capex": -22000,
      "gross_margin": 0.4626865671641791,
      "op_margin": 0.07868551976957319,
      "fcf_margin": -0.027755957056821157
    },
    {
      "date": "2021-08-31T00:00:00",
      "quarter_label": "2021-08 (Q3)",
      "revenue": 5646000,
      "gross_profit": 2281000,
      "operating_income": -993000,
      "net_income": 696000,
      "opex": 3274000,
      "cogs": 3365000,
      "rd": 1321000,
      "sga": 1953000,
      "fcf": 1815000,
      "ocf": 1874000,
      "capex": -59000,
      "gross_margin": 0.40400283386468294,
      "op_margin": -0.1758767268862912,
      "fcf_margin": 0.32146652497343253,
      "fcf_margin_change": 0.3492224820302537
    },
    {
      "date": "2021-11-30T00:00:00",
      "quarter_label": "2021-11 (Q4)",
      "revenue": 9611000,
      "gross_profit": 4519000,
      "operating_income": 717000,
      "net_income": 717000,
      "opex": 3802000,
      "cogs": 5092000,
      "rd": 1313000,
      "sga": 2489000,
      "fcf": 3264000,
      "ocf": 3337000,
      "capex": -73000,
      "gross_margin": 0.47019040682551244,
      "op_margin": 0.07460201852044532,
      "fcf_margin": 0.3396108625533243,
      "op_leverage_ratio": 4.354587989351539,
      "fcf_margin_change": 0.018144337579891756
    },
    {
      "date": "2022-02-28T00:00:00",
      "quarter_label": "2022-02 (Q1)",
      "revenue": 15283000,
      "gross_profit": 6397000,
      "operating_income": 2256000,
      "net_income": 2243000,
      "opex": 4141000,
      "cogs": 8886000,
      "rd": 1529000,
      "sga": 2612000,
      "fcf": -3022000,
      "ocf": -2936000,
      "capex": -86000,
      "gross_margin": 0.4185696525551266,
      "op_margin": 0.14761499705555192,
      "fcf_margin": -0.19773604658771185,
      "op_leverage_ratio": 6.618812207865312,
      "fcf_margin_change": -0.5373469091410361
    },
    {
      "date": "2022-05-31T00:00:00",
      "quarter_label": "2022-05 (Q2)",
      "revenue": 20289000,
      "gross_profit": 10468000,
      "operating_income": 5820000,
      "net_income": 5794000,
      "opex": 4648000,
      "cogs": 9821000,
      "rd": 1655000,
      "sga": 2993000,
      "fcf": -965000,
      "ocf": -767000,
      "capex": -198000,
      "gross_margin": 0.5159446005224506,
      "op_margin": 0.2868549460298684,
      "fcf_margin": -0.0475627187145744,
      "incr_op_margin_yoy": 0.41253655837483205,
      "rev_growth_yoy": 1.6563236449332286,
      "op_leverage_ratio": 2.675343205978049,
      "fcf_margin_change": 0.15017332787313745
    },
    {
      "date": "2022-08-31T00:00:00",
      "quarter_label": "2022-08 (Q3)",
      "revenue": 10671000,
      "gross_profit": 4481000,
      "operating_income": 458000,
      "net_income": 589000,
      "opex": 4023000,
      "cogs": 6190000,
      "rd": 1498000,
      "sga": 2525000,
      "fcf": 5377000,
      "ocf": 5461000,
      "capex": -84000,
      "gross_margin": 0.41992315621778653,
      "op_margin": 0.04292006372411208,
      "fcf_margin": 0.5038890450754381,
      "incr_op_margin_yoy": 0.28875621890547265,
      "rev_growth_yoy": 0.8900106269925611,
      "rev_growth_yoy_accel": -0.7663130179406675,
      "fcf_margin_change": 0.5514517637900125
    },
    {
      "date": "2022-11-30T00:00:00",
      "quarter_label": "2022-11 (Q4)",
      "revenue": 14815000,
      "gross_profit": 7911000,
      "operating_income": 3485000,
      "net_income": 3725000,
      "opex": 4426000,
      "cogs": 6904000,
      "rd": 1551000,
      "sga": 2875000,
      "fcf": -210000,
      "ocf": -195000,
      "capex": -15000,
      "gross_margin": 0.5339858251771853,
      "op_margin": 0.2352345595680054,
      "fcf_margin": -0.014174822814714817,
      "incr_op_margin_yoy": 0.5318985395849347,
      "rev_growth_yoy": 0.541462907085631,
      "rev_growth_yoy_accel": -0.34854771990693,
      "op_leverage_ratio": 3.8766769610267664,
      "fcf_margin_change": -0.5180638678901529
    },
    {
      "date": "2023-02-28T00:00:00",
      "quarter_label": "2023-02 (Q1)",
      "revenue": 17206000,
      "gross_profit": 8875000,
      "operating_income": 3793000,
      "net_income": 4132000,
      "opex": 5082000,
      "cogs": 8331000,
      "rd": 1832000,
      "sga": 3250000,
      "fcf": -1202000,
      "ocf": -1123000,
      "capex": -79000,
      "gross_margin": 0.515808438916657,
      "op_margin": 0.22044635592235268,
      "fcf_margin": -0.06985935138905033,
      "incr_op_margin_yoy": 0.7992719708788352,
      "rev_growth_yoy": 0.125826081266767,
      "rev_growth_yoy_accel": -0.4156368258188641,
      "op_leverage_ratio": 1.088893713523703,
      "fcf_margin_change": -0.05568452857433552
    },
    {
      "date": "2023-05-31T00:00:00",
      "quarter_label": "2023-05 (Q2)",
      "revenue": 22269000,
      "gross_profit": 11479000,
      "operating_income": 5639000,
      "net_income": 6111000,
      "opex": 5840000,
      "cogs": 10790000,
      "rd": 2253000,
      "sga": 3587000,
      "fcf": 4684000,
      "ocf": 5868000,
      "capex": -1184000,
      "gross_margin": 0.5154699357851722,
      "op_margin": 0.2532219677578697,
      "fcf_margin": 0.21033724010956936,
      "incr_op_margin_yoy": -0.09141414141414142,
      "rev_growth_yoy": 0.09758982699985214,
      "rev_growth_yoy_accel": -0.028236254266914868,
      "op_leverage_ratio": 1.97284726411631,
      "fcf_margin_change": 0.2801965914986197
    },
    {
      "date": "2023-08-30T00:00:00",
      "quarter_label": "2023-08 (Q3)",
      "revenue": 20624000,
      "gross_profit": null,
      "operating_income": null,
      "net_income": null,
      "opex": null,
      "cogs": null,
      "rd": null,
      "sga": null,
      "fcf": null,
      "ocf": null,
      "capex": null,
      "gross_margin": null,
      "op_margin": null,
      "fcf_margin": null,
      "rev_growth_yoy": 0.9327148345984444,
      "rev_growth_yoy_accel": 0.8351250075985923
    },
    {
      "date": "2023-08-31T00:00:00",
      "quarter_label": "2023-08 (Q3)",
      "revenue": 20624000,
      "gross_profit": 9981000,
      "operating_income": 4115000,
      "net_income": 4674000,
      "opex": 5866000,
      "cogs": 10643000,
      "rd": 2457000,
      "sga": 3409000,
      "fcf": 3617000,
      "ocf": 3901000,
      "capex": -284000,
      "gross_margin": 0.48395073700543056,
      "op_margin": 0.19952482544608224,
      "fcf_margin": 0.17537820015515904,
      "incr_op_margin_yoy": 0.3674269064603637,
      "rev_growth_yoy": 0.9327148345984444,
      "rev_growth_yoy_accel": 0.0
    },
    {
      "date": "2023-11-30T00:00:00",
      "quarter_label": "2023-11 (Q4)",
      "revenue": 21431000,
      "gross_profit": 10958000,
      "operating_income": 5468000,
      "net_income": 6089000,
      "opex": 5490000,
      "cogs": 10473000,
      "rd": 1972000,
      "sga": 3518000,
      "fcf": -701000,
      "ocf": -545000,
      "capex": -156000,
      "gross_margin": 0.511315384256451,
      "op_margin": 0.2551444169660772,
      "fcf_margin": -0.0327096262423592,
      "incr_op_margin_yoy": 0.2997279322853688,
      "rev_growth_yoy": 0.44657441781977725,
      "rev_growth_yoy_accel": -0.48614041677866715,
      "op_leverage_ratio": Infinity,
      "fcf_margin_change": -0.20808782639751824
    },
    {
      "date": "2024-02-29T00:00:00",
      "quarter_label": "2024-02 (Q1)",
      "revenue": 7563000,
      "gross_profit": 3156000,
      "operating_income": -2046000,
      "net_income": -1471000,
      "opex": 5202000,
      "cogs": 4407000,
      "rd": 2139000,
      "sga": 3063000,
      "fcf": -3087000,
      "ocf": -2824000,
      "capex": -263000,
      "gross_margin": 0.4172947243157477,
      "op_margin": -0.27052756842522807,
      "fcf_margin": -0.4081713605712019,
      "incr_op_margin_yoy": 0.6055169553043659,
      "rev_growth_yoy": -0.5604440311519238,
      "rev_growth_yoy_accel": -1.0070184489717011,
      "fcf_margin_change": -0.3754617343288427
    },
    {
      "date": "2024-05-31T00:00:00",
      "quarter_label": "2024-05 (Q2)",
      "revenue": 16600000,
      "gross_profit": 8448000,
      "operating_income": 2541000,
      "net_income": 23864000,
      "opex": 5907000,
      "cogs": 8152000,
      "rd": 2151000,
      "sga": 3756000,
      "fcf": 1178000,
      "ocf": 1224000,
      "capex": -46000,
      "gross_margin": 0.5089156626506024,
      "op_margin": 0.15307228915662652,
      "fcf_margin": 0.07096385542168675,
      "incr_op_margin_yoy": 0.5464808608220144,
      "rev_growth_yoy": -0.254569131977188,
      "rev_growth_yoy_accel": 0.30587489917473576,
      "op_leverage_ratio": 8.816808595035742,
      "fcf_margin_change": 0.47913521599288866
    },
    {
      "date": "2024-08-30T00:00:00",
      "quarter_label": "2024-08 (Q3)",
      "revenue": 13119000,
      "gross_profit": 7078000,
      "operating_income": 159000,
      "net_income": 660000,
      "opex": 6919000,
      "cogs": 6041000,
      "rd": 2361000,
      "sga": 4558000,
      "fcf": 2183000,
      "ocf": 2380000,
      "capex": -197000,
      "gross_margin": 0.5395228294839546,
      "op_margin": 0.012119826206265722,
      "fcf_margin": 0.16639987803948472,
      "incr_op_margin_yoy": 0.5271152564956696,
      "rev_growth_yoy": -0.3638964313421257,
      "rev_growth_yoy_accel": -0.10932729936493768,
      "fcf_margin_change": 0.09543602261779797
    },
    {
      "date": "2024-11-29T00:00:00",
      "quarter_label": "2024-11 (Q4)",
      "revenue": 13453000,
      "gross_profit": 5400000,
      "operating_income": -1513000,
      "net_income": -1028000,
      "opex": 6913000,
      "cogs": 8053000,
      "rd": 2276000,
      "sga": 4637000,
      "fcf": -6194000,
      "ocf": -5873000,
      "capex": -321000,
      "gross_margin": 0.4013974578161005,
      "op_margin": -0.11246562105106668,
      "fcf_margin": -0.46041775068757895,
      "incr_op_margin_yoy": 0.8750313361744798,
      "rev_growth_yoy": -0.3722644766926415,
      "rev_growth_yoy_accel": -0.00836804535051583,
      "op_leverage_ratio": Infinity,
      "fcf_margin_change": -0.6268176287270637
    },
    {
      "date": "2025-02-28T00:00:00",
      "quarter_label": "2025-02 (Q1)",
      "revenue": 18307000,
      "gross_profit": 7183000,
      "operating_income": -1119000,
      "net_income": -643000,
      "opex": 8302000,
      "cogs": 11124000,
      "rd": 3140000,
      "sga": 5162000,
      "fcf": -3261000,
      "ocf": -1605000,
      "capex": -1656000,
      "gross_margin": 0.3923635767739116,
      "op_margin": -0.06112416015731687,
      "fcf_margin": -0.1781285846943792,
      "incr_op_margin_yoy": 0.0862807148175726,
      "rev_growth_yoy": 1.4206002908898585,
      "rev_growth_yoy_accel": 1.7928647675825,
      "op_leverage_ratio": 1.7957461373802945,
      "fcf_margin_change": 0.28228916599319975
    },
    {
      "date": "2025-05-30T00:00:00",
      "quarter_label": "2025-05 (Q2)",
      "revenue": 14089000,
      "gross_profit": 4272000,
      "operating_income": -3204000,
      "net_income": -2899000,
      "opex": 7476000,
      "cogs": 9817000,
      "rd": 2686000,
      "sga": 3926000,
      "fcf": -5120000,
      "ocf": -2302000,
      "capex": -2818000,
      "gross_margin": 0.3032152743274895,
      "op_margin": -0.22741145574561714,
      "fcf_margin": -0.36340407410036196,
      "incr_op_margin_yoy": 2.2879330943847074,
      "rev_growth_yoy": -0.15126506024096387,
      "rev_growth_yoy_accel": -1.5718653511308225,
      "fcf_margin_change": -0.18527548940598276
    },
    {
      "date": "2025-08-29T00:00:00",
      "quarter_label": "2025-08 (Q3)",
      "revenue": 10969000,
      "gross_profit": 3719000,
      "operating_income": -4066000,
      "net_income": -2084000,
      "opex": 7785000,
      "cogs": 7250000,
      "rd": 2849000,
      "sga": 4717000,
      "fcf": -1673000,
      "ocf": -282000,
      "capex": -1391000,
      "gross_margin": 0.3390464035007749,
      "op_margin": -0.3706810101194275,
      "fcf_margin": -0.1525207402680281,
      "incr_op_margin_yoy": 1.9651162790697674,
      "rev_growth_yoy": -0.1638844424117692,
      "rev_growth_yoy_accel": -0.012619382170805327,
      "fcf_margin_change": 0.21088333383233387
    },
    {
      "date": "2025-11-28T00:00:00",
      "quarter_label": "2025-11 (Q4)",
      "revenue": 9884000,
      "gross_profit": 2545000,
      "operating_income": -4648000,
      "net_income": -3230000,
      "opex": 7193000,
      "cogs": 7339000,
      "rd": 2972000,
      "sga": 4434000,
      "fcf": -1638000,
      "ocf": -1171000,
      "capex": -467000,
      "gross_margin": 0.2574868474301902,
      "op_margin": -0.4702549575070821,
      "fcf_margin": -0.16572237960339944,
      "incr_op_margin_yoy": 0.8783973101709163,
      "rev_growth_yoy": -0.265293986471419,
      "rev_growth_yoy_accel": -0.1014095440596498,
      "fcf_margin_change": -0.013201639335371357
    }
  ],
  "signals": [
    {
      "quarter": "2025-11 (Q4)",
      "signal": "YoY REVENUE GROWTH DECELERATION",
      "detail": "YoY growth: -26.5% vs prior quarter YoY: -16.4% (decel: -10.1%)",
      "severity": "WARNING"
    },
    {
      "quarter": "2025-08 (Q3)",
      "signal": "FCF MARGIN EXPANSION",
      "detail": "FCF margin: -36.3% -> -15.3% (+21.1%)",
      "severity": "MEDIUM"
    },
    {
      "quarter": "2025-08 (Q3)",
      "signal": "GROSS MARGIN INFLECTION",
      "detail": "GM: +39.2% -> +30.3% -> +33.9% (reversal +3.6%)",
      "severity": "MEDIUM"
    },
    {
      "quarter": "2025-05 (Q2)",
      "signal": "YoY REVENUE GROWTH DECELERATION",
      "detail": "YoY growth: -15.1% vs prior quarter YoY: +142.1% (decel: -157.2%)",
      "severity": "WARNING"
    },
    {
      "quarter": "2025-02 (Q1)",
      "signal": "FCF MARGIN EXPANSION",
      "detail": "FCF margin: -46.0% -> -17.8% (+28.2%)",
      "severity": "MEDIUM"
    },
    {
      "quarter": "2025-02 (Q1)",
      "signal": "OPERATING LEVERAGE",
      "detail": "Rev growth +36.1% vs OpEx growth +20.1% (leverage: 1.8x)",
      "severity": "MEDIUM"
    },
    {
      "quarter": "2025-02 (Q1)",
      "signal": "YoY REVENUE GROWTH ACCELERATION",
      "detail": "YoY growth: +142.1% vs prior quarter YoY: -37.2% (accel: +179.3%)",
      "severity": "HIGH"
    },
    {
      "quarter": "2024-08 (Q3)",
      "signal": "FCF MARGIN EXPANSION",
      "detail": "FCF margin: +7.1% -> +16.6% (+9.5%)",
      "severity": "MEDIUM"
    },
    {
      "quarter": "2024-08 (Q3)",
      "signal": "YoY REVENUE GROWTH DECELERATION",
      "detail": "YoY growth: -36.4% vs prior quarter YoY: -25.5% (decel: -10.9%)",
      "severity": "WARNING"
    },
    {
      "quarter": "2024-08 (Q3)",
      "signal": "INCREMENTAL MARGIN (YoY)",
      "detail": "YoY Incr OPM: +52.7% vs year-ago OPM: +20.0%",
      "severity": "HIGH"
    },
    {
      "quarter": "2024-05 (Q2)",
      "signal": "FCF TURNED POSITIVE",
      "detail": "FCF margin: -40.8% -> +7.1%",
      "severity": "HIGH"
    },
    {
      "quarter": "2024-05 (Q2)",
      "signal": "OPERATING LEVERAGE",
      "detail": "Rev growth +119.5% vs OpEx growth +13.6% (leverage: 8.8x)",
      "severity": "MEDIUM"
    },
    {
      "quarter": "2024-05 (Q2)",
      "signal": "GROSS MARGIN INFLECTION",
      "detail": "GM: +51.1% -> +41.7% -> +50.9% (reversal +9.2%)",
      "severity": "HIGH"
    },
    {
      "quarter": "2024-05 (Q2)",
      "signal": "YoY REVENUE GROWTH ACCELERATION",
      "detail": "YoY growth: -25.5% vs prior quarter YoY: -56.0% (accel: +30.6%)",
      "severity": "HIGH"
    },
    {
      "quarter": "2024-05 (Q2)",
      "signal": "INCREMENTAL MARGIN (YoY)",
      "detail": "YoY Incr OPM: +54.6% vs year-ago OPM: +25.3%",
      "severity": "HIGH"
    },
    {
      "quarter": "2024-05 (Q2)",
      "signal": "OP MARGIN TURNED POSITIVE (QoQ)",
      "detail": "Op margin: -27.1% -> +15.3%",
      "severity": "HIGH"
    },
    {
      "quarter": "2024-02 (Q1)",
      "signal": "YoY REVENUE GROWTH DECELERATION",
      "detail": "YoY growth: -56.0% vs prior quarter YoY: +44.7% (decel: -100.7%)",
      "severity": "WARNING"
    },
    {
      "quarter": "2023-11 (Q4)",
      "signal": "YoY REVENUE GROWTH DECELERATION",
      "detail": "YoY growth: +44.7% vs prior quarter YoY: +93.3% (decel: -48.6%)",
      "severity": "WARNING"
    },
    {
      "quarter": "2023-08 (Q3)",
      "signal": "INCREMENTAL MARGIN (YoY)",
      "detail": "YoY Incr OPM: +36.7% vs year-ago OPM: +4.3%",
      "severity": "HIGH"
    },
    {
      "quarter": "2023-08 (Q3)",
      "signal": "YoY REVENUE GROWTH ACCELERATION",
      "detail": "YoY growth: +93.3% vs prior quarter YoY: +9.8% (accel: +83.5%)",
      "severity": "HIGH"
    },
    {
      "quarter": "2023-05 (Q2)",
      "signal": "FCF TURNED POSITIVE",
      "detail": "FCF margin: -7.0% -> +21.0%",
      "severity": "HIGH"
    },
    {
      "quarter": "2023-05 (Q2)",
      "signal": "OPERATING LEVERAGE",
      "detail": "Rev growth +29.4% vs OpEx growth +14.9% (leverage: 2.0x)",
      "severity": "MEDIUM"
    },
    {
      "quarter": "2023-02 (Q1)",
      "signal": "YoY REVENUE GROWTH DECELERATION",
      "detail": "YoY growth: +12.6% vs prior quarter YoY: +54.1% (decel: -41.6%)",
      "severity": "WARNING"
    },
    {
      "quarter": "2023-02 (Q1)",
      "signal": "INCREMENTAL MARGIN (YoY)",
      "detail": "YoY Incr OPM: +79.9% vs year-ago OPM: +14.8%",
      "severity": "HIGH"
    },
    {
      "quarter": "2022-11 (Q4)",
      "signal": "OPERATING LEVERAGE",
      "detail": "Rev growth +38.8% vs OpEx growth +10.0% (leverage: 3.9x)",
      "severity": "MEDIUM"
    },
    {
      "quarter": "2022-11 (Q4)",
      "signal": "GROSS MARGIN INFLECTION",
      "detail": "GM: +51.6% -> +42.0% -> +53.4% (reversal +11.4%)",
      "severity": "HIGH"
    },
    {
      "quarter": "2022-11 (Q4)",
      "signal": "YoY REVENUE GROWTH DECELERATION",
      "detail": "YoY growth: +54.1% vs prior quarter YoY: +89.0% (decel: -34.9%)",
      "severity": "WARNING"
    },
    {
      "quarter": "2022-11 (Q4)",
      "signal": "INCREMENTAL MARGIN (YoY)",
      "detail": "YoY Incr OPM: +53.2% vs year-ago OPM: +7.5%",
      "severity": "HIGH"
    },
    {
      "quarter": "2022-08 (Q3)",
      "signal": "FCF TURNED POSITIVE",
      "detail": "FCF margin: -4.8% -> +50.4%",
      "severity": "HIGH"
    },
    {
      "quarter": "2022-08 (Q3)",
      "signal": "YoY REVENUE GROWTH DECELERATION",
      "detail": "YoY growth: +89.0% vs prior quarter YoY: +165.6% (decel: -76.6%)",
      "severity": "WARNING"
    },
    {
      "quarter": "2022-08 (Q3)",
      "signal": "OP MARGIN TURNED POSITIVE (YoY)",
      "detail": "Op margin: -17.6% (year-ago) -> +4.3%",
      "severity": "HIGH"
    },
    {
      "quarter": "2022-05 (Q2)",
      "signal": "FCF MARGIN EXPANSION",
      "detail": "FCF margin: -19.8% -> -4.8% (+15.0%)",
      "severity": "MEDIUM"
    },
    {
      "quarter": "2022-05 (Q2)",
      "signal": "OPERATING LEVERAGE",
      "detail": "Rev growth +32.8% vs OpEx growth +12.2% (leverage: 2.7x)",
      "severity": "MEDIUM"
    },
    {
      "quarter": "2022-05 (Q2)",
      "signal": "GROSS MARGIN INFLECTION",
      "detail": "GM: +47.0% -> +41.9% -> +51.6% (reversal +9.7%)",
      "severity": "HIGH"
    },
    {
      "quarter": "2022-05 (Q2)",
      "signal": "INCREMENTAL MARGIN (YoY)",
      "detail": "YoY Incr OPM: +41.3% vs year-ago OPM: +7.9%",
      "severity": "HIGH"
    },
    {
      "quarter": "2022-02 (Q1)",
      "signal": "OPERATING LEVERAGE",
      "detail": "Rev growth +59.0% vs OpEx growth +8.9% (leverage: 6.6x)",
      "severity": "MEDIUM"
    },
    {
      "quarter": "2021-11 (Q4)",
      "signal": "OPERATING LEVERAGE",
      "detail": "Rev growth +70.2% vs OpEx growth +16.1% (leverage: 4.4x)",
      "severity": "MEDIUM"
    },
    {
      "quarter": "2021-11 (Q4)",
      "signal": "GROSS MARGIN INFLECTION",
      "detail": "GM: +46.3% -> +40.4% -> +47.0% (reversal +6.6%)",
      "severity": "HIGH"
    },
    {
      "quarter": "2021-11 (Q4)",
      "signal": "OP MARGIN TURNED POSITIVE (QoQ)",
      "detail": "Op margin: -17.6% -> +7.5%",
      "severity": "HIGH"
    },
    {
      "quarter": "2021-08 (Q3)",
      "signal": "FCF TURNED POSITIVE",
      "detail": "FCF margin: -2.8% -> +32.1%",
      "severity": "HIGH"
    }
  ],
  "data_quality": {
    "n_quarters": 20,
    "coverage": {
      "revenue": [
        20,
        20
      ],
      "gross_profit": [
        19,
        20
      ],
      "op_income": [
        19,
        20
      ],
      "fcf": [
        19,
        20
      ]
    },
    "gaps": [],
    "warnings": []
  },
  "market_cap": null,
  "source": "SEC EDGAR",
  "last_updated": "2026-02-02T22:07:09.584373"
}