{
  "ticker": "AEIS",
  "name": "ADVANCED ENERGY INDUSTRIES INC",
  "sector": "Industrials",
  "industry": "Electrical Equipment & Parts",
  "quarters": [
    {
      "date": "2021-03-31T00:00:00",
      "quarter_label": "2021-03 (Q1)",
      "revenue": 351620000,
      "gross_profit": 137503000,
      "operating_income": 44182000,
      "net_income": 38668000,
      "opex": 93321000,
      "cogs": 214117000,
      "rd": 40168000,
      "sga": 46731000,
      "fcf": 45262000,
      "ocf": 54079000,
      "capex": -8817000,
      "gross_margin": 0.39105568511461236,
      "op_margin": 0.12565269324839315,
      "fcf_margin": 0.12872419088789033
    },
    {
      "date": "2021-06-30T00:00:00",
      "quarter_label": "2021-06 (Q2)",
      "revenue": 361311000,
      "gross_profit": 135033000,
      "operating_income": 41080000,
      "net_income": 35409000,
      "opex": 93953000,
      "cogs": 226278000,
      "rd": 40119000,
      "sga": 48110000,
      "fcf": 28224000,
      "ocf": 33610000,
      "capex": -5386000,
      "gross_margin": 0.373730664164667,
      "op_margin": 0.11369706430194486,
      "fcf_margin": 0.07811552928086883,
      "op_leverage_ratio": 4.069652522429637,
      "fcf_margin_change": -0.0506086616070215
    },
    {
      "date": "2021-09-30T00:00:00",
      "quarter_label": "2021-09 (Q3)",
      "revenue": 346093000,
      "gross_profit": 120039000,
      "operating_income": 24209000,
      "net_income": 21004000,
      "opex": 95830000,
      "cogs": 226054000,
      "rd": 40578000,
      "sga": 48373000,
      "fcf": 11217000,
      "ocf": 18198000,
      "capex": -6981000,
      "gross_margin": 0.3468403001505376,
      "op_margin": 0.0699494066623711,
      "fcf_margin": 0.03241036368837278,
      "fcf_margin_change": -0.04570516559249605
    },
    {
      "date": "2021-12-31T00:00:00",
      "quarter_label": "2021-12 (Q4)",
      "revenue": 396930000,
      "gross_profit": 139747000,
      "operating_income": 42210000,
      "net_income": 39655000,
      "opex": 97537000,
      "cogs": 257183000,
      "rd": 40966000,
      "sga": 48784000,
      "fcf": 26725000,
      "ocf": 34358000,
      "capex": -7633000,
      "gross_margin": 0.35206963444436046,
      "op_margin": 0.10634116846799184,
      "fcf_margin": 0.06732925200917038,
      "op_leverage_ratio": 8.246222819131763,
      "fcf_margin_change": 0.0349188883207976
    },
    {
      "date": "2022-03-31T00:00:00",
      "quarter_label": "2022-03 (Q1)",
      "revenue": 397459000,
      "gross_profit": 144316000,
      "operating_income": 44657000,
      "net_income": 36778000,
      "opex": 99659000,
      "cogs": 253143000,
      "rd": 43614000,
      "sga": 49318000,
      "fcf": -3254000,
      "ocf": 9821000,
      "capex": -13075000,
      "gross_margin": 0.3630965709670683,
      "op_margin": 0.11235624303387268,
      "fcf_margin": -0.008187007968117466,
      "incr_op_margin_yoy": 0.010362355199720761,
      "rev_growth_yoy": 0.13036516694158468,
      "fcf_margin_change": -0.07551625997728785
    },
    {
      "date": "2022-06-30T00:00:00",
      "quarter_label": "2022-06 (Q2)",
      "revenue": 440949000,
      "gross_profit": 162158000,
      "operating_income": 52765000,
      "net_income": 44970000,
      "opex": 109393000,
      "cogs": 278791000,
      "rd": 48009000,
      "sga": 55022000,
      "fcf": 25374000,
      "ocf": 37775000,
      "capex": -12401000,
      "gross_margin": 0.3677477440701759,
      "op_margin": 0.11966236458184507,
      "fcf_margin": 0.057544069722348844,
      "incr_op_margin_yoy": 0.1467264371280042,
      "rev_growth_yoy": 0.22041399237775766,
      "rev_growth_yoy_accel": 0.09004882543617299,
      "op_leverage_ratio": 1.120268837252381,
      "fcf_margin_change": 0.06573107769046631
    },
    {
      "date": "2022-09-30T00:00:00",
      "quarter_label": "2022-09 (Q3)",
      "revenue": 516274000,
      "gross_profit": 191218000,
      "operating_income": 77572000,
      "net_income": 74167000,
      "opex": 113646000,
      "cogs": 325056000,
      "rd": 49760000,
      "sga": 56716000,
      "fcf": 51274000,
      "ocf": 65305000,
      "capex": -14031000,
      "gross_margin": 0.3703808442803628,
      "op_margin": 0.15025354753483616,
      "fcf_margin": 0.09931547976462111,
      "incr_op_margin_yoy": 0.31356614428167656,
      "rev_growth_yoy": 0.491720433525093,
      "rev_growth_yoy_accel": 0.2713064411473353,
      "op_leverage_ratio": 4.3938469809448675,
      "fcf_margin_change": 0.04177141004227227
    },
    {
      "date": "2022-12-31T00:00:00",
      "quarter_label": "2022-12 (Q4)",
      "revenue": 490740000,
      "gross_profit": 177814000,
      "operating_income": 58101000,
      "net_income": 43745000,
      "opex": 119713000,
      "cogs": 312926000,
      "rd": 49637000,
      "sga": 57407000,
      "fcf": 51308000,
      "ocf": 70686000,
      "capex": -19378000,
      "gross_margin": 0.36233850919020255,
      "op_margin": 0.1183946692749725,
      "fcf_margin": 0.1045523087582019,
      "incr_op_margin_yoy": 0.16939558682443237,
      "rev_growth_yoy": 0.2363389010656791,
      "rev_growth_yoy_accel": -0.25538153245941386,
      "fcf_margin_change": 0.005236828993580786
    },
    {
      "date": "2023-03-31T00:00:00",
      "quarter_label": "2023-03 (Q1)",
      "revenue": 425040000,
      "gross_profit": 155111000,
      "operating_income": 40038000,
      "net_income": 30921000,
      "opex": 115073000,
      "cogs": 269929000,
      "rd": 51610000,
      "sga": 55358000,
      "fcf": 13601000,
      "ocf": 29811000,
      "capex": -16210000,
      "gross_margin": 0.3649327122153209,
      "op_margin": 0.09419819311123659,
      "fcf_margin": 0.031999341238471674,
      "incr_op_margin_yoy": -0.16747036003045576,
      "rev_growth_yoy": 0.06939332107211059,
      "rev_growth_yoy_accel": -0.16694557999356852,
      "fcf_margin_change": -0.07255296751973023
    },
    {
      "date": "2023-06-30T00:00:00",
      "quarter_label": "2023-06 (Q2)",
      "revenue": 415508000,
      "gross_profit": 147080000,
      "operating_income": 29825000,
      "net_income": 27140000,
      "opex": 117255000,
      "cogs": 268428000,
      "rd": 51413000,
      "sga": 55613000,
      "fcf": 5190000,
      "ocf": 22603000,
      "capex": -17413000,
      "gross_margin": 0.3539763373990393,
      "op_margin": 0.07177960472481877,
      "fcf_margin": 0.012490734233757232,
      "incr_op_margin_yoy": 0.901694115797335,
      "rev_growth_yoy": -0.057696014731862415,
      "rev_growth_yoy_accel": -0.127089335803973,
      "fcf_margin_change": -0.01950860700471444
    },
    {
      "date": "2023-09-30T00:00:00",
      "quarter_label": "2023-09 (Q3)",
      "revenue": 409991000,
      "gross_profit": 147341000,
      "operating_income": 30061000,
      "net_income": 32721000,
      "opex": 117280000,
      "cogs": 262650000,
      "rd": 50391000,
      "sga": 55131000,
      "fcf": 59360000,
      "ocf": 72519000,
      "capex": -13159000,
      "gross_margin": 0.3593761814283728,
      "op_margin": 0.0733211216831589,
      "fcf_margin": 0.1447836659829118,
      "incr_op_margin_yoy": 0.44702351269723284,
      "rev_growth_yoy": -0.20586549003048768,
      "rev_growth_yoy_accel": -0.14816947529862526,
      "fcf_margin_change": 0.13229293174915457
    },
    {
      "date": "2023-12-31T00:00:00",
      "quarter_label": "2023-12 (Q4)",
      "revenue": 405271000,
      "gross_profit": 142866000,
      "operating_income": 13770000,
      "net_income": 37502000,
      "opex": 129096000,
      "cogs": 262405000,
      "rd": 49025000,
      "sga": 54932000,
      "fcf": 69749000,
      "ocf": 83967000,
      "capex": -14218000,
      "gross_margin": 0.352519672021931,
      "op_margin": 0.03397726459578899,
      "fcf_margin": 0.17210459174231563,
      "incr_op_margin_yoy": 0.5186792872269478,
      "rev_growth_yoy": -0.17416350817133308,
      "rev_growth_yoy_accel": 0.0317019818591546,
      "fcf_margin_change": 0.027320925759403814
    },
    {
      "date": "2024-03-31T00:00:00",
      "quarter_label": "2024-03 (Q1)",
      "revenue": 327475000,
      "gross_profit": 112829000,
      "operating_income": 677000,
      "net_income": 5400000,
      "opex": 112152000,
      "cogs": 214646000,
      "rd": 49836000,
      "sga": 55124000,
      "fcf": -9300000,
      "ocf": 7300000,
      "capex": -16600000,
      "gross_margin": 0.3445423314756852,
      "op_margin": 0.002067333384227804,
      "fcf_margin": -0.028399114436216503,
      "incr_op_margin_yoy": 0.403433608363655,
      "rev_growth_yoy": -0.22954310182571053,
      "rev_growth_yoy_accel": -0.055379593654377446,
      "fcf_margin_change": -0.20050370617853214
    },
    {
      "date": "2024-06-30T00:00:00",
      "quarter_label": "2024-06 (Q2)",
      "revenue": 364947000,
      "gross_profit": 127741000,
      "operating_income": 12968000,
      "net_income": 15029000,
      "opex": 114773000,
      "cogs": 237206000,
      "rd": 52335000,
      "sga": 55013000,
      "fcf": -8100000,
      "ocf": 6700000,
      "capex": -14800000,
      "gross_margin": 0.35002616818332527,
      "op_margin": 0.03553392684417189,
      "fcf_margin": -0.022195003658065416,
      "incr_op_margin_yoy": 0.3333992602994403,
      "rev_growth_yoy": -0.12168478103911357,
      "rev_growth_yoy_accel": 0.10785832078659696,
      "op_leverage_ratio": 4.896307946769588,
      "fcf_margin_change": 0.0062041107781510875
    },
    {
      "date": "2024-09-30T00:00:00",
      "quarter_label": "2024-09 (Q3)",
      "revenue": 374217000,
      "gross_profit": 134068000,
      "operating_income": -11048000,
      "net_income": -14905000,
      "opex": 145116000,
      "cogs": 240149000,
      "rd": 53561000,
      "sga": 56237000,
      "fcf": 21600000,
      "ocf": 34200000,
      "capex": -12600000,
      "gross_margin": 0.3582627192244072,
      "op_margin": -0.02952297730995652,
      "fcf_margin": 0.057720520446692694,
      "incr_op_margin_yoy": 1.149130653547269,
      "rev_growth_yoy": -0.08725557390284178,
      "rev_growth_yoy_accel": 0.03442920713627179,
      "op_leverage_ratio": 0.09607959256546654,
      "fcf_margin_change": 0.0799155241047581
    },
    {
      "date": "2024-12-31T00:00:00",
      "quarter_label": "2024-12 (Q4)",
      "revenue": 415403000,
      "gross_profit": 154705000,
      "operating_income": 34010000,
      "net_income": 48874000,
      "opex": 120695000,
      "cogs": 260698000,
      "rd": 56102000,
      "sga": 58164000,
      "fcf": 69800000,
      "ocf": 82600000,
      "capex": -12800000,
      "gross_margin": 0.37242147986413193,
      "op_margin": 0.08187230231847147,
      "fcf_margin": 0.1680296001713998,
      "incr_op_margin_yoy": 1.9976312672720096,
      "rev_growth_yoy": 0.025000555184062023,
      "rev_growth_yoy_accel": 0.1122561290869038,
      "op_leverage_ratio": null,
      "fcf_margin_change": 0.11030907972470712
    },
    {
      "date": "2025-03-31T00:00:00",
      "quarter_label": "2025-03 (Q1)",
      "revenue": 404600000,
      "gross_profit": 150500000,
      "operating_income": 30600000,
      "net_income": 24700000,
      "opex": 119900000,
      "cogs": 254100000,
      "rd": 54200000,
      "sga": 59000000,
      "fcf": 15000000,
      "ocf": 28900000,
      "capex": -13900000,
      "gross_margin": 0.3719723183391003,
      "op_margin": 0.07563025210084033,
      "fcf_margin": 0.03707365299060801,
      "incr_op_margin_yoy": 0.3879805510534846,
      "rev_growth_yoy": 0.23551416138636538,
      "rev_growth_yoy_accel": 0.21051360620230336,
      "fcf_margin_change": -0.1309559471807918
    },
    {
      "date": "2025-06-30T00:00:00",
      "quarter_label": "2025-06 (Q2)",
      "revenue": 441500000,
      "gross_profit": 163400000,
      "operating_income": 31600000,
      "net_income": 25200000,
      "opex": 131800000,
      "cogs": 278100000,
      "rd": 59000000,
      "sga": 60200000,
      "fcf": 17100000,
      "ocf": 45200000,
      "capex": -28100000,
      "gross_margin": 0.3701019252548131,
      "op_margin": 0.07157417893544733,
      "fcf_margin": 0.03873159682899207,
      "incr_op_margin_yoy": 0.24338693454208196,
      "rev_growth_yoy": 0.20976470555998541,
      "rev_growth_yoy_accel": -0.02574945582637997,
      "op_leverage_ratio": 0.9189094322850248,
      "fcf_margin_change": 0.0016579438383840586
    },
    {
      "date": "2025-09-30T00:00:00",
      "quarter_label": "2025-09 (Q3)",
      "revenue": 463300000,
      "gross_profit": 174400000,
      "operating_income": 49200000,
      "net_income": null,
      "opex": 125200000,
      "cogs": 288900000,
      "rd": 59100000,
      "sga": 59800000,
      "fcf": 50800000,
      "ocf": 78700000,
      "capex": -27900000,
      "gross_margin": 0.3764299589898554,
      "op_margin": 0.10619469026548672,
      "fcf_margin": 0.10964817612777898,
      "incr_op_margin_yoy": 0.6763131012651123,
      "rev_growth_yoy": 0.23805171865521876,
      "rev_growth_yoy_accel": 0.02828701309523335,
      "op_leverage_ratio": null,
      "fcf_margin_change": 0.07091657929878692
    },
    {
      "date": "2025-12-31T00:00:00",
      "quarter_label": "2025-12 (Q4)",
      "revenue": 489400000,
      "gross_profit": 189100000,
      "operating_income": 56600000,
      "net_income": null,
      "opex": 132500000,
      "cogs": 300300000,
      "rd": 60100000,
      "sga": 63400000,
      "fcf": 43000000,
      "ocf": 80500000,
      "capex": -37500000,
      "gross_margin": 0.38639149979566817,
      "op_margin": 0.11565181855333061,
      "fcf_margin": 0.08786268900694728,
      "incr_op_margin_yoy": 0.30528264659378085,
      "rev_growth_yoy": 0.1781330418894423,
      "rev_growth_yoy_accel": -0.059918676765776474,
      "op_leverage_ratio": 0.9661836320145235,
      "fcf_margin_change": -0.021785487120831698
    }
  ],
  "signals": [
    {
      "quarter": "2025-12 (Q4)",
      "signal": "YoY REVENUE GROWTH DECELERATION",
      "detail": "YoY growth: +17.8% vs prior quarter YoY: +23.8% (decel: -6.0%)",
      "severity": "WARNING"
    },
    {
      "quarter": "2025-12 (Q4)",
      "signal": "INCREMENTAL MARGIN (YoY)",
      "detail": "YoY Incr OPM: +30.5% vs year-ago OPM: +8.2%",
      "severity": "HIGH"
    },
    {
      "quarter": "2025-09 (Q3)",
      "signal": "FCF MARGIN EXPANSION",
      "detail": "FCF margin: +3.9% -> +11.0% (+7.1%)",
      "severity": "MEDIUM"
    },
    {
      "quarter": "2025-09 (Q3)",
      "signal": "OP MARGIN TURNED POSITIVE (YoY)",
      "detail": "Op margin: -3.0% (year-ago) -> +10.6%",
      "severity": "HIGH"
    },
    {
      "quarter": "2025-06 (Q2)",
      "signal": "INCREMENTAL MARGIN (YoY)",
      "detail": "YoY Incr OPM: +24.3% vs year-ago OPM: +3.6%",
      "severity": "HIGH"
    },
    {
      "quarter": "2025-03 (Q1)",
      "signal": "YoY REVENUE GROWTH ACCELERATION",
      "detail": "YoY growth: +23.6% vs prior quarter YoY: +2.5% (accel: +21.1%)",
      "severity": "HIGH"
    },
    {
      "quarter": "2025-03 (Q1)",
      "signal": "INCREMENTAL MARGIN (YoY)",
      "detail": "YoY Incr OPM: +38.8% vs year-ago OPM: +0.2%",
      "severity": "HIGH"
    },
    {
      "quarter": "2024-12 (Q4)",
      "signal": "FCF MARGIN EXPANSION",
      "detail": "FCF margin: +5.8% -> +16.8% (+11.0%)",
      "severity": "MEDIUM"
    },
    {
      "quarter": "2024-12 (Q4)",
      "signal": "YoY REVENUE GROWTH ACCELERATION",
      "detail": "YoY growth: +2.5% vs prior quarter YoY: -8.7% (accel: +11.2%)",
      "severity": "MEDIUM"
    },
    {
      "quarter": "2024-12 (Q4)",
      "signal": "INCREMENTAL MARGIN (YoY)",
      "detail": "YoY Incr OPM: +199.8% vs year-ago OPM: +3.4%",
      "severity": "HIGH"
    },
    {
      "quarter": "2024-12 (Q4)",
      "signal": "OP MARGIN TURNED POSITIVE (QoQ)",
      "detail": "Op margin: -3.0% -> +8.2%",
      "severity": "HIGH"
    },
    {
      "quarter": "2024-09 (Q3)",
      "signal": "FCF TURNED POSITIVE",
      "detail": "FCF margin: -2.2% -> +5.8%",
      "severity": "HIGH"
    },
    {
      "quarter": "2024-06 (Q2)",
      "signal": "OPERATING LEVERAGE",
      "detail": "Rev growth +11.4% vs OpEx growth +2.3% (leverage: 4.9x)",
      "severity": "MEDIUM"
    },
    {
      "quarter": "2024-06 (Q2)",
      "signal": "YoY REVENUE GROWTH ACCELERATION",
      "detail": "YoY growth: -12.2% vs prior quarter YoY: -23.0% (accel: +10.8%)",
      "severity": "MEDIUM"
    },
    {
      "quarter": "2024-06 (Q2)",
      "signal": "INCREMENTAL MARGIN (YoY)",
      "detail": "YoY Incr OPM: +33.3% vs year-ago OPM: +7.2%",
      "severity": "HIGH"
    },
    {
      "quarter": "2024-03 (Q1)",
      "signal": "YoY REVENUE GROWTH DECELERATION",
      "detail": "YoY growth: -23.0% vs prior quarter YoY: -17.4% (decel: -5.5%)",
      "severity": "WARNING"
    },
    {
      "quarter": "2024-03 (Q1)",
      "signal": "INCREMENTAL MARGIN (YoY)",
      "detail": "YoY Incr OPM: +40.3% vs year-ago OPM: +9.4%",
      "severity": "HIGH"
    },
    {
      "quarter": "2023-12 (Q4)",
      "signal": "INCREMENTAL MARGIN (YoY)",
      "detail": "YoY Incr OPM: +51.9% vs year-ago OPM: +11.8%",
      "severity": "HIGH"
    },
    {
      "quarter": "2023-09 (Q3)",
      "signal": "FCF MARGIN EXPANSION",
      "detail": "FCF margin: +1.2% -> +14.5% (+13.2%)",
      "severity": "MEDIUM"
    },
    {
      "quarter": "2023-09 (Q3)",
      "signal": "YoY REVENUE GROWTH DECELERATION",
      "detail": "YoY growth: -20.6% vs prior quarter YoY: -5.8% (decel: -14.8%)",
      "severity": "WARNING"
    },
    {
      "quarter": "2023-09 (Q3)",
      "signal": "INCREMENTAL MARGIN (YoY)",
      "detail": "YoY Incr OPM: +44.7% vs year-ago OPM: +15.0%",
      "severity": "HIGH"
    },
    {
      "quarter": "2023-06 (Q2)",
      "signal": "YoY REVENUE GROWTH DECELERATION",
      "detail": "YoY growth: -5.8% vs prior quarter YoY: +6.9% (decel: -12.7%)",
      "severity": "WARNING"
    },
    {
      "quarter": "2023-06 (Q2)",
      "signal": "INCREMENTAL MARGIN (YoY)",
      "detail": "YoY Incr OPM: +90.2% vs year-ago OPM: +12.0%",
      "severity": "HIGH"
    },
    {
      "quarter": "2023-03 (Q1)",
      "signal": "YoY REVENUE GROWTH DECELERATION",
      "detail": "YoY growth: +6.9% vs prior quarter YoY: +23.6% (decel: -16.7%)",
      "severity": "WARNING"
    },
    {
      "quarter": "2022-12 (Q4)",
      "signal": "YoY REVENUE GROWTH DECELERATION",
      "detail": "YoY growth: +23.6% vs prior quarter YoY: +49.2% (decel: -25.5%)",
      "severity": "WARNING"
    },
    {
      "quarter": "2022-09 (Q3)",
      "signal": "OPERATING LEVERAGE",
      "detail": "Rev growth +17.1% vs OpEx growth +3.9% (leverage: 4.4x)",
      "severity": "MEDIUM"
    },
    {
      "quarter": "2022-09 (Q3)",
      "signal": "YoY REVENUE GROWTH ACCELERATION",
      "detail": "YoY growth: +49.2% vs prior quarter YoY: +22.0% (accel: +27.1%)",
      "severity": "HIGH"
    },
    {
      "quarter": "2022-09 (Q3)",
      "signal": "INCREMENTAL MARGIN (YoY)",
      "detail": "YoY Incr OPM: +31.4% vs year-ago OPM: +7.0%",
      "severity": "HIGH"
    },
    {
      "quarter": "2022-06 (Q2)",
      "signal": "FCF TURNED POSITIVE",
      "detail": "FCF margin: -0.8% -> +5.8%",
      "severity": "HIGH"
    },
    {
      "quarter": "2022-06 (Q2)",
      "signal": "YoY REVENUE GROWTH ACCELERATION",
      "detail": "YoY growth: +22.0% vs prior quarter YoY: +13.0% (accel: +9.0%)",
      "severity": "MEDIUM"
    },
    {
      "quarter": "2021-12 (Q4)",
      "signal": "OPERATING LEVERAGE",
      "detail": "Rev growth +14.7% vs OpEx growth +1.8% (leverage: 8.2x)",
      "severity": "MEDIUM"
    },
    {
      "quarter": "2021-06 (Q2)",
      "signal": "OPERATING LEVERAGE",
      "detail": "Rev growth +2.8% vs OpEx growth +0.7% (leverage: 4.1x)",
      "severity": "MEDIUM"
    }
  ],
  "data_quality": {
    "n_quarters": 20,
    "coverage": {
      "revenue": [
        20,
        20
      ],
      "gross_profit": [
        20,
        20
      ],
      "op_income": [
        20,
        20
      ],
      "fcf": [
        20,
        20
      ]
    },
    "gaps": [],
    "warnings": []
  },
  "market_cap": null,
  "source": "SEC EDGAR",
  "last_updated": "2026-02-24T10:45:14.352253"
}