{
  "ticker": "AENT",
  "name": "ALLIANCE ENTERTAINMENT HOLDING CORPORATION",
  "quarters": [
    {
      "date": "2022-03-31T00:00:00",
      "quarter_label": "2022-03 (Q1)",
      "revenue": 320412000,
      "gross_profit": 40138000,
      "operating_income": -574568,
      "net_income": 1122187,
      "opex": 34248000,
      "cogs": 280274000,
      "rd": null,
      "sga": 14754000,
      "fcf": -491475,
      "ocf": -491475,
      "capex": null,
      "gross_margin": 0.1252699649201653,
      "op_margin": -0.001793216234098598,
      "fcf_margin": -0.0015338844987079136
    },
    {
      "date": "2022-06-30T00:00:00",
      "quarter_label": "2022-06 (Q2)",
      "revenue": 265179000,
      "gross_profit": 28488000,
      "operating_income": -677791,
      "net_income": 858549,
      "opex": 32867000,
      "cogs": 236691000,
      "rd": null,
      "sga": 13746000,
      "fcf": -553328,
      "ocf": -553328,
      "capex": null,
      "gross_margin": 0.10742932132634937,
      "op_margin": -0.002555975397750199,
      "fcf_margin": -0.0020866207354277677,
      "fcf_margin_change": -0.0005527362367198541
    },
    {
      "date": "2022-09-30T00:00:00",
      "quarter_label": "2022-09 (Q3)",
      "revenue": 238701000,
      "gross_profit": 25468000,
      "operating_income": -634642,
      "net_income": -290494,
      "opex": 33261000,
      "cogs": 213233000,
      "rd": null,
      "sga": 14731000,
      "fcf": -48176000,
      "ocf": -48176000,
      "capex": null,
      "gross_margin": 0.10669414874675849,
      "op_margin": -0.0026587320539084463,
      "fcf_margin": -0.20182571501585667,
      "fcf_margin_change": -0.1997390942804289
    },
    {
      "date": "2022-12-31T00:00:00",
      "quarter_label": "2022-12 (Q4)",
      "revenue": 445162000,
      "gross_profit": 20897000,
      "operating_income": -17849000,
      "net_income": -15515000,
      "opex": 38746000,
      "cogs": 424265000,
      "rd": null,
      "sga": 15044000,
      "fcf": 7516000,
      "ocf": 7516000,
      "capex": null,
      "gross_margin": 0.04694246139607604,
      "op_margin": -0.04009551578975744,
      "fcf_margin": 0.01688374119983287,
      "op_leverage_ratio": 5.244963357334747,
      "fcf_margin_change": 0.21870945621568955
    },
    {
      "date": "2023-03-31T00:00:00",
      "quarter_label": "2023-03 (Q1)",
      "revenue": 227728000,
      "gross_profit": 27326000,
      "operating_income": -7407000,
      "net_income": -7750000,
      "opex": 34733000,
      "cogs": 200402000,
      "rd": null,
      "sga": 14783000,
      "fcf": 48974000,
      "ocf": 48974000,
      "capex": null,
      "gross_margin": 0.11999402796318415,
      "op_margin": -0.03252564462867983,
      "fcf_margin": 0.21505480222019252,
      "incr_op_margin_yoy": 0.07371749169220146,
      "rev_growth_yoy": -0.2892650712208032,
      "fcf_margin_change": 0.19817106102035964
    },
    {
      "date": "2023-06-30T00:00:00",
      "quarter_label": "2023-06 (Q2)",
      "revenue": -894790000,
      "gross_profit": -65193000,
      "operating_income": 303000,
      "net_income": -4630000,
      "opex": 29938000,
      "cogs": -829597000,
      "rd": null,
      "sga": 14498000,
      "fcf": -4926000,
      "ocf": -4926000,
      "capex": null,
      "gross_margin": 0.07285843605762246,
      "op_margin": -0.00033862694039942334,
      "fcf_margin": 0.005505202337978744,
      "incr_op_margin_yoy": -0.0008455320788745217,
      "rev_growth_yoy": -4.3742868024994435,
      "rev_growth_yoy_accel": -4.0850217312786405,
      "fcf_margin_change": -0.20954959988221378
    },
    {
      "date": "2023-09-30T00:00:00",
      "quarter_label": "2023-09 (Q3)",
      "revenue": 226755000,
      "gross_profit": 26254000,
      "operating_income": -1587000,
      "net_income": -3462000,
      "opex": 27841000,
      "cogs": 200501000,
      "rd": null,
      "sga": 14439000,
      "fcf": -2739000,
      "ocf": -2739000,
      "capex": null,
      "gross_margin": 0.11578134991510661,
      "op_margin": -0.00699874313686578,
      "fcf_margin": -0.01207911622676457,
      "incr_op_margin_yoy": 0.0797219152854512,
      "rev_growth_yoy": -0.05004587328917767,
      "rev_growth_yoy_accel": 4.324240929210266,
      "fcf_margin_change": -0.017584318564743313
    },
    {
      "date": "2023-12-31T00:00:00",
      "quarter_label": "2023-12 (Q4)",
      "revenue": 425586000,
      "gross_profit": 47703000,
      "operating_income": 16031000,
      "net_income": 8914000,
      "opex": 31672000,
      "cogs": 377883000,
      "rd": null,
      "sga": 15116000,
      "fcf": 28845000,
      "ocf": 28845000,
      "capex": null,
      "gross_margin": 0.11208780364015733,
      "op_margin": 0.037668062389270326,
      "fcf_margin": 0.06777713552607463,
      "incr_op_margin_yoy": -1.7306906416019616,
      "rev_growth_yoy": -0.043975002358691895,
      "rev_growth_yoy_accel": 0.006070870930485778,
      "op_leverage_ratio": 6.372354132502408,
      "fcf_margin_change": 0.0798562517528392
    },
    {
      "date": "2024-03-31T00:00:00",
      "quarter_label": "2024-03 (Q1)",
      "revenue": 211209000,
      "gross_profit": 28013000,
      "operating_income": -800000,
      "net_income": -3377000,
      "opex": 28813000,
      "cogs": 183196000,
      "rd": null,
      "sga": 14072000,
      "fcf": 19954000,
      "ocf": 20009000,
      "capex": -55000,
      "gross_margin": 0.13263165868878693,
      "op_margin": -0.003787717379467731,
      "fcf_margin": 0.09447514073737388,
      "incr_op_margin_yoy": -0.39996367818875234,
      "rev_growth_yoy": -0.0725382912948781,
      "rev_growth_yoy_accel": -0.028563288936186204,
      "fcf_margin_change": 0.026698005211299253
    },
    {
      "date": "2024-06-30T00:00:00",
      "quarter_label": "2024-06 (Q2)",
      "revenue": -855149000,
      "gross_profit": -94569000,
      "operating_income": 497000,
      "net_income": 2506000,
      "opex": 26423000,
      "cogs": -760580000,
      "rd": null,
      "sga": 14025000,
      "fcf": 9661000,
      "ocf": 9658000,
      "capex": 3000,
      "gross_margin": 0.11058774552738762,
      "op_margin": -0.0005811852671288863,
      "fcf_margin": -0.011297446409923884,
      "incr_op_margin_yoy": 0.004893922958553013,
      "fcf_margin_change": -0.10577258714729777
    },
    {
      "date": "2024-09-30T00:00:00",
      "quarter_label": "2024-09 (Q3)",
      "revenue": 0,
      "gross_profit": -203455000,
      "operating_income": 2079000,
      "net_income": 397000,
      "opex": 23456000,
      "cogs": 203455000,
      "rd": null,
      "sga": 13145000,
      "fcf": -11647000,
      "ocf": -11637000,
      "capex": -10000,
      "gross_margin": null,
      "op_margin": null,
      "fcf_margin": null,
      "incr_op_margin_yoy": -0.0161672289475425,
      "rev_growth_yoy": -1.0
    },
    {
      "date": "2024-12-31T00:00:00",
      "quarter_label": "2024-12 (Q4)",
      "revenue": 393672000,
      "gross_profit": 42290000,
      "operating_income": 14797000,
      "net_income": 7071000,
      "opex": 27493000,
      "cogs": 351382000,
      "rd": null,
      "sga": 13800000,
      "fcf": 25255000,
      "ocf": 25255000,
      "capex": null,
      "gross_margin": 0.10742445487614054,
      "op_margin": 0.03758712837082648,
      "fcf_margin": 0.06415239082281697,
      "incr_op_margin_yoy": 0.03866641599298114,
      "rev_growth_yoy": -0.07498836897830286,
      "rev_growth_yoy_accel": 0.9250116310216971
    },
    {
      "date": "2025-03-31T00:00:00",
      "quarter_label": "2025-03 (Q1)",
      "revenue": 213045000,
      "gross_profit": 29061000,
      "operating_income": 3529000,
      "net_income": 1851000,
      "opex": 25532000,
      "cogs": 183984000,
      "rd": null,
      "sga": 14187000,
      "fcf": 2421000,
      "ocf": 2463000,
      "capex": -42000,
      "gross_margin": 0.13640780116876716,
      "op_margin": 0.01656457555915417,
      "fcf_margin": 0.011363796381046258,
      "incr_op_margin_yoy": 2.357843137254902,
      "rev_growth_yoy": 0.008692811385878442,
      "rev_growth_yoy_accel": 0.08368118036418129,
      "fcf_margin_change": -0.05278859444177071
    },
    {
      "date": "2025-06-30T00:00:00",
      "quarter_label": "2025-06 (Q2)",
      "revenue": -833007000,
      "gross_profit": -94186000,
      "operating_income": 9690000,
      "net_income": 5759000,
      "opex": 26276000,
      "cogs": -738821000,
      "rd": null,
      "sga": 14900000,
      "fcf": 10726000,
      "ocf": 10728000,
      "capex": -2000,
      "gross_margin": 0.11306747722408095,
      "op_margin": -0.01163255530865887,
      "fcf_margin": -0.012876242336498972,
      "incr_op_margin_yoy": 0.4151838135669768,
      "fcf_margin_change": -0.02424003871754523
    },
    {
      "date": "2025-09-30T00:00:00",
      "quarter_label": "2025-09 (Q3)",
      "revenue": 870000,
      "gross_profit": -215923000,
      "operating_income": 10547000,
      "net_income": 4880000,
      "opex": 26634000,
      "cogs": 216793000,
      "rd": null,
      "sga": 15078000,
      "fcf": 2375000,
      "ocf": 2720000,
      "capex": -345000,
      "gross_margin": -248.18735632183908,
      "op_margin": 12.122988505747127,
      "fcf_margin": 2.7298850574712645,
      "fcf_margin_change": 2.7427612998077633
    }
  ],
  "signals": [
    {
      "quarter": "2025-09 (Q3)",
      "signal": "FCF TURNED POSITIVE",
      "detail": "FCF margin: -1.3% -> +273.0%",
      "severity": "HIGH"
    },
    {
      "quarter": "2025-09 (Q3)",
      "signal": "OP MARGIN TURNED POSITIVE (QoQ)",
      "detail": "Op margin: -1.2% -> +1212.3%",
      "severity": "HIGH"
    },
    {
      "quarter": "2025-03 (Q1)",
      "signal": "YoY REVENUE GROWTH ACCELERATION",
      "detail": "YoY growth: +0.9% vs prior quarter YoY: -7.5% (accel: +8.4%)",
      "severity": "MEDIUM"
    },
    {
      "quarter": "2025-03 (Q1)",
      "signal": "OP MARGIN TURNED POSITIVE (YoY)",
      "detail": "Op margin: -0.4% (year-ago) -> +1.7%",
      "severity": "HIGH"
    },
    {
      "quarter": "2024-12 (Q4)",
      "signal": "YoY REVENUE GROWTH ACCELERATION",
      "detail": "YoY growth: -7.5% vs prior quarter YoY: -100.0% (accel: +92.5%)",
      "severity": "HIGH"
    },
    {
      "quarter": "2024-03 (Q1)",
      "signal": "GROSS MARGIN INFLECTION",
      "detail": "GM: +11.6% -> +11.2% -> +13.3% (reversal +2.1%)",
      "severity": "MEDIUM"
    },
    {
      "quarter": "2023-12 (Q4)",
      "signal": "FCF TURNED POSITIVE",
      "detail": "FCF margin: -1.2% -> +6.8%",
      "severity": "HIGH"
    },
    {
      "quarter": "2023-12 (Q4)",
      "signal": "OPERATING LEVERAGE",
      "detail": "Rev growth +87.7% vs OpEx growth +13.8% (leverage: 6.4x)",
      "severity": "MEDIUM"
    },
    {
      "quarter": "2023-12 (Q4)",
      "signal": "OP MARGIN TURNED POSITIVE (YoY)",
      "detail": "Op margin: -4.0% (year-ago) -> +3.8%",
      "severity": "HIGH"
    },
    {
      "quarter": "2023-12 (Q4)",
      "signal": "OP MARGIN TURNED POSITIVE (QoQ)",
      "detail": "Op margin: -0.7% -> +3.8%",
      "severity": "HIGH"
    },
    {
      "quarter": "2023-09 (Q3)",
      "signal": "GROSS MARGIN INFLECTION",
      "detail": "GM: +12.0% -> +7.3% -> +11.6% (reversal +4.3%)",
      "severity": "MEDIUM"
    },
    {
      "quarter": "2023-09 (Q3)",
      "signal": "YoY REVENUE GROWTH ACCELERATION",
      "detail": "YoY growth: -5.0% vs prior quarter YoY: -437.4% (accel: +432.4%)",
      "severity": "HIGH"
    },
    {
      "quarter": "2023-06 (Q2)",
      "signal": "YoY REVENUE GROWTH DECELERATION",
      "detail": "YoY growth: -437.4% vs prior quarter YoY: -28.9% (decel: -408.5%)",
      "severity": "WARNING"
    },
    {
      "quarter": "2023-03 (Q1)",
      "signal": "FCF MARGIN EXPANSION",
      "detail": "FCF margin: +1.7% -> +21.5% (+19.8%)",
      "severity": "MEDIUM"
    },
    {
      "quarter": "2023-03 (Q1)",
      "signal": "GROSS MARGIN INFLECTION",
      "detail": "GM: +10.7% -> +4.7% -> +12.0% (reversal +7.3%)",
      "severity": "HIGH"
    },
    {
      "quarter": "2022-12 (Q4)",
      "signal": "FCF TURNED POSITIVE",
      "detail": "FCF margin: -20.2% -> +1.7%",
      "severity": "HIGH"
    },
    {
      "quarter": "2022-12 (Q4)",
      "signal": "OPERATING LEVERAGE",
      "detail": "Rev growth +86.5% vs OpEx growth +16.5% (leverage: 5.2x)",
      "severity": "MEDIUM"
    }
  ],
  "data_quality": {
    "n_quarters": 15,
    "coverage": {
      "revenue": [
        15,
        15
      ],
      "gross_profit": [
        15,
        15
      ],
      "op_income": [
        15,
        15
      ],
      "fcf": [
        15,
        15
      ]
    },
    "gaps": [],
    "warnings": []
  },
  "market_cap": null,
  "source": "SEC EDGAR",
  "last_updated": "2026-02-02T22:07:37.898770",
  "sector": "Communication Services",
  "industry": "Entertainment"
}