{
  "ticker": "AEO",
  "name": "AMERICAN EAGLE OUTFITTERS INC",
  "quarters": [
    {
      "date": "2021-01-30T00:00:00",
      "quarter_label": "2021-01 (Q1)",
      "revenue": 1292294000,
      "gross_profit": 439865000,
      "operating_income": 3583000,
      "net_income": 3535000,
      "opex": 436282000,
      "cogs": 852429000,
      "rd": null,
      "sga": 292058000,
      "fcf": null,
      "ocf": null,
      "capex": null,
      "gross_margin": 0.34037533254816627,
      "op_margin": 0.00277258890004906,
      "fcf_margin": null
    },
    {
      "date": "2021-05-01T00:00:00",
      "quarter_label": "2021-05 (Q2)",
      "revenue": 1034614000,
      "gross_profit": 436190000,
      "operating_income": 133427000,
      "net_income": 95463000,
      "opex": 302763000,
      "cogs": 598424000,
      "rd": null,
      "sga": 264492000,
      "fcf": -36379000,
      "ocf": 427000,
      "capex": -36806000,
      "gross_margin": 0.4215968467467094,
      "op_margin": 0.1289630722182379,
      "fcf_margin": -0.03516190579288508
    },
    {
      "date": "2021-07-31T00:00:00",
      "quarter_label": "2021-07 (Q3)",
      "revenue": 1194156000,
      "gross_profit": 502391000,
      "operating_income": 167996000,
      "net_income": 121511000,
      "opex": 334395000,
      "cogs": 691765000,
      "rd": null,
      "sga": 293939000,
      "fcf": 72061000,
      "ocf": 121460000,
      "capex": -49399000,
      "gross_margin": 0.42070801469824715,
      "op_margin": 0.1406817869692067,
      "fcf_margin": 0.06034471208116862,
      "op_leverage_ratio": 1.4759540230090225,
      "fcf_margin_change": 0.0955066178740537
    },
    {
      "date": "2021-10-30T00:00:00",
      "quarter_label": "2021-10 (Q4)",
      "revenue": 1274078000,
      "gross_profit": 564524000,
      "operating_income": 209687000,
      "net_income": 152224000,
      "opex": 354837000,
      "cogs": 709554000,
      "rd": null,
      "sga": 313890000,
      "fcf": -46386000,
      "ocf": 11814000,
      "capex": -58200000,
      "gross_margin": 0.44308433235641775,
      "op_margin": 0.16457940565648257,
      "fcf_margin": -0.03640750409315599,
      "op_leverage_ratio": 1.0948173452969558,
      "fcf_margin_change": -0.09675221617432461
    },
    {
      "date": "2022-01-29T00:00:00",
      "quarter_label": "2022-01 (Q1)",
      "revenue": 1507937000,
      "gross_profit": 488685000,
      "operating_income": 79954000,
      "net_income": 50428000,
      "opex": 408731000,
      "cogs": 1019252000,
      "rd": null,
      "sga": 349680000,
      "fcf": 80528000,
      "ocf": 169970000,
      "capex": -89442000,
      "gross_margin": 0.32407521003861567,
      "op_margin": 0.05302210901383811,
      "fcf_margin": 0.053402761521204135,
      "incr_op_margin_yoy": 0.3541547836006733,
      "rev_growth_yoy": 0.16686837515302244,
      "op_leverage_ratio": 1.208499715239547,
      "fcf_margin_change": 0.08981026561436012
    },
    {
      "date": "2022-04-30T00:00:00",
      "quarter_label": "2022-04 (Q2)",
      "revenue": 1055037000,
      "gross_profit": 388026000,
      "operating_income": 41902000,
      "net_income": 31740000,
      "opex": 346124000,
      "cogs": 667011000,
      "rd": null,
      "sga": 298755000,
      "fcf": -166641000,
      "ocf": -108247000,
      "capex": -58394000,
      "gross_margin": 0.36778425780328083,
      "op_margin": 0.03971614265660825,
      "fcf_margin": -0.15794801509330952,
      "incr_op_margin_yoy": -4.481466973510258,
      "rev_growth_yoy": 0.0197397290197117,
      "rev_growth_yoy_accel": -0.14712864613331075,
      "fcf_margin_change": -0.21135077661451365
    },
    {
      "date": "2022-07-30T00:00:00",
      "quarter_label": "2022-07 (Q3)",
      "revenue": 1198124000,
      "gross_profit": 370017000,
      "operating_income": 14014000,
      "net_income": -42466000,
      "opex": 356003000,
      "cogs": 828107000,
      "rd": null,
      "sga": 307832000,
      "fcf": -63310000,
      "ocf": 6154000,
      "capex": -69464000,
      "gross_margin": 0.30883030470969614,
      "op_margin": 0.011696619047778026,
      "fcf_margin": -0.052840941338292195,
      "incr_op_margin_yoy": -38.80594758064516,
      "rev_growth_yoy": 0.003322848941009382,
      "rev_growth_yoy_accel": -0.016416880078702317,
      "op_leverage_ratio": 4.751724100819105,
      "fcf_margin_change": 0.10510707375501732
    },
    {
      "date": "2022-10-29T00:00:00",
      "quarter_label": "2022-10 (Q4)",
      "revenue": 1240583000,
      "gross_profit": 479773000,
      "operating_income": 117548000,
      "net_income": 81272000,
      "opex": 362225000,
      "cogs": 760810000,
      "rd": null,
      "sga": 311101000,
      "fcf": -56115000,
      "ocf": 15391000,
      "capex": -71506000,
      "gross_margin": 0.38673188331615055,
      "op_margin": 0.09475222536500984,
      "fcf_margin": -0.045232765562642725,
      "incr_op_margin_yoy": 2.7508284818629645,
      "rev_growth_yoy": -0.026289599223909367,
      "rev_growth_yoy_accel": -0.02961244816491875,
      "op_leverage_ratio": 2.0276437093409485,
      "fcf_margin_change": 0.00760817577564947
    },
    {
      "date": "2023-01-28T00:00:00",
      "quarter_label": "2023-01 (Q1)",
      "revenue": 1496088000,
      "gross_profit": 507432000,
      "operating_income": 73582000,
      "net_income": 54589000,
      "opex": 433850000,
      "cogs": 988656000,
      "rd": null,
      "sga": 351408000,
      "fcf": 431984000,
      "ocf": 492998000,
      "capex": -61014000,
      "gross_margin": 0.339172562041805,
      "op_margin": 0.049182935763136926,
      "fcf_margin": 0.2887423734432734,
      "incr_op_margin_yoy": 0.5377669001603511,
      "rev_growth_yoy": -0.007857755330627207,
      "rev_growth_yoy_accel": 0.01843184389328216,
      "op_leverage_ratio": 1.0415673648140484,
      "fcf_margin_change": 0.33397513900591613
    },
    {
      "date": "2023-04-29T00:00:00",
      "quarter_label": "2023-04 (Q2)",
      "revenue": 1080926000,
      "gross_profit": 413179000,
      "operating_income": 22831000,
      "net_income": 18453000,
      "opex": 390348000,
      "cogs": 667747000,
      "rd": null,
      "sga": 312345000,
      "fcf": -54073000,
      "ocf": -8216000,
      "capex": -45857000,
      "gross_margin": 0.3822454081037925,
      "op_margin": 0.021121704908569135,
      "fcf_margin": -0.05002470104336467,
      "incr_op_margin_yoy": -0.736644907103403,
      "rev_growth_yoy": 0.02453847590179302,
      "rev_growth_yoy_accel": 0.032396231232420226,
      "fcf_margin_change": -0.33876707448663806
    },
    {
      "date": "2023-07-29T00:00:00",
      "quarter_label": "2023-07 (Q3)",
      "revenue": 1200879000,
      "gross_profit": 453016000,
      "operating_income": 65290000,
      "net_income": 48570000,
      "opex": 387726000,
      "cogs": 747863000,
      "rd": null,
      "sga": 331872000,
      "fcf": 110005000,
      "ocf": 156107000,
      "capex": -46102000,
      "gross_margin": 0.3772370072255406,
      "op_margin": 0.054368508400929653,
      "fcf_margin": 0.09160373359847246,
      "incr_op_margin_yoy": 18.611978221415608,
      "rev_growth_yoy": 0.0022994281059389513,
      "rev_growth_yoy_accel": -0.022239047795854068,
      "op_leverage_ratio": Infinity,
      "fcf_margin_change": 0.14162843464183714
    },
    {
      "date": "2023-10-28T00:00:00",
      "quarter_label": "2023-10 (Q4)",
      "revenue": 1301055000,
      "gross_profit": 543797000,
      "operating_income": 125361000,
      "net_income": 96700000,
      "opex": 418436000,
      "cogs": 757258000,
      "rd": null,
      "sga": 361992000,
      "fcf": 93496000,
      "ocf": 136452000,
      "capex": -42956000,
      "gross_margin": 0.4179661889774068,
      "op_margin": 0.09635334401697085,
      "fcf_margin": 0.07186168148156688,
      "incr_op_margin_yoy": 0.12920029104378886,
      "rev_growth_yoy": 0.0487448240061326,
      "rev_growth_yoy_accel": 0.04644539590019365,
      "op_leverage_ratio": 1.0531968328965884,
      "fcf_margin_change": -0.01974205211690558
    },
    {
      "date": "2024-02-03T00:00:00",
      "quarter_label": "2024-02 (Q1)",
      "revenue": 1678911000,
      "gross_profit": 614586000,
      "operating_income": 9236000,
      "net_income": 6316000,
      "opex": 605350000,
      "cogs": 1064325000,
      "rd": null,
      "sga": 427090000,
      "fcf": 256845000,
      "ocf": 296367000,
      "capex": -39522000,
      "gross_margin": 0.36606228680376746,
      "op_margin": 0.005501184994320723,
      "fcf_margin": 0.15298309439869057,
      "incr_op_margin_yoy": -0.351957904640007,
      "rev_growth_yoy": 0.12220069942409804,
      "rev_growth_yoy_accel": 0.07345587541796544,
      "op_leverage_ratio": 0.6501564524079014,
      "fcf_margin_change": 0.08112141291712369
    },
    {
      "date": "2024-05-04T00:00:00",
      "quarter_label": "2024-05 (Q2)",
      "revenue": 1143867000,
      "gross_profit": 464239000,
      "operating_income": 77836000,
      "net_income": 67752000,
      "opex": 386403000,
      "cogs": 679628000,
      "rd": null,
      "sga": 333493000,
      "fcf": -74320000,
      "ocf": -38111000,
      "capex": -36209000,
      "gross_margin": 0.40585050534721256,
      "op_margin": 0.06804637252407841,
      "fcf_margin": -0.06497258859640151,
      "incr_op_margin_yoy": 0.8739136651785006,
      "rev_growth_yoy": 0.058228777918192365,
      "rev_growth_yoy_accel": -0.06397192150590568,
      "fcf_margin_change": -0.21795568299509208
    },
    {
      "date": "2024-08-03T00:00:00",
      "quarter_label": "2024-08 (Q3)",
      "revenue": 1291058000,
      "gross_profit": 498896000,
      "operating_income": 101109000,
      "net_income": 77264000,
      "opex": 397787000,
      "cogs": 792162000,
      "rd": null,
      "sga": 345313000,
      "fcf": 17515000,
      "ocf": 78251000,
      "capex": -60736000,
      "gross_margin": 0.3864241575514036,
      "op_margin": 0.07831483945725135,
      "fcf_margin": 0.013566392834404032,
      "incr_op_margin_yoy": 0.3971989044012464,
      "rev_growth_yoy": 0.07509416019432433,
      "rev_growth_yoy_accel": 0.016865382276131963,
      "op_leverage_ratio": 4.36768518221802,
      "fcf_margin_change": 0.07853898143080554
    },
    {
      "date": "2024-11-02T00:00:00",
      "quarter_label": "2024-11 (Q4)",
      "revenue": 1289094000,
      "gross_profit": 526624000,
      "operating_income": 106089000,
      "net_income": 80019000,
      "opex": 420535000,
      "cogs": 762470000,
      "rd": null,
      "sga": 351380000,
      "fcf": -7818000,
      "ocf": 52905000,
      "capex": -60723000,
      "gross_margin": 0.4085225747695668,
      "op_margin": 0.08229733440695558,
      "fcf_margin": -0.00606472452745882,
      "incr_op_margin_yoy": 1.6112365186857287,
      "rev_growth_yoy": -0.009193308507326746,
      "rev_growth_yoy_accel": -0.08428746870165107,
      "fcf_margin_change": -0.019631117361862852
    },
    {
      "date": "2025-02-01T00:00:00",
      "quarter_label": "2025-02 (Q1)",
      "revenue": 1604633000,
      "gross_profit": 599174000,
      "operating_income": 142269000,
      "net_income": 104346000,
      "opex": 456905000,
      "cogs": 1005459000,
      "rd": null,
      "sga": 401628000,
      "fcf": 318883000,
      "ocf": 383753000,
      "capex": -64870000,
      "gross_margin": 0.373402516338627,
      "op_margin": 0.08866139484854169,
      "fcf_margin": 0.19872643775866505,
      "incr_op_margin_yoy": -1.7910148361560623,
      "rev_growth_yoy": -0.04424177338763043,
      "rev_growth_yoy_accel": -0.035048464880303686,
      "op_leverage_ratio": 2.8302663216601047,
      "fcf_margin_change": 0.20479116228612387
    },
    {
      "date": "2025-05-03T00:00:00",
      "quarter_label": "2025-05 (Q2)",
      "revenue": 1089599000,
      "gross_profit": 322421000,
      "operating_income": -85181000,
      "net_income": -64899000,
      "opex": 407602000,
      "cogs": 767178000,
      "rd": null,
      "sga": 338786000,
      "fcf": -116278000,
      "ocf": -54672000,
      "capex": -61606000,
      "gross_margin": 0.29590794411522037,
      "op_margin": -0.07817646675520076,
      "fcf_margin": -0.10671632407885837,
      "incr_op_margin_yoy": 3.0039249649885753,
      "rev_growth_yoy": -0.047442578551527406,
      "rev_growth_yoy_accel": -0.0032008051638969734,
      "fcf_margin_change": -0.3054427618375234
    },
    {
      "date": "2025-08-02T00:00:00",
      "quarter_label": "2025-08 (Q3)",
      "revenue": 1283675000,
      "gross_profit": 499962000,
      "operating_income": 103085000,
      "net_income": 77633000,
      "opex": 396877000,
      "cogs": 783713000,
      "rd": null,
      "sga": 342211000,
      "fcf": -43146000,
      "ocf": 27813000,
      "capex": -70959000,
      "gross_margin": 0.38947708726897384,
      "op_margin": 0.08030459423140593,
      "fcf_margin": -0.03361131127427114,
      "incr_op_margin_yoy": -0.26764187999458217,
      "rev_growth_yoy": -0.005718565703477303,
      "rev_growth_yoy_accel": 0.0417240128480501,
      "op_leverage_ratio": Infinity,
      "fcf_margin_change": 0.07310501280458723
    },
    {
      "date": "2025-11-01T00:00:00",
      "quarter_label": "2025-11 (Q4)",
      "revenue": 1362701000,
      "gross_profit": 551877000,
      "operating_income": 112574000,
      "net_income": 91344000,
      "opex": 439303000,
      "cogs": 810824000,
      "rd": null,
      "sga": 386340000,
      "fcf": -2513000,
      "ocf": 67148000,
      "capex": -69661000,
      "gross_margin": 0.40498759449064764,
      "op_margin": 0.08261093225880072,
      "fcf_margin": -0.0018441316180145167,
      "incr_op_margin_yoy": 0.08810303367886206,
      "rev_growth_yoy": 0.05709979256749314,
      "rev_growth_yoy_accel": 0.06281835827097045,
      "op_leverage_ratio": 0.5758889698483677,
      "fcf_margin_change": 0.031767179656256625
    }
  ],
  "signals": [
    {
      "quarter": "2025-11 (Q4)",
      "signal": "YoY REVENUE GROWTH ACCELERATION",
      "detail": "YoY growth: +5.7% vs prior quarter YoY: -0.6% (accel: +6.3%)",
      "severity": "MEDIUM"
    },
    {
      "quarter": "2025-08 (Q3)",
      "signal": "FCF MARGIN EXPANSION",
      "detail": "FCF margin: -10.7% -> -3.4% (+7.3%)",
      "severity": "MEDIUM"
    },
    {
      "quarter": "2025-08 (Q3)",
      "signal": "GROSS MARGIN INFLECTION",
      "detail": "GM: +37.3% -> +29.6% -> +38.9% (reversal +9.4%)",
      "severity": "HIGH"
    },
    {
      "quarter": "2025-08 (Q3)",
      "signal": "OP MARGIN TURNED POSITIVE (QoQ)",
      "detail": "Op margin: -7.8% -> +8.0%",
      "severity": "HIGH"
    },
    {
      "quarter": "2025-02 (Q1)",
      "signal": "FCF TURNED POSITIVE",
      "detail": "FCF margin: -0.6% -> +19.9%",
      "severity": "HIGH"
    },
    {
      "quarter": "2025-02 (Q1)",
      "signal": "OPERATING LEVERAGE",
      "detail": "Rev growth +24.5% vs OpEx growth +8.6% (leverage: 2.8x)",
      "severity": "MEDIUM"
    },
    {
      "quarter": "2024-11 (Q4)",
      "signal": "GROSS MARGIN INFLECTION",
      "detail": "GM: +40.6% -> +38.6% -> +40.9% (reversal +2.2%)",
      "severity": "MEDIUM"
    },
    {
      "quarter": "2024-11 (Q4)",
      "signal": "YoY REVENUE GROWTH DECELERATION",
      "detail": "YoY growth: -0.9% vs prior quarter YoY: +7.5% (decel: -8.4%)",
      "severity": "WARNING"
    },
    {
      "quarter": "2024-11 (Q4)",
      "signal": "INCREMENTAL MARGIN (YoY)",
      "detail": "YoY Incr OPM: +161.1% vs year-ago OPM: +9.6%",
      "severity": "HIGH"
    },
    {
      "quarter": "2024-08 (Q3)",
      "signal": "FCF TURNED POSITIVE",
      "detail": "FCF margin: -6.5% -> +1.4%",
      "severity": "HIGH"
    },
    {
      "quarter": "2024-08 (Q3)",
      "signal": "OPERATING LEVERAGE",
      "detail": "Rev growth +12.9% vs OpEx growth +2.9% (leverage: 4.4x)",
      "severity": "MEDIUM"
    },
    {
      "quarter": "2024-08 (Q3)",
      "signal": "INCREMENTAL MARGIN (YoY)",
      "detail": "YoY Incr OPM: +39.7% vs year-ago OPM: +5.4%",
      "severity": "HIGH"
    },
    {
      "quarter": "2024-05 (Q2)",
      "signal": "GROSS MARGIN INFLECTION",
      "detail": "GM: +41.8% -> +36.6% -> +40.6% (reversal +4.0%)",
      "severity": "MEDIUM"
    },
    {
      "quarter": "2024-05 (Q2)",
      "signal": "YoY REVENUE GROWTH DECELERATION",
      "detail": "YoY growth: +5.8% vs prior quarter YoY: +12.2% (decel: -6.4%)",
      "severity": "WARNING"
    },
    {
      "quarter": "2024-05 (Q2)",
      "signal": "INCREMENTAL MARGIN (YoY)",
      "detail": "YoY Incr OPM: +87.4% vs year-ago OPM: +2.1%",
      "severity": "HIGH"
    },
    {
      "quarter": "2024-02 (Q1)",
      "signal": "FCF MARGIN EXPANSION",
      "detail": "FCF margin: +7.2% -> +15.3% (+8.1%)",
      "severity": "MEDIUM"
    },
    {
      "quarter": "2024-02 (Q1)",
      "signal": "YoY REVENUE GROWTH ACCELERATION",
      "detail": "YoY growth: +12.2% vs prior quarter YoY: +4.9% (accel: +7.3%)",
      "severity": "MEDIUM"
    },
    {
      "quarter": "2023-10 (Q4)",
      "signal": "GROSS MARGIN INFLECTION",
      "detail": "GM: +38.2% -> +37.7% -> +41.8% (reversal +4.1%)",
      "severity": "MEDIUM"
    },
    {
      "quarter": "2023-07 (Q3)",
      "signal": "FCF TURNED POSITIVE",
      "detail": "FCF margin: -5.0% -> +9.2%",
      "severity": "HIGH"
    },
    {
      "quarter": "2023-07 (Q3)",
      "signal": "INCREMENTAL MARGIN (YoY)",
      "detail": "YoY Incr OPM: +1861.2% vs year-ago OPM: +1.2%",
      "severity": "HIGH"
    },
    {
      "quarter": "2023-04 (Q2)",
      "signal": "GROSS MARGIN INFLECTION",
      "detail": "GM: +38.7% -> +33.9% -> +38.2% (reversal +4.3%)",
      "severity": "MEDIUM"
    },
    {
      "quarter": "2023-01 (Q1)",
      "signal": "FCF TURNED POSITIVE",
      "detail": "FCF margin: -4.5% -> +28.9%",
      "severity": "HIGH"
    },
    {
      "quarter": "2023-01 (Q1)",
      "signal": "INCREMENTAL MARGIN (YoY)",
      "detail": "YoY Incr OPM: +53.8% vs year-ago OPM: +5.3%",
      "severity": "HIGH"
    },
    {
      "quarter": "2022-10 (Q4)",
      "signal": "OPERATING LEVERAGE",
      "detail": "Rev growth +3.5% vs OpEx growth +1.7% (leverage: 2.0x)",
      "severity": "MEDIUM"
    },
    {
      "quarter": "2022-10 (Q4)",
      "signal": "GROSS MARGIN INFLECTION",
      "detail": "GM: +36.8% -> +30.9% -> +38.7% (reversal +7.8%)",
      "severity": "HIGH"
    },
    {
      "quarter": "2022-10 (Q4)",
      "signal": "INCREMENTAL MARGIN (YoY)",
      "detail": "YoY Incr OPM: +275.1% vs year-ago OPM: +16.5%",
      "severity": "HIGH"
    },
    {
      "quarter": "2022-07 (Q3)",
      "signal": "FCF MARGIN EXPANSION",
      "detail": "FCF margin: -15.8% -> -5.3% (+10.5%)",
      "severity": "MEDIUM"
    },
    {
      "quarter": "2022-07 (Q3)",
      "signal": "OPERATING LEVERAGE",
      "detail": "Rev growth +13.6% vs OpEx growth +2.9% (leverage: 4.8x)",
      "severity": "MEDIUM"
    },
    {
      "quarter": "2022-04 (Q2)",
      "signal": "GROSS MARGIN INFLECTION",
      "detail": "GM: +44.3% -> +32.4% -> +36.8% (reversal +4.4%)",
      "severity": "MEDIUM"
    },
    {
      "quarter": "2022-04 (Q2)",
      "signal": "YoY REVENUE GROWTH DECELERATION",
      "detail": "YoY growth: +2.0% vs prior quarter YoY: +16.7% (decel: -14.7%)",
      "severity": "WARNING"
    },
    {
      "quarter": "2022-01 (Q1)",
      "signal": "FCF TURNED POSITIVE",
      "detail": "FCF margin: -3.6% -> +5.3%",
      "severity": "HIGH"
    },
    {
      "quarter": "2022-01 (Q1)",
      "signal": "INCREMENTAL MARGIN (YoY)",
      "detail": "YoY Incr OPM: +35.4% vs year-ago OPM: +0.3%",
      "severity": "HIGH"
    },
    {
      "quarter": "2021-10 (Q4)",
      "signal": "GROSS MARGIN INFLECTION",
      "detail": "GM: +42.2% -> +42.1% -> +44.3% (reversal +2.2%)",
      "severity": "MEDIUM"
    },
    {
      "quarter": "2021-07 (Q3)",
      "signal": "FCF TURNED POSITIVE",
      "detail": "FCF margin: -3.5% -> +6.0%",
      "severity": "HIGH"
    }
  ],
  "data_quality": {
    "n_quarters": 20,
    "coverage": {
      "revenue": [
        20,
        20
      ],
      "gross_profit": [
        20,
        20
      ],
      "op_income": [
        20,
        20
      ],
      "fcf": [
        19,
        20
      ]
    },
    "gaps": [],
    "warnings": []
  },
  "market_cap": null,
  "source": "SEC EDGAR",
  "last_updated": "2026-02-02T21:13:10.330843",
  "sector": "Consumer Cyclical",
  "industry": "Apparel Retail"
}