{
  "ticker": "AERTW",
  "name": "Aeries Technology, Inc.",
  "quarters": [
    {
      "date": "2022-12-31T00:00:00",
      "quarter_label": "2022-12 (Q4)",
      "revenue": 12691000,
      "gross_profit": 2318000,
      "operating_income": 293000,
      "net_income": -315000,
      "opex": 2025000,
      "cogs": 10373000,
      "rd": null,
      "sga": 2025000,
      "fcf": -36883,
      "ocf": -36883,
      "capex": null,
      "gross_margin": 0.18264912142463163,
      "op_margin": 0.02308722716885982,
      "fcf_margin": -0.0029062327633756204
    },
    {
      "date": "2023-03-31T00:00:00",
      "quarter_label": "2023-03 (Q1)",
      "revenue": 15072000,
      "gross_profit": 4315000,
      "operating_income": -2271372,
      "net_income": -1532112,
      "opex": 3428000,
      "cogs": 10757000,
      "rd": null,
      "sga": 3428000,
      "fcf": -64938,
      "ocf": 147062,
      "capex": -212000,
      "gross_margin": 0.28629246284501064,
      "op_margin": -0.1507014331210191,
      "fcf_margin": -0.004308519108280255,
      "op_leverage_ratio": 0.2707889310213775,
      "fcf_margin_change": -0.0014022863449046344
    },
    {
      "date": "2023-06-30T00:00:00",
      "quarter_label": "2023-06 (Q2)",
      "revenue": 16330000,
      "gross_profit": 4447000,
      "operating_income": -1475740,
      "net_income": 2033037,
      "opex": 3670000,
      "cogs": 11883000,
      "rd": null,
      "sga": 3670000,
      "fcf": -157000,
      "ocf": 101000,
      "capex": -258000,
      "gross_margin": 0.2723208818126148,
      "op_margin": -0.09036987140232701,
      "fcf_margin": -0.009614206981016534,
      "op_leverage_ratio": 1.1823204541067887,
      "fcf_margin_change": -0.005305687872736279
    },
    {
      "date": "2023-09-30T00:00:00",
      "quarter_label": "2023-09 (Q3)",
      "revenue": 17578000,
      "gross_profit": 4824000,
      "operating_income": -1597474,
      "net_income": -1521855,
      "opex": 3338000,
      "cogs": 12754000,
      "rd": null,
      "sga": 3338000,
      "fcf": 810000,
      "ocf": 1286000,
      "capex": -476000,
      "gross_margin": 0.274433951530322,
      "op_margin": -0.09087916714074411,
      "fcf_margin": 0.04608032768233018,
      "op_leverage_ratio": Infinity,
      "fcf_margin_change": 0.055694534663346715
    },
    {
      "date": "2023-12-31T00:00:00",
      "quarter_label": "2023-12 (Q4)",
      "revenue": 18897000,
      "gross_profit": 6046000,
      "operating_income": 733000,
      "net_income": -16649000,
      "opex": 5313000,
      "cogs": 12851000,
      "rd": null,
      "sga": 5313000,
      "fcf": -1690000,
      "ocf": -1362000,
      "capex": -328000,
      "gross_margin": 0.31994496480922896,
      "op_margin": 0.03878922580303752,
      "fcf_margin": -0.08943218500291052,
      "incr_op_margin_yoy": 0.07089912987431518,
      "rev_growth_yoy": 0.4890079583957135,
      "op_leverage_ratio": 0.12682199124048907,
      "fcf_margin_change": -0.1355125126852407
    },
    {
      "date": "2024-03-31T00:00:00",
      "quarter_label": "2024-03 (Q1)",
      "revenue": 19704000,
      "gross_profit": 6324000,
      "operating_income": -9000,
      "net_income": null,
      "opex": 6333000,
      "cogs": 13380000,
      "rd": null,
      "sga": 6333000,
      "fcf": -4782000,
      "ocf": -4324000,
      "capex": -458000,
      "gross_margin": 0.3209500609013398,
      "op_margin": -0.00045676004872107184,
      "fcf_margin": -0.24269183922046286,
      "incr_op_margin_yoy": 0.4884222797927461,
      "rev_growth_yoy": 0.3073248407643312,
      "rev_growth_yoy_accel": -0.18168311763138228,
      "op_leverage_ratio": 0.22244380527254562,
      "fcf_margin_change": -0.15325965421755233
    },
    {
      "date": "2024-06-30T00:00:00",
      "quarter_label": "2024-06 (Q2)",
      "revenue": 16667000,
      "gross_profit": 4010000,
      "operating_income": -16420000,
      "net_income": -14653000,
      "opex": 20430000,
      "cogs": 12657000,
      "rd": null,
      "sga": 20430000,
      "fcf": -2090000,
      "ocf": -1720000,
      "capex": -370000,
      "gross_margin": 0.2405951880962381,
      "op_margin": -0.9851802963940721,
      "fcf_margin": -0.125397492050159,
      "rev_growth_yoy": 0.02063686466625842,
      "rev_growth_yoy_accel": -0.2866879760980728,
      "fcf_margin_change": 0.11729434717030388
    },
    {
      "date": "2024-09-30T00:00:00",
      "quarter_label": "2024-09 (Q3)",
      "revenue": 16873000,
      "gross_profit": 3575000,
      "operating_income": -4095000,
      "net_income": -2280000,
      "opex": 7670000,
      "cogs": 13298000,
      "rd": null,
      "sga": 7670000,
      "fcf": 1313000,
      "ocf": 1925000,
      "capex": -612000,
      "gross_margin": 0.211876963195638,
      "op_margin": -0.24269543056954898,
      "fcf_margin": 0.07781663011912524,
      "rev_growth_yoy": -0.040106951871657755,
      "rev_growth_yoy_accel": -0.060743816537916176,
      "op_leverage_ratio": Infinity,
      "fcf_margin_change": 0.20321412216928422
    },
    {
      "date": "2024-12-31T00:00:00",
      "quarter_label": "2024-12 (Q4)",
      "revenue": 17607000,
      "gross_profit": 4042000,
      "operating_income": -5157000,
      "net_income": 2670000,
      "opex": 9199000,
      "cogs": 13565000,
      "rd": null,
      "sga": 9199000,
      "fcf": -2468000,
      "ocf": -2078000,
      "capex": -390000,
      "gross_margin": 0.2295677855398421,
      "op_margin": -0.29289487135798264,
      "fcf_margin": -0.14017152268983926,
      "incr_op_margin_yoy": 4.565891472868217,
      "rev_growth_yoy": -0.06826480393713288,
      "rev_growth_yoy_accel": -0.02815785206547513,
      "op_leverage_ratio": 0.2182185330435888,
      "fcf_margin_change": -0.2179881528089645
    },
    {
      "date": "2025-03-31T00:00:00",
      "quarter_label": "2025-03 (Q1)",
      "revenue": 19051000,
      "gross_profit": 5093000,
      "operating_income": -3098000,
      "net_income": null,
      "opex": 8191000,
      "cogs": 13958000,
      "rd": null,
      "sga": 8191000,
      "fcf": 752000,
      "ocf": 864000,
      "capex": -112000,
      "gross_margin": 0.26733504802897484,
      "op_margin": -0.1626161356359246,
      "fcf_margin": 0.039472993543646,
      "rev_growth_yoy": -0.03314047909053999,
      "rev_growth_yoy_accel": 0.03512432484659289,
      "op_leverage_ratio": Infinity,
      "fcf_margin_change": 0.17964451623348526
    },
    {
      "date": "2025-06-30T00:00:00",
      "quarter_label": "2025-06 (Q2)",
      "revenue": 15330000,
      "gross_profit": 3778000,
      "operating_income": 820000,
      "net_income": 1574000,
      "opex": 2958000,
      "cogs": 11552000,
      "rd": null,
      "sga": 2958000,
      "fcf": 1110000,
      "ocf": 1369000,
      "capex": -259000,
      "gross_margin": 0.24644487932159165,
      "op_margin": 0.05348988910632746,
      "fcf_margin": 0.07240704500978473,
      "incr_op_margin_yoy": -12.894540014958864,
      "rev_growth_yoy": -0.08021839563208735,
      "rev_growth_yoy_accel": -0.04707791654154736,
      "fcf_margin_change": 0.03293405146613873
    },
    {
      "date": "2025-09-30T00:00:00",
      "quarter_label": "2025-09 (Q3)",
      "revenue": 17359000,
      "gross_profit": 5022000,
      "operating_income": 1985000,
      "net_income": 369000,
      "opex": 3037000,
      "cogs": 12337000,
      "rd": null,
      "sga": 3037000,
      "fcf": 653000,
      "ocf": 1025000,
      "capex": -372000,
      "gross_margin": 0.289302379169307,
      "op_margin": 0.11434990494844173,
      "fcf_margin": 0.037617374272711564,
      "rev_growth_yoy": 0.028803413737924496,
      "rev_growth_yoy_accel": 0.10902180937001185,
      "op_leverage_ratio": 4.955768039832545,
      "fcf_margin_change": -0.03478967073707317
    }
  ],
  "signals": [
    {
      "quarter": "2025-09 (Q3)",
      "signal": "OPERATING LEVERAGE",
      "detail": "Rev growth +13.2% vs OpEx growth +2.7% (leverage: 5.0x)",
      "severity": "MEDIUM"
    },
    {
      "quarter": "2025-09 (Q3)",
      "signal": "GROSS MARGIN INFLECTION",
      "detail": "GM: +26.7% -> +24.6% -> +28.9% (reversal +4.3%)",
      "severity": "MEDIUM"
    },
    {
      "quarter": "2025-09 (Q3)",
      "signal": "YoY REVENUE GROWTH ACCELERATION",
      "detail": "YoY growth: +2.9% vs prior quarter YoY: -8.0% (accel: +10.9%)",
      "severity": "MEDIUM"
    },
    {
      "quarter": "2025-09 (Q3)",
      "signal": "OP MARGIN TURNED POSITIVE (YoY)",
      "detail": "Op margin: -24.3% (year-ago) -> +11.4%",
      "severity": "HIGH"
    },
    {
      "quarter": "2025-06 (Q2)",
      "signal": "OP MARGIN TURNED POSITIVE (YoY)",
      "detail": "Op margin: -98.5% (year-ago) -> +5.3%",
      "severity": "HIGH"
    },
    {
      "quarter": "2025-06 (Q2)",
      "signal": "OP MARGIN TURNED POSITIVE (QoQ)",
      "detail": "Op margin: -16.3% -> +5.3%",
      "severity": "HIGH"
    },
    {
      "quarter": "2025-03 (Q1)",
      "signal": "FCF TURNED POSITIVE",
      "detail": "FCF margin: -14.0% -> +3.9%",
      "severity": "HIGH"
    },
    {
      "quarter": "2024-09 (Q3)",
      "signal": "FCF TURNED POSITIVE",
      "detail": "FCF margin: -12.5% -> +7.8%",
      "severity": "HIGH"
    },
    {
      "quarter": "2024-09 (Q3)",
      "signal": "YoY REVENUE GROWTH DECELERATION",
      "detail": "YoY growth: -4.0% vs prior quarter YoY: +2.1% (decel: -6.1%)",
      "severity": "WARNING"
    },
    {
      "quarter": "2024-06 (Q2)",
      "signal": "FCF MARGIN EXPANSION",
      "detail": "FCF margin: -24.3% -> -12.5% (+11.7%)",
      "severity": "MEDIUM"
    },
    {
      "quarter": "2024-06 (Q2)",
      "signal": "YoY REVENUE GROWTH DECELERATION",
      "detail": "YoY growth: +2.1% vs prior quarter YoY: +30.7% (decel: -28.7%)",
      "severity": "WARNING"
    },
    {
      "quarter": "2024-03 (Q1)",
      "signal": "YoY REVENUE GROWTH DECELERATION",
      "detail": "YoY growth: +30.7% vs prior quarter YoY: +48.9% (decel: -18.2%)",
      "severity": "WARNING"
    },
    {
      "quarter": "2023-12 (Q4)",
      "signal": "OP MARGIN TURNED POSITIVE (QoQ)",
      "detail": "Op margin: -9.1% -> +3.9%",
      "severity": "HIGH"
    },
    {
      "quarter": "2023-09 (Q3)",
      "signal": "FCF TURNED POSITIVE",
      "detail": "FCF margin: -1.0% -> +4.6%",
      "severity": "HIGH"
    }
  ],
  "data_quality": {
    "n_quarters": 12,
    "coverage": {
      "revenue": [
        12,
        12
      ],
      "gross_profit": [
        12,
        12
      ],
      "op_income": [
        12,
        12
      ],
      "fcf": [
        12,
        12
      ]
    },
    "gaps": [],
    "warnings": []
  },
  "market_cap": null,
  "source": "SEC EDGAR",
  "last_updated": "2026-02-03T01:11:37.986789"
}