{
  "ticker": "AESI",
  "name": "Atlas Energy Solutions Inc.",
  "quarters": [
    {
      "date": "2022-09-30T00:00:00",
      "quarter_label": "2022-09 (Q3)",
      "revenue": 141682000,
      "gross_profit": 74408000,
      "operating_income": 68634000,
      "net_income": null,
      "opex": 5774000,
      "cogs": 60138000,
      "rd": null,
      "sga": 5774000,
      "fcf": null,
      "ocf": null,
      "capex": null,
      "gross_margin": 0.5251760985869764,
      "op_margin": 0.48442286246665067,
      "fcf_margin": null
    },
    {
      "date": "2022-12-31T00:00:00",
      "quarter_label": "2022-12 (Q4)",
      "revenue": 149865000,
      "gross_profit": 74789000,
      "operating_income": 66886000,
      "net_income": 62583000,
      "opex": 7903000,
      "cogs": 67285000,
      "rd": null,
      "sga": 7903000,
      "fcf": 14584000,
      "ocf": 50012000,
      "capex": -35428000,
      "gross_margin": 0.4990424715577353,
      "op_margin": 0.44630834417642545,
      "fcf_margin": 0.09731424949120876,
      "op_leverage_ratio": 0.15663867128822262
    },
    {
      "date": "2023-03-31T00:00:00",
      "quarter_label": "2023-03 (Q1)",
      "revenue": 153418000,
      "gross_profit": 82344000,
      "operating_income": 73840000,
      "net_income": 1734000,
      "opex": 8504000,
      "cogs": 62555000,
      "rd": null,
      "sga": 8504000,
      "fcf": -6705000,
      "ocf": 54235000,
      "capex": -60940000,
      "gross_margin": 0.5367297188074411,
      "op_margin": 0.48129945638712535,
      "fcf_margin": -0.043704128589865596,
      "op_leverage_ratio": 0.31175433375340084,
      "fcf_margin_change": -0.14101837808107437
    },
    {
      "date": "2023-06-30T00:00:00",
      "quarter_label": "2023-06 (Q2)",
      "revenue": 161788000,
      "gross_profit": 88851000,
      "operating_income": 76668000,
      "net_income": 38518000,
      "opex": 12183000,
      "cogs": 63504000,
      "rd": null,
      "sga": 12183000,
      "fcf": 17988000,
      "ocf": 103883000,
      "capex": -85895000,
      "gross_margin": 0.5491816451158306,
      "op_margin": 0.4738793977303632,
      "fcf_margin": 0.11118253516948105,
      "op_leverage_ratio": 0.12610799033923423,
      "fcf_margin_change": 0.15488666375934665
    },
    {
      "date": "2023-09-30T00:00:00",
      "quarter_label": "2023-09 (Q3)",
      "revenue": 157616000,
      "gross_profit": 79625000,
      "operating_income": 65324000,
      "net_income": 29440000,
      "opex": 14301000,
      "cogs": 67770000,
      "rd": null,
      "sga": 14301000,
      "fcf": -43452000,
      "ocf": 55406000,
      "capex": -98858000,
      "gross_margin": 0.5051834839102629,
      "op_margin": 0.41445030961323726,
      "fcf_margin": -0.2756826718099685,
      "incr_op_margin_yoy": -0.2077318940630099,
      "rev_growth_yoy": 0.11246312163859912,
      "fcf_margin_change": -0.3868652069794496
    },
    {
      "date": "2023-12-31T00:00:00",
      "quarter_label": "2023-12 (Q4)",
      "revenue": 141138000,
      "gross_profit": 62946000,
      "operating_income": 49298000,
      "net_income": 35737000,
      "opex": 13648000,
      "cogs": 66567000,
      "rd": null,
      "sga": 13648000,
      "fcf": -34290000,
      "ocf": 85503000,
      "capex": -119793000,
      "gross_margin": 0.4459890320112231,
      "op_margin": 0.34928934801400047,
      "fcf_margin": -0.24295370488458104,
      "incr_op_margin_yoy": 2.01535464649937,
      "rev_growth_yoy": -0.058232409168251426,
      "rev_growth_yoy_accel": -0.17069553080685054,
      "fcf_margin_change": 0.03272896692538749
    },
    {
      "date": "2024-03-31T00:00:00",
      "quarter_label": "2024-03 (Q1)",
      "revenue": 192667000,
      "gross_profit": 68746000,
      "operating_income": 39677000,
      "net_income": 26787000,
      "opex": 29069000,
      "cogs": 106746000,
      "rd": null,
      "sga": 29069000,
      "fcf": -55924000,
      "ocf": 39562000,
      "capex": -95486000,
      "gross_margin": 0.35681253146620856,
      "op_margin": 0.20593562986915248,
      "fcf_margin": -0.2902624735943363,
      "incr_op_margin_yoy": -0.8704170806899539,
      "rev_growth_yoy": 0.2558304762153072,
      "rev_growth_yoy_accel": 0.31406288538355864,
      "op_leverage_ratio": 0.32312029159541417,
      "fcf_margin_change": -0.04730876870975528
    },
    {
      "date": "2024-06-30T00:00:00",
      "quarter_label": "2024-06 (Q2)",
      "revenue": 287518000,
      "gross_profit": 60355000,
      "operating_income": 28223000,
      "net_income": 14837000,
      "opex": 32132000,
      "cogs": 202136000,
      "rd": null,
      "sga": 27266000,
      "fcf": -54934000,
      "ocf": 60856000,
      "capex": -115790000,
      "gross_margin": 0.2099172921347533,
      "op_margin": 0.09816081080141069,
      "fcf_margin": -0.19106282041472186,
      "incr_op_margin_yoy": -0.3853097908216018,
      "rev_growth_yoy": 0.7771280935545282,
      "rev_growth_yoy_accel": 0.521297617339221,
      "op_leverage_ratio": 4.6721596452439975,
      "fcf_margin_change": 0.09919965317961446
    },
    {
      "date": "2024-09-30T00:00:00",
      "quarter_label": "2024-09 (Q3)",
      "revenue": 304434000,
      "gross_profit": 53018000,
      "operating_income": 15237000,
      "net_income": 3918000,
      "opex": 37781000,
      "cogs": 225347000,
      "rd": null,
      "sga": 25463000,
      "fcf": -1087000,
      "ocf": 85189000,
      "capex": -86276000,
      "gross_margin": 0.17415268990979982,
      "op_margin": 0.05005025719860463,
      "fcf_margin": -0.003570560449884047,
      "incr_op_margin_yoy": -0.34115026767835005,
      "rev_growth_yoy": 0.931491726728251,
      "rev_growth_yoy_accel": 0.15436363317372281,
      "op_leverage_ratio": 0.3346561582996678,
      "fcf_margin_change": 0.18749225996483782
    },
    {
      "date": "2024-12-31T00:00:00",
      "quarter_label": "2024-12 (Q4)",
      "revenue": 271338000,
      "gross_profit": 49895000,
      "operating_income": 30739000,
      "net_income": 14402000,
      "opex": 19156000,
      "cogs": 190967000,
      "rd": null,
      "sga": 25511000,
      "fcf": -5578000,
      "ocf": 70853000,
      "capex": -76431000,
      "gross_margin": 0.18388504374617637,
      "op_margin": 0.11328674936794698,
      "fcf_margin": -0.020557385990904332,
      "incr_op_margin_yoy": -0.14254224270353302,
      "rev_growth_yoy": 0.9225013816264932,
      "rev_growth_yoy_accel": -0.00899034510175778,
      "fcf_margin_change": -0.016986825541020285
    },
    {
      "date": "2025-03-31T00:00:00",
      "quarter_label": "2025-03 (Q1)",
      "revenue": 297591000,
      "gross_profit": 54528000,
      "operating_income": 15331000,
      "net_income": 1219000,
      "opex": 39197000,
      "cogs": 206063000,
      "rd": null,
      "sga": 34412000,
      "fcf": -59839000,
      "ocf": -7450000,
      "capex": -52389000,
      "gross_margin": 0.18323134772220934,
      "op_margin": 0.05151701496349016,
      "fcf_margin": -0.20107798958973894,
      "incr_op_margin_yoy": -0.23203461553124166,
      "rev_growth_yoy": 0.5445872931015691,
      "rev_growth_yoy_accel": -0.37791408852492414,
      "op_leverage_ratio": 0.09248126452330999,
      "fcf_margin_change": -0.1805206035988346
    },
    {
      "date": "2025-06-30T00:00:00",
      "quarter_label": "2025-06 (Q2)",
      "revenue": 288676000,
      "gross_profit": 52139000,
      "operating_income": 7193000,
      "net_income": null,
      "opex": 44946000,
      "cogs": 195904000,
      "rd": null,
      "sga": 34371000,
      "fcf": 48374000,
      "ocf": 88642000,
      "capex": -40268000,
      "gross_margin": 0.18061425265695796,
      "op_margin": 0.02491720821959567,
      "fcf_margin": 0.16757194917485346,
      "incr_op_margin_yoy": -18.16062176165803,
      "rev_growth_yoy": 0.004027573925806384,
      "rev_growth_yoy_accel": -0.5405597191757626,
      "fcf_margin_change": 0.3686499387645924
    },
    {
      "date": "2025-09-30T00:00:00",
      "quarter_label": "2025-09 (Q3)",
      "revenue": 259613000,
      "gross_profit": 23764000,
      "operating_income": -18538000,
      "net_income": null,
      "opex": 42302000,
      "cogs": 195230000,
      "rd": null,
      "sga": 36322000,
      "fcf": -1359000,
      "ocf": 32447000,
      "capex": -33806000,
      "gross_margin": 0.09153624818479814,
      "op_margin": -0.07140628550958542,
      "fcf_margin": -0.005234714748491023,
      "incr_op_margin_yoy": 0.7535530220209277,
      "rev_growth_yoy": -0.14722731363776714,
      "rev_growth_yoy_accel": -0.15125488756357353,
      "fcf_margin_change": -0.17280666392334448
    }
  ],
  "signals": [
    {
      "quarter": "2025-09 (Q3)",
      "signal": "YoY REVENUE GROWTH DECELERATION",
      "detail": "YoY growth: -14.7% vs prior quarter YoY: +0.4% (decel: -15.1%)",
      "severity": "WARNING"
    },
    {
      "quarter": "2025-06 (Q2)",
      "signal": "FCF TURNED POSITIVE",
      "detail": "FCF margin: -20.1% -> +16.8%",
      "severity": "HIGH"
    },
    {
      "quarter": "2025-06 (Q2)",
      "signal": "YoY REVENUE GROWTH DECELERATION",
      "detail": "YoY growth: +0.4% vs prior quarter YoY: +54.5% (decel: -54.1%)",
      "severity": "WARNING"
    },
    {
      "quarter": "2025-03 (Q1)",
      "signal": "YoY REVENUE GROWTH DECELERATION",
      "detail": "YoY growth: +54.5% vs prior quarter YoY: +92.3% (decel: -37.8%)",
      "severity": "WARNING"
    },
    {
      "quarter": "2024-09 (Q3)",
      "signal": "FCF MARGIN EXPANSION",
      "detail": "FCF margin: -19.1% -> -0.4% (+18.7%)",
      "severity": "MEDIUM"
    },
    {
      "quarter": "2024-09 (Q3)",
      "signal": "YoY REVENUE GROWTH ACCELERATION",
      "detail": "YoY growth: +93.1% vs prior quarter YoY: +77.7% (accel: +15.4%)",
      "severity": "HIGH"
    },
    {
      "quarter": "2024-06 (Q2)",
      "signal": "FCF MARGIN EXPANSION",
      "detail": "FCF margin: -29.0% -> -19.1% (+9.9%)",
      "severity": "MEDIUM"
    },
    {
      "quarter": "2024-06 (Q2)",
      "signal": "OPERATING LEVERAGE",
      "detail": "Rev growth +49.2% vs OpEx growth +10.5% (leverage: 4.7x)",
      "severity": "MEDIUM"
    },
    {
      "quarter": "2024-06 (Q2)",
      "signal": "YoY REVENUE GROWTH ACCELERATION",
      "detail": "YoY growth: +77.7% vs prior quarter YoY: +25.6% (accel: +52.1%)",
      "severity": "HIGH"
    },
    {
      "quarter": "2024-03 (Q1)",
      "signal": "YoY REVENUE GROWTH ACCELERATION",
      "detail": "YoY growth: +25.6% vs prior quarter YoY: -5.8% (accel: +31.4%)",
      "severity": "HIGH"
    },
    {
      "quarter": "2023-12 (Q4)",
      "signal": "YoY REVENUE GROWTH DECELERATION",
      "detail": "YoY growth: -5.8% vs prior quarter YoY: +11.2% (decel: -17.1%)",
      "severity": "WARNING"
    },
    {
      "quarter": "2023-12 (Q4)",
      "signal": "INCREMENTAL MARGIN (YoY)",
      "detail": "YoY Incr OPM: +201.5% vs year-ago OPM: +44.6%",
      "severity": "HIGH"
    },
    {
      "quarter": "2023-06 (Q2)",
      "signal": "FCF TURNED POSITIVE",
      "detail": "FCF margin: -4.4% -> +11.1%",
      "severity": "HIGH"
    },
    {
      "quarter": "2023-03 (Q1)",
      "signal": "GROSS MARGIN INFLECTION",
      "detail": "GM: +52.5% -> +49.9% -> +53.7% (reversal +3.8%)",
      "severity": "MEDIUM"
    }
  ],
  "data_quality": {
    "n_quarters": 13,
    "coverage": {
      "revenue": [
        13,
        13
      ],
      "gross_profit": [
        13,
        13
      ],
      "op_income": [
        13,
        13
      ],
      "fcf": [
        12,
        13
      ]
    },
    "gaps": [],
    "warnings": []
  },
  "market_cap": null,
  "source": "SEC EDGAR",
  "last_updated": "2026-02-02T21:38:09.649888"
}