{
  "ticker": "AEVA",
  "name": "AEVA TECHNOLOGIES, INC.",
  "quarters": [
    {
      "date": "2020-12-31T00:00:00",
      "quarter_label": "2020-12 (Q4)",
      "revenue": 732000,
      "gross_profit": 182000,
      "operating_income": -1894735,
      "net_income": -1844784,
      "opex": 2076735,
      "cogs": 550000,
      "rd": 6214000,
      "sga": null,
      "fcf": -6784000,
      "ocf": -6655000,
      "capex": -129000,
      "gross_margin": 0.24863387978142076,
      "op_margin": -2.5884357923497268,
      "fcf_margin": -9.26775956284153
    },
    {
      "date": "2021-03-31T00:00:00",
      "quarter_label": "2021-03 (Q1)",
      "revenue": 308000,
      "gross_profit": 128000,
      "operating_income": -20127000,
      "net_income": -19458000,
      "opex": 20255000,
      "cogs": 180000,
      "rd": 11379000,
      "sga": null,
      "fcf": -15466000,
      "ocf": -14797000,
      "capex": -669000,
      "gross_margin": 0.4155844155844156,
      "op_margin": -65.34740259740259,
      "fcf_margin": -50.214285714285715,
      "fcf_margin_change": -40.94652615144419
    },
    {
      "date": "2021-06-30T00:00:00",
      "quarter_label": "2021-06 (Q2)",
      "revenue": 2601000,
      "gross_profit": 1179000,
      "operating_income": -24736000,
      "net_income": -24073000,
      "opex": 25915000,
      "cogs": 1422000,
      "rd": 18732000,
      "sga": null,
      "fcf": -19728000,
      "ocf": -19195000,
      "capex": -533000,
      "gross_margin": 0.4532871972318339,
      "op_margin": -9.510188389081122,
      "fcf_margin": -7.58477508650519,
      "op_leverage_ratio": 26.642142971869124,
      "fcf_margin_change": 42.629510627780526
    },
    {
      "date": "2021-09-30T00:00:00",
      "quarter_label": "2021-09 (Q3)",
      "revenue": 3483000,
      "gross_profit": 1182000,
      "operating_income": -27387000,
      "net_income": -26605000,
      "opex": 28569000,
      "cogs": 2301000,
      "rd": 20908000,
      "sga": null,
      "fcf": -24204000,
      "ocf": -23165000,
      "capex": -1039000,
      "gross_margin": 0.33936261843238585,
      "op_margin": -7.863049095607235,
      "fcf_margin": -6.949181739879414,
      "op_leverage_ratio": 3.3111475008018187,
      "fcf_margin_change": 0.6355933466257762
    },
    {
      "date": "2021-12-31T00:00:00",
      "quarter_label": "2021-12 (Q4)",
      "revenue": 2873000,
      "gross_profit": 943000,
      "operating_income": -31936000,
      "net_income": -31742000,
      "opex": 32879000,
      "cogs": 1930000,
      "rd": 23749000,
      "sga": null,
      "fcf": -26557000,
      "ocf": -24948000,
      "capex": -1609000,
      "gross_margin": 0.3282283327532196,
      "op_margin": -11.115906717716673,
      "fcf_margin": -9.243647754959973,
      "incr_op_margin_yoy": -14.031417561886968,
      "rev_growth_yoy": 2.9248633879781423,
      "fcf_margin_change": -2.294466015080559
    },
    {
      "date": "2022-03-31T00:00:00",
      "quarter_label": "2022-03 (Q1)",
      "revenue": 1137000,
      "gross_profit": -238000,
      "operating_income": -34073000,
      "net_income": -33157000,
      "opex": 33835000,
      "cogs": 1375000,
      "rd": 25315000,
      "sga": null,
      "fcf": -27821000,
      "ocf": -26538000,
      "capex": -1283000,
      "gross_margin": -0.20932277924362358,
      "op_margin": -29.9674582233949,
      "fcf_margin": -24.46877748460862,
      "rev_growth_yoy": 2.6915584415584415,
      "rev_growth_yoy_accel": -0.2333049464197008,
      "fcf_margin_change": -15.225129729648646
    },
    {
      "date": "2022-06-30T00:00:00",
      "quarter_label": "2022-06 (Q2)",
      "revenue": 1493000,
      "gross_profit": 502000,
      "operating_income": -35685000,
      "net_income": -34971000,
      "opex": 36187000,
      "cogs": 991000,
      "rd": 25938000,
      "sga": null,
      "fcf": -34022000,
      "ocf": -31433000,
      "capex": -2589000,
      "gross_margin": 0.3362357669122572,
      "op_margin": -23.901540522438044,
      "fcf_margin": -22.787675820495647,
      "incr_op_margin_yoy": 9.881768953068592,
      "rev_growth_yoy": -0.4259900038446751,
      "rev_growth_yoy_accel": -3.1175484454031164,
      "op_leverage_ratio": 4.50420757573038,
      "fcf_margin_change": 1.6811016641129726
    },
    {
      "date": "2022-09-30T00:00:00",
      "quarter_label": "2022-09 (Q3)",
      "revenue": 1374000,
      "gross_profit": -1391000,
      "operating_income": -37802000,
      "net_income": -36503000,
      "opex": 36411000,
      "cogs": 2765000,
      "rd": 26123000,
      "sga": null,
      "fcf": -27217000,
      "ocf": -25122000,
      "capex": -2095000,
      "gross_margin": -1.012372634643377,
      "op_margin": -27.512372634643377,
      "fcf_margin": -19.808588064046578,
      "incr_op_margin_yoy": 4.9383594120436225,
      "rev_growth_yoy": -0.6055124892334195,
      "rev_growth_yoy_accel": -0.17952248538874438,
      "fcf_margin_change": 2.9790877564490685
    },
    {
      "date": "2022-12-31T00:00:00",
      "quarter_label": "2022-12 (Q4)",
      "revenue": 188000,
      "gross_profit": -3128000,
      "operating_income": -44395000,
      "net_income": -42674000,
      "opex": 41267000,
      "cogs": 3316000,
      "rd": 32211000,
      "sga": null,
      "fcf": -28290000,
      "ocf": -26818000,
      "capex": -1472000,
      "gross_margin": -16.638297872340427,
      "op_margin": -236.14361702127658,
      "fcf_margin": -150.4787234042553,
      "incr_op_margin_yoy": 4.640223463687151,
      "rev_growth_yoy": -0.934563174382179,
      "rev_growth_yoy_accel": -0.32905068514875946,
      "fcf_margin_change": -130.67013534020873
    },
    {
      "date": "2023-03-31T00:00:00",
      "quarter_label": "2023-03 (Q1)",
      "revenue": 1148000,
      "gross_profit": -1381000,
      "operating_income": -37266000,
      "net_income": -35174000,
      "opex": 35885000,
      "cogs": 2529000,
      "rd": 25454000,
      "sga": null,
      "fcf": -37287000,
      "ocf": -36012000,
      "capex": -1275000,
      "gross_margin": -1.2029616724738676,
      "op_margin": -32.461672473867594,
      "fcf_margin": -32.47996515679443,
      "rev_growth_yoy": 0.009674582233948988,
      "rev_growth_yoy_accel": 0.944237756616128,
      "op_leverage_ratio": Infinity,
      "fcf_margin_change": 117.99875824746087
    },
    {
      "date": "2023-06-30T00:00:00",
      "quarter_label": "2023-06 (Q2)",
      "revenue": 743000,
      "gross_profit": -1918000,
      "operating_income": -38181000,
      "net_income": -35955000,
      "opex": 36263000,
      "cogs": 2661000,
      "rd": 27065000,
      "sga": null,
      "fcf": -28520000,
      "ocf": -27407000,
      "capex": -1113000,
      "gross_margin": -2.5814266487213997,
      "op_margin": -51.38761776581427,
      "fcf_margin": -38.38492597577389,
      "rev_growth_yoy": -0.5023442732752846,
      "rev_growth_yoy_accel": -0.5120188555092337,
      "fcf_margin_change": -5.904960818979461
    },
    {
      "date": "2023-09-30T00:00:00",
      "quarter_label": "2023-09 (Q3)",
      "revenue": 810000,
      "gross_profit": -1715000,
      "operating_income": -35496000,
      "net_income": -33238000,
      "opex": 33781000,
      "cogs": 2525000,
      "rd": 23787000,
      "sga": null,
      "fcf": -29108000,
      "ocf": -28073000,
      "capex": -1035000,
      "gross_margin": -2.117283950617284,
      "op_margin": -43.82222222222222,
      "fcf_margin": -35.9358024691358,
      "rev_growth_yoy": -0.4104803493449782,
      "rev_growth_yoy_accel": 0.09186392393030646,
      "op_leverage_ratio": Infinity,
      "fcf_margin_change": 2.449123506638088
    },
    {
      "date": "2023-12-31T00:00:00",
      "quarter_label": "2023-12 (Q4)",
      "revenue": 1611000,
      "gross_profit": -872000,
      "operating_income": -36845000,
      "net_income": -44966000,
      "opex": 35973000,
      "cogs": 2483000,
      "rd": 26197000,
      "sga": null,
      "fcf": -30015000,
      "ocf": -27334000,
      "capex": -2681000,
      "gross_margin": -0.5412787088764742,
      "op_margin": -22.87088764742396,
      "fcf_margin": -18.631284916201118,
      "incr_op_margin_yoy": 5.305692199578355,
      "rev_growth_yoy": 7.569148936170213,
      "rev_growth_yoy_accel": 7.979629285515191,
      "op_leverage_ratio": 15.239806366585563,
      "fcf_margin_change": 17.304517552934684
    },
    {
      "date": "2024-03-31T00:00:00",
      "quarter_label": "2024-03 (Q1)",
      "revenue": 2107000,
      "gross_profit": -1392000,
      "operating_income": -37344000,
      "net_income": -35326000,
      "opex": 35952000,
      "cogs": 3499000,
      "rd": 25012000,
      "sga": null,
      "fcf": -32610000,
      "ocf": -30962000,
      "capex": -1648000,
      "gross_margin": -0.6606549596582819,
      "op_margin": -17.72377788324632,
      "fcf_margin": -15.476981490270527,
      "rev_growth_yoy": 0.8353658536585366,
      "rev_growth_yoy_accel": -6.7337830825116765,
      "op_leverage_ratio": Infinity,
      "fcf_margin_change": 3.154303425930591
    },
    {
      "date": "2024-06-30T00:00:00",
      "quarter_label": "2024-06 (Q2)",
      "revenue": 2012000,
      "gross_profit": -848000,
      "operating_income": -48913000,
      "net_income": -43393000,
      "opex": 48065000,
      "cogs": 2860000,
      "rd": 26196000,
      "sga": null,
      "fcf": -29944000,
      "ocf": -29165000,
      "capex": -779000,
      "gross_margin": -0.42147117296222664,
      "op_margin": -24.310636182902584,
      "fcf_margin": -14.882703777335983,
      "incr_op_margin_yoy": -8.45705279747833,
      "rev_growth_yoy": 1.7079407806191118,
      "rev_growth_yoy_accel": 0.8725749269605753,
      "fcf_margin_change": 0.5942777129345433
    },
    {
      "date": "2024-09-30T00:00:00",
      "quarter_label": "2024-09 (Q3)",
      "revenue": 2250000,
      "gross_profit": -721000,
      "operating_income": -37876000,
      "net_income": -37396000,
      "opex": 37155000,
      "cogs": 2971000,
      "rd": 27116000,
      "sga": null,
      "fcf": -26430000,
      "ocf": -25888000,
      "capex": -542000,
      "gross_margin": -0.3204444444444444,
      "op_margin": -16.83377777777778,
      "fcf_margin": -11.746666666666666,
      "incr_op_margin_yoy": -1.6527777777777777,
      "rev_growth_yoy": 1.7777777777777777,
      "rev_growth_yoy_accel": 0.06983699715866587,
      "op_leverage_ratio": Infinity,
      "fcf_margin_change": 3.1360371106693172
    },
    {
      "date": "2024-12-31T00:00:00",
      "quarter_label": "2024-12 (Q4)",
      "revenue": 2696000,
      "gross_profit": -829000,
      "operating_income": -34239000,
      "net_income": -36146000,
      "opex": 33410000,
      "cogs": 3525000,
      "rd": 24343000,
      "sga": null,
      "fcf": -23036000,
      "ocf": -20898000,
      "capex": -2138000,
      "gross_margin": -0.30749258160237386,
      "op_margin": -12.69992581602374,
      "fcf_margin": -8.544510385756677,
      "incr_op_margin_yoy": 2.40184331797235,
      "rev_growth_yoy": 0.6734947237740534,
      "rev_growth_yoy_accel": -1.1042830540037243,
      "op_leverage_ratio": Infinity,
      "fcf_margin_change": 3.202156280909989
    },
    {
      "date": "2025-03-31T00:00:00",
      "quarter_label": "2025-03 (Q1)",
      "revenue": 3368000,
      "gross_profit": 310000,
      "operating_income": -30418000,
      "net_income": -34867000,
      "opex": 30728000,
      "cogs": 3058000,
      "rd": 21569000,
      "sga": null,
      "fcf": -31251000,
      "ocf": -30792000,
      "capex": -459000,
      "gross_margin": 0.09204275534441805,
      "op_margin": -9.03147268408551,
      "fcf_margin": -9.278800475059382,
      "incr_op_margin_yoy": 5.492466296590008,
      "rev_growth_yoy": 0.5984812529663028,
      "rev_growth_yoy_accel": -0.07501347080775056,
      "op_leverage_ratio": Infinity,
      "fcf_margin_change": -0.7342900893027053
    },
    {
      "date": "2025-06-30T00:00:00",
      "quarter_label": "2025-06 (Q2)",
      "revenue": 5511000,
      "gross_profit": -2720000,
      "operating_income": -34923000,
      "net_income": -192742000,
      "opex": 32203000,
      "cogs": 8231000,
      "rd": 22841000,
      "sga": null,
      "fcf": -31190000,
      "ocf": -29824000,
      "capex": -1366000,
      "gross_margin": -0.4935583378697151,
      "op_margin": -6.336962438758846,
      "fcf_margin": -5.6595899110869174,
      "incr_op_margin_yoy": 3.9982852243498144,
      "rev_growth_yoy": 1.739065606361829,
      "rev_growth_yoy_accel": 1.1405843533955262,
      "op_leverage_ratio": 13.255385482507346,
      "fcf_margin_change": 3.619210563972465
    },
    {
      "date": "2025-09-30T00:00:00",
      "quarter_label": "2025-09 (Q3)",
      "revenue": 3579000,
      "gross_profit": 430000,
      "operating_income": -33161000,
      "net_income": 107495000,
      "opex": 33591000,
      "cogs": 3149000,
      "rd": 22164000,
      "sga": null,
      "fcf": -33586000,
      "ocf": -32312000,
      "capex": -1274000,
      "gross_margin": 0.12014529198100028,
      "op_margin": -9.265437272981279,
      "fcf_margin": -9.384185526683432,
      "incr_op_margin_yoy": 3.54778028592927,
      "rev_growth_yoy": 0.5906666666666667,
      "rev_growth_yoy_accel": -1.1483989396951624,
      "fcf_margin_change": -3.724595615596514
    }
  ],
  "signals": [
    {
      "quarter": "2025-09 (Q3)",
      "signal": "GROSS MARGIN INFLECTION",
      "detail": "GM: +9.2% -> -49.4% -> +12.0% (reversal +61.4%)",
      "severity": "HIGH"
    },
    {
      "quarter": "2025-09 (Q3)",
      "signal": "YoY REVENUE GROWTH DECELERATION",
      "detail": "YoY growth: +59.1% vs prior quarter YoY: +173.9% (decel: -114.8%)",
      "severity": "WARNING"
    },
    {
      "quarter": "2025-06 (Q2)",
      "signal": "FCF MARGIN EXPANSION",
      "detail": "FCF margin: -927.9% -> -566.0% (+361.9%)",
      "severity": "MEDIUM"
    },
    {
      "quarter": "2025-06 (Q2)",
      "signal": "OPERATING LEVERAGE",
      "detail": "Rev growth +63.6% vs OpEx growth +4.8% (leverage: 13.3x)",
      "severity": "MEDIUM"
    },
    {
      "quarter": "2025-06 (Q2)",
      "signal": "YoY REVENUE GROWTH ACCELERATION",
      "detail": "YoY growth: +173.9% vs prior quarter YoY: +59.8% (accel: +114.1%)",
      "severity": "HIGH"
    },
    {
      "quarter": "2025-03 (Q1)",
      "signal": "YoY REVENUE GROWTH DECELERATION",
      "detail": "YoY growth: +59.8% vs prior quarter YoY: +67.3% (decel: -7.5%)",
      "severity": "WARNING"
    },
    {
      "quarter": "2024-12 (Q4)",
      "signal": "FCF MARGIN EXPANSION",
      "detail": "FCF margin: -1174.7% -> -854.5% (+320.2%)",
      "severity": "MEDIUM"
    },
    {
      "quarter": "2024-12 (Q4)",
      "signal": "YoY REVENUE GROWTH DECELERATION",
      "detail": "YoY growth: +67.3% vs prior quarter YoY: +177.8% (decel: -110.4%)",
      "severity": "WARNING"
    },
    {
      "quarter": "2024-09 (Q3)",
      "signal": "FCF MARGIN EXPANSION",
      "detail": "FCF margin: -1488.3% -> -1174.7% (+313.6%)",
      "severity": "MEDIUM"
    },
    {
      "quarter": "2024-09 (Q3)",
      "signal": "YoY REVENUE GROWTH ACCELERATION",
      "detail": "YoY growth: +177.8% vs prior quarter YoY: +170.8% (accel: +7.0%)",
      "severity": "MEDIUM"
    },
    {
      "quarter": "2024-06 (Q2)",
      "signal": "FCF MARGIN EXPANSION",
      "detail": "FCF margin: -1547.7% -> -1488.3% (+59.4%)",
      "severity": "MEDIUM"
    },
    {
      "quarter": "2024-06 (Q2)",
      "signal": "GROSS MARGIN INFLECTION",
      "detail": "GM: -54.1% -> -66.1% -> -42.1% (reversal +23.9%)",
      "severity": "HIGH"
    },
    {
      "quarter": "2024-06 (Q2)",
      "signal": "YoY REVENUE GROWTH ACCELERATION",
      "detail": "YoY growth: +170.8% vs prior quarter YoY: +83.5% (accel: +87.3%)",
      "severity": "HIGH"
    },
    {
      "quarter": "2024-03 (Q1)",
      "signal": "FCF MARGIN EXPANSION",
      "detail": "FCF margin: -1863.1% -> -1547.7% (+315.4%)",
      "severity": "MEDIUM"
    },
    {
      "quarter": "2024-03 (Q1)",
      "signal": "YoY REVENUE GROWTH DECELERATION",
      "detail": "YoY growth: +83.5% vs prior quarter YoY: +756.9% (decel: -673.4%)",
      "severity": "WARNING"
    },
    {
      "quarter": "2023-12 (Q4)",
      "signal": "FCF MARGIN EXPANSION",
      "detail": "FCF margin: -3593.6% -> -1863.1% (+1730.5%)",
      "severity": "MEDIUM"
    },
    {
      "quarter": "2023-12 (Q4)",
      "signal": "OPERATING LEVERAGE",
      "detail": "Rev growth +98.9% vs OpEx growth +6.5% (leverage: 15.2x)",
      "severity": "MEDIUM"
    },
    {
      "quarter": "2023-12 (Q4)",
      "signal": "YoY REVENUE GROWTH ACCELERATION",
      "detail": "YoY growth: +756.9% vs prior quarter YoY: -41.0% (accel: +798.0%)",
      "severity": "HIGH"
    },
    {
      "quarter": "2023-09 (Q3)",
      "signal": "FCF MARGIN EXPANSION",
      "detail": "FCF margin: -3838.5% -> -3593.6% (+244.9%)",
      "severity": "MEDIUM"
    },
    {
      "quarter": "2023-09 (Q3)",
      "signal": "GROSS MARGIN INFLECTION",
      "detail": "GM: -120.3% -> -258.1% -> -211.7% (reversal +46.4%)",
      "severity": "HIGH"
    },
    {
      "quarter": "2023-09 (Q3)",
      "signal": "YoY REVENUE GROWTH ACCELERATION",
      "detail": "YoY growth: -41.0% vs prior quarter YoY: -50.2% (accel: +9.2%)",
      "severity": "MEDIUM"
    },
    {
      "quarter": "2023-06 (Q2)",
      "signal": "YoY REVENUE GROWTH DECELERATION",
      "detail": "YoY growth: -50.2% vs prior quarter YoY: +1.0% (decel: -51.2%)",
      "severity": "WARNING"
    },
    {
      "quarter": "2023-03 (Q1)",
      "signal": "FCF MARGIN EXPANSION",
      "detail": "FCF margin: -15047.9% -> -3248.0% (+11799.9%)",
      "severity": "MEDIUM"
    },
    {
      "quarter": "2023-03 (Q1)",
      "signal": "GROSS MARGIN INFLECTION",
      "detail": "GM: -101.2% -> -1663.8% -> -120.3% (reversal +1543.5%)",
      "severity": "HIGH"
    },
    {
      "quarter": "2023-03 (Q1)",
      "signal": "YoY REVENUE GROWTH ACCELERATION",
      "detail": "YoY growth: +1.0% vs prior quarter YoY: -93.5% (accel: +94.4%)",
      "severity": "HIGH"
    },
    {
      "quarter": "2022-12 (Q4)",
      "signal": "YoY REVENUE GROWTH DECELERATION",
      "detail": "YoY growth: -93.5% vs prior quarter YoY: -60.6% (decel: -32.9%)",
      "severity": "WARNING"
    },
    {
      "quarter": "2022-09 (Q3)",
      "signal": "FCF MARGIN EXPANSION",
      "detail": "FCF margin: -2278.8% -> -1980.9% (+297.9%)",
      "severity": "MEDIUM"
    },
    {
      "quarter": "2022-09 (Q3)",
      "signal": "YoY REVENUE GROWTH DECELERATION",
      "detail": "YoY growth: -60.6% vs prior quarter YoY: -42.6% (decel: -18.0%)",
      "severity": "WARNING"
    },
    {
      "quarter": "2022-06 (Q2)",
      "signal": "FCF MARGIN EXPANSION",
      "detail": "FCF margin: -2446.9% -> -2278.8% (+168.1%)",
      "severity": "MEDIUM"
    },
    {
      "quarter": "2022-06 (Q2)",
      "signal": "OPERATING LEVERAGE",
      "detail": "Rev growth +31.3% vs OpEx growth +7.0% (leverage: 4.5x)",
      "severity": "MEDIUM"
    },
    {
      "quarter": "2022-06 (Q2)",
      "signal": "GROSS MARGIN INFLECTION",
      "detail": "GM: +32.8% -> -20.9% -> +33.6% (reversal +54.6%)",
      "severity": "HIGH"
    },
    {
      "quarter": "2022-06 (Q2)",
      "signal": "YoY REVENUE GROWTH DECELERATION",
      "detail": "YoY growth: -42.6% vs prior quarter YoY: +269.2% (decel: -311.8%)",
      "severity": "WARNING"
    },
    {
      "quarter": "2022-03 (Q1)",
      "signal": "YoY REVENUE GROWTH DECELERATION",
      "detail": "YoY growth: +269.2% vs prior quarter YoY: +292.5% (decel: -23.3%)",
      "severity": "WARNING"
    },
    {
      "quarter": "2021-09 (Q3)",
      "signal": "FCF MARGIN EXPANSION",
      "detail": "FCF margin: -758.5% -> -694.9% (+63.6%)",
      "severity": "MEDIUM"
    },
    {
      "quarter": "2021-09 (Q3)",
      "signal": "OPERATING LEVERAGE",
      "detail": "Rev growth +33.9% vs OpEx growth +10.2% (leverage: 3.3x)",
      "severity": "MEDIUM"
    },
    {
      "quarter": "2021-06 (Q2)",
      "signal": "FCF MARGIN EXPANSION",
      "detail": "FCF margin: -5021.4% -> -758.5% (+4263.0%)",
      "severity": "MEDIUM"
    },
    {
      "quarter": "2021-06 (Q2)",
      "signal": "OPERATING LEVERAGE",
      "detail": "Rev growth +744.5% vs OpEx growth +27.9% (leverage: 26.6x)",
      "severity": "MEDIUM"
    }
  ],
  "data_quality": {
    "n_quarters": 20,
    "coverage": {
      "revenue": [
        20,
        20
      ],
      "gross_profit": [
        20,
        20
      ],
      "op_income": [
        20,
        20
      ],
      "fcf": [
        20,
        20
      ]
    },
    "gaps": [],
    "warnings": []
  },
  "market_cap": null,
  "source": "SEC EDGAR",
  "last_updated": "2026-02-02T22:06:01.784855"
}