{
  "ticker": "AGCO",
  "name": "AGCO CORP /DE",
  "quarters": [
    {
      "date": "2020-12-31T00:00:00",
      "quarter_label": "2020-12 (Q4)",
      "revenue": 2717100000,
      "gross_profit": 595600000,
      "operating_income": 178000000,
      "net_income": 135400000,
      "opex": 417600000,
      "cogs": 2121500000,
      "rd": 99900000,
      "sga": 283100000,
      "fcf": 585600000,
      "ocf": 672400000,
      "capex": -86800000,
      "gross_margin": 0.21920429870082073,
      "op_margin": 0.0655110227816422,
      "fcf_margin": 0.21552390416252623
    },
    {
      "date": "2021-03-31T00:00:00",
      "quarter_label": "2021-03 (Q1)",
      "revenue": 2378700000,
      "gross_profit": 570500000,
      "operating_income": 195200000,
      "net_income": 150800000,
      "opex": 375300000,
      "cogs": 1808200000,
      "rd": 96300000,
      "sga": 260600000,
      "fcf": -378800000,
      "ocf": -315300000,
      "capex": -63500000,
      "gross_margin": 0.2398368856938664,
      "op_margin": 0.08206163030226594,
      "fcf_margin": -0.15924664732837265,
      "fcf_margin_change": -0.3747705514908989
    },
    {
      "date": "2021-06-30T00:00:00",
      "quarter_label": "2021-06 (Q2)",
      "revenue": 2879300000,
      "gross_profit": 692400000,
      "operating_income": 290300000,
      "net_income": 282800000,
      "opex": 402100000,
      "cogs": 2186900000,
      "rd": 107200000,
      "sga": 276300000,
      "fcf": 133300000,
      "ocf": 190400000,
      "capex": -57100000,
      "gross_margin": 0.24047511547945682,
      "op_margin": 0.1008231167297607,
      "fcf_margin": 0.046295974716076826,
      "op_leverage_ratio": 2.9471004794416116,
      "fcf_margin_change": 0.20554262204444948
    },
    {
      "date": "2021-09-30T00:00:00",
      "quarter_label": "2021-09 (Q3)",
      "revenue": 2725100000,
      "gross_profit": 626700000,
      "operating_income": 251900000,
      "net_income": 181300000,
      "opex": 374800000,
      "cogs": 2098400000,
      "rd": 92800000,
      "sga": 266100000,
      "fcf": 88300000,
      "ocf": 166400000,
      "capex": -78100000,
      "gross_margin": 0.22997321199222046,
      "op_margin": 0.09243697478991597,
      "fcf_margin": 0.032402480642912186,
      "fcf_margin_change": -0.01389349407316464
    },
    {
      "date": "2021-12-31T00:00:00",
      "quarter_label": "2021-12 (Q4)",
      "revenue": 3155200000,
      "gross_profit": 682700000,
      "operating_income": 264000000,
      "net_income": 282100000,
      "opex": 418700000,
      "cogs": 2472500000,
      "rd": 109500000,
      "sga": 285200000,
      "fcf": 547600000,
      "ocf": 618700000,
      "capex": -71100000,
      "gross_margin": 0.21637297160243407,
      "op_margin": 0.08367139959432049,
      "fcf_margin": 0.1735547667342799,
      "incr_op_margin_yoy": 0.19630221410636842,
      "rev_growth_yoy": 0.16123808472268228,
      "op_leverage_ratio": 1.3474791713146053,
      "fcf_margin_change": 0.14115228609136773
    },
    {
      "date": "2022-03-31T00:00:00",
      "quarter_label": "2022-03 (Q1)",
      "revenue": 2685700000,
      "gross_profit": 631300000,
      "operating_income": 204000000,
      "net_income": 151800000,
      "opex": 427300000,
      "cogs": 2054400000,
      "rd": 100300000,
      "sga": 271100000,
      "fcf": -642800000,
      "ocf": -576500000,
      "capex": -66300000,
      "gross_margin": 0.2350597609561753,
      "op_margin": 0.07595785083963212,
      "fcf_margin": -0.23934169862605653,
      "incr_op_margin_yoy": 0.028664495114006514,
      "rev_growth_yoy": 0.1290620927397318,
      "rev_growth_yoy_accel": -0.032175991982950486,
      "fcf_margin_change": -0.4128964653603364
    },
    {
      "date": "2022-06-30T00:00:00",
      "quarter_label": "2022-06 (Q2)",
      "revenue": 2945200000,
      "gross_profit": 690500000,
      "operating_income": 263500000,
      "net_income": 177700000,
      "opex": 427000000,
      "cogs": 2254700000,
      "rd": 107100000,
      "sga": 302500000,
      "fcf": -62600000,
      "ocf": 10300000,
      "capex": -72900000,
      "gross_margin": 0.23444927339399702,
      "op_margin": 0.08946760831182941,
      "fcf_margin": -0.021254923264973517,
      "incr_op_margin_yoy": -0.40667678300455234,
      "rev_growth_yoy": 0.022887507380266035,
      "rev_growth_yoy_accel": -0.10617458535946575,
      "op_leverage_ratio": Infinity,
      "fcf_margin_change": 0.218086775361083
    },
    {
      "date": "2022-09-30T00:00:00",
      "quarter_label": "2022-09 (Q3)",
      "revenue": 3121600000,
      "gross_profit": 738900000,
      "operating_income": 332100000,
      "net_income": 237900000,
      "opex": 406800000,
      "cogs": 2382700000,
      "rd": 104700000,
      "sga": 287500000,
      "fcf": 139800000,
      "ocf": 271100000,
      "capex": -131300000,
      "gross_margin": 0.23670553562275756,
      "op_margin": 0.10638774987186059,
      "fcf_margin": 0.044784725781650436,
      "incr_op_margin_yoy": 0.20226986128625474,
      "rev_growth_yoy": 0.14549924773402811,
      "rev_growth_yoy_accel": 0.12261174035376207,
      "op_leverage_ratio": Infinity,
      "fcf_margin_change": 0.06603964904662396
    },
    {
      "date": "2022-12-31T00:00:00",
      "quarter_label": "2022-12 (Q4)",
      "revenue": 3898900000,
      "gross_profit": 940600000,
      "operating_income": 465800000,
      "net_income": 322200000,
      "opex": 474800000,
      "cogs": 2958300000,
      "rd": 132100000,
      "sga": 325100000,
      "fcf": 1015500000,
      "ocf": 1133300000,
      "capex": -117800000,
      "gross_margin": 0.24124753135499757,
      "op_margin": 0.1194695939880479,
      "fcf_margin": 0.26045807791941317,
      "incr_op_margin_yoy": 0.27134597283851014,
      "rev_growth_yoy": 0.23570613590263692,
      "rev_growth_yoy_accel": 0.0902068881686088,
      "op_leverage_ratio": 1.4896472774142973,
      "fcf_margin_change": 0.21567335213776273
    },
    {
      "date": "2023-03-31T00:00:00",
      "quarter_label": "2023-03 (Q1)",
      "revenue": 3333500000,
      "gross_profit": 854900000,
      "operating_income": 387300000,
      "net_income": 232600000,
      "opex": 467600000,
      "cogs": 2478600000,
      "rd": 119600000,
      "sga": 330300000,
      "fcf": -682400000,
      "ocf": -557100000,
      "capex": -125300000,
      "gross_margin": 0.25645717714114297,
      "op_margin": 0.11618419079046048,
      "fcf_margin": -0.20470976451177442,
      "incr_op_margin_yoy": 0.2829577029947515,
      "rev_growth_yoy": 0.24120341065643966,
      "rev_growth_yoy_accel": 0.005497274753802739,
      "fcf_margin_change": -0.4651678424311876
    },
    {
      "date": "2023-06-30T00:00:00",
      "quarter_label": "2023-06 (Q2)",
      "revenue": 3822700000,
      "gross_profit": 1005700000,
      "operating_income": 496400000,
      "net_income": 319200000,
      "opex": 509300000,
      "cogs": 2817000000,
      "rd": 138800000,
      "sga": 349300000,
      "fcf": 80400000,
      "ocf": 192100000,
      "capex": -111700000,
      "gross_margin": 0.2630863002589793,
      "op_margin": 0.12985586104062574,
      "fcf_margin": 0.021032254689094095,
      "incr_op_margin_yoy": 0.2654131054131054,
      "rev_growth_yoy": 0.2979424147765856,
      "rev_growth_yoy_accel": 0.05673900412014596,
      "op_leverage_ratio": 1.6456005976679582,
      "fcf_margin_change": 0.2257420192008685
    },
    {
      "date": "2023-09-30T00:00:00",
      "quarter_label": "2023-09 (Q3)",
      "revenue": 3455500000,
      "gross_profit": 934000000,
      "operating_income": 423600000,
      "net_income": 280600000,
      "opex": 510400000,
      "cogs": 2521500000,
      "rd": 139600000,
      "sga": 353600000,
      "fcf": 447000000,
      "ocf": 567700000,
      "capex": -120700000,
      "gross_margin": 0.2702937346259586,
      "op_margin": 0.12258717985819707,
      "fcf_margin": 0.12935899290985386,
      "incr_op_margin_yoy": 0.27403414195867026,
      "rev_growth_yoy": 0.10696437724243978,
      "rev_growth_yoy_accel": -0.19097803753414583,
      "fcf_margin_change": 0.10832673822075978
    },
    {
      "date": "2023-12-31T00:00:00",
      "quarter_label": "2023-12 (Q4)",
      "revenue": 3800700000,
      "gross_profit": 982800000,
      "operating_income": 393100000,
      "net_income": 339000000,
      "opex": 589700000,
      "cogs": 2817900000,
      "rd": 22900000,
      "sga": 421300000,
      "fcf": 740000000,
      "ocf": 900400000,
      "capex": -160400000,
      "gross_margin": 0.2585839450627516,
      "op_margin": 0.10342831583655643,
      "fcf_margin": 0.19470097613597495,
      "incr_op_margin_yoy": 0.7403258655804481,
      "rev_growth_yoy": -0.02518659108979456,
      "rev_growth_yoy_accel": -0.13215096833223433,
      "op_leverage_ratio": 0.6429798575766871,
      "fcf_margin_change": 0.06534198322612109
    },
    {
      "date": "2024-03-31T00:00:00",
      "quarter_label": "2024-03 (Q1)",
      "revenue": 2928700000,
      "gross_profit": 769800000,
      "operating_income": 273600000,
      "net_income": 168000000,
      "opex": 496200000,
      "cogs": 2158900000,
      "rd": null,
      "sga": 350400000,
      "fcf": -465000000,
      "ocf": -370000000,
      "capex": -95000000,
      "gross_margin": 0.262846996961109,
      "op_margin": 0.09342028886536688,
      "fcf_margin": -0.15877351726021785,
      "incr_op_margin_yoy": 0.2808794466403162,
      "rev_growth_yoy": -0.12143392830358482,
      "rev_growth_yoy_accel": -0.09624733721379027,
      "fcf_margin_change": -0.3534744933961928
    },
    {
      "date": "2024-06-30T00:00:00",
      "quarter_label": "2024-06 (Q2)",
      "revenue": 3246600000,
      "gross_profit": 837500000,
      "operating_income": -241700000,
      "net_income": -367100000,
      "opex": 1079200000,
      "cogs": 2409100000,
      "rd": null,
      "sga": 379800000,
      "fcf": 137500000,
      "ocf": 235500000,
      "capex": -98000000,
      "gross_margin": 0.25796217581469844,
      "op_margin": -0.07444711390377626,
      "fcf_margin": 0.04235199901435348,
      "incr_op_margin_yoy": 1.2812011803506336,
      "rev_growth_yoy": -0.15070499908441679,
      "rev_growth_yoy_accel": -0.029271070780831965,
      "op_leverage_ratio": 0.09238550686730092,
      "fcf_margin_change": 0.20112551627457131
    },
    {
      "date": "2024-09-30T00:00:00",
      "quarter_label": "2024-09 (Q3)",
      "revenue": 2599300000,
      "gross_profit": 603100000,
      "operating_income": 114800000,
      "net_income": 30000000,
      "opex": 488300000,
      "cogs": 1996200000,
      "rd": null,
      "sga": 344300000,
      "fcf": -59800000,
      "ocf": 26500000,
      "capex": -86300000,
      "gross_margin": 0.2320240064632786,
      "op_margin": 0.04416573692917324,
      "fcf_margin": -0.023006193975301042,
      "incr_op_margin_yoy": 0.36066339640270967,
      "rev_growth_yoy": -0.2477789031978006,
      "rev_growth_yoy_accel": -0.09707390411338382,
      "fcf_margin_change": -0.06535819298965452
    },
    {
      "date": "2024-12-31T00:00:00",
      "quarter_label": "2024-12 (Q4)",
      "revenue": 2887300000,
      "gross_profit": 688700000,
      "operating_income": -268800000,
      "net_income": -255700000,
      "opex": 957500000,
      "cogs": 2198600000,
      "rd": null,
      "sga": 323200000,
      "fcf": 683900000,
      "ocf": 797900000,
      "capex": -114000000,
      "gross_margin": 0.23852734388529076,
      "op_margin": -0.09309735739271985,
      "fcf_margin": 0.23686489107470649,
      "incr_op_margin_yoy": 0.7246551346617035,
      "rev_growth_yoy": -0.24032415081432368,
      "rev_growth_yoy_accel": 0.007454752383476926,
      "op_leverage_ratio": 0.11530942375494957,
      "fcf_margin_change": 0.25987108505000756
    },
    {
      "date": "2025-03-31T00:00:00",
      "quarter_label": "2025-03 (Q1)",
      "revenue": 2050500000,
      "gross_profit": 520600000,
      "operating_income": 49400000,
      "net_income": 10500000,
      "opex": 471200000,
      "cogs": 1529900000,
      "rd": null,
      "sga": 325800000,
      "fcf": -260400000,
      "ocf": -212200000,
      "capex": -48200000,
      "gross_margin": 0.25388929529383075,
      "op_margin": 0.024091684954889052,
      "fcf_margin": -0.12699341623994148,
      "incr_op_margin_yoy": 0.2552949214301981,
      "rev_growth_yoy": -0.2998600061460716,
      "rev_growth_yoy_accel": -0.05953585533174793,
      "fcf_margin_change": -0.36385830731464797
    },
    {
      "date": "2025-06-30T00:00:00",
      "quarter_label": "2025-06 (Q2)",
      "revenue": 2635000000,
      "gross_profit": 658600000,
      "operating_income": 164000000,
      "net_income": 314800000,
      "opex": 494600000,
      "cogs": 1976400000,
      "rd": null,
      "sga": 326400000,
      "fcf": 323500000,
      "ocf": 365700000,
      "capex": -42200000,
      "gross_margin": 0.24994307400379506,
      "op_margin": 0.06223908918406072,
      "fcf_margin": 0.12277039848197344,
      "incr_op_margin_yoy": -0.6633420536298235,
      "rev_growth_yoy": -0.18838169161584425,
      "rev_growth_yoy_accel": 0.11147831453022736,
      "op_leverage_ratio": 5.74003005312442,
      "fcf_margin_change": 0.24976381472191492
    },
    {
      "date": "2025-09-30T00:00:00",
      "quarter_label": "2025-09 (Q3)",
      "revenue": 2476300000,
      "gross_profit": 646500000,
      "operating_income": 151600000,
      "net_income": 305700000,
      "opex": 494900000,
      "cogs": 1829800000,
      "rd": null,
      "sga": 340800000,
      "fcf": 2100000,
      "ocf": 71000000,
      "capex": -68900000,
      "gross_margin": 0.26107499091386344,
      "op_margin": 0.06122036909905908,
      "fcf_margin": 0.0008480394136413197,
      "incr_op_margin_yoy": -0.2991869918699187,
      "rev_growth_yoy": -0.047320432424114184,
      "rev_growth_yoy_accel": 0.14106125919173007,
      "fcf_margin_change": -0.12192235906833211
    }
  ],
  "signals": [
    {
      "quarter": "2025-09 (Q3)",
      "signal": "YoY REVENUE GROWTH ACCELERATION",
      "detail": "YoY growth: -4.7% vs prior quarter YoY: -18.8% (accel: +14.1%)",
      "severity": "MEDIUM"
    },
    {
      "quarter": "2025-06 (Q2)",
      "signal": "FCF TURNED POSITIVE",
      "detail": "FCF margin: -12.7% -> +12.3%",
      "severity": "HIGH"
    },
    {
      "quarter": "2025-06 (Q2)",
      "signal": "OPERATING LEVERAGE",
      "detail": "Rev growth +28.5% vs OpEx growth +5.0% (leverage: 5.7x)",
      "severity": "MEDIUM"
    },
    {
      "quarter": "2025-06 (Q2)",
      "signal": "YoY REVENUE GROWTH ACCELERATION",
      "detail": "YoY growth: -18.8% vs prior quarter YoY: -30.0% (accel: +11.1%)",
      "severity": "MEDIUM"
    },
    {
      "quarter": "2025-06 (Q2)",
      "signal": "OP MARGIN TURNED POSITIVE (YoY)",
      "detail": "Op margin: -7.4% (year-ago) -> +6.2%",
      "severity": "HIGH"
    },
    {
      "quarter": "2025-03 (Q1)",
      "signal": "YoY REVENUE GROWTH DECELERATION",
      "detail": "YoY growth: -30.0% vs prior quarter YoY: -24.0% (decel: -6.0%)",
      "severity": "WARNING"
    },
    {
      "quarter": "2025-03 (Q1)",
      "signal": "INCREMENTAL MARGIN (YoY)",
      "detail": "YoY Incr OPM: +25.5% vs year-ago OPM: +9.3%",
      "severity": "MEDIUM"
    },
    {
      "quarter": "2025-03 (Q1)",
      "signal": "OP MARGIN TURNED POSITIVE (QoQ)",
      "detail": "Op margin: -9.3% -> +2.4%",
      "severity": "HIGH"
    },
    {
      "quarter": "2024-12 (Q4)",
      "signal": "FCF TURNED POSITIVE",
      "detail": "FCF margin: -2.3% -> +23.7%",
      "severity": "HIGH"
    },
    {
      "quarter": "2024-09 (Q3)",
      "signal": "YoY REVENUE GROWTH DECELERATION",
      "detail": "YoY growth: -24.8% vs prior quarter YoY: -15.1% (decel: -9.7%)",
      "severity": "WARNING"
    },
    {
      "quarter": "2024-09 (Q3)",
      "signal": "INCREMENTAL MARGIN (YoY)",
      "detail": "YoY Incr OPM: +36.1% vs year-ago OPM: +12.3%",
      "severity": "HIGH"
    },
    {
      "quarter": "2024-09 (Q3)",
      "signal": "OP MARGIN TURNED POSITIVE (QoQ)",
      "detail": "Op margin: -7.4% -> +4.4%",
      "severity": "HIGH"
    },
    {
      "quarter": "2024-06 (Q2)",
      "signal": "FCF TURNED POSITIVE",
      "detail": "FCF margin: -15.9% -> +4.2%",
      "severity": "HIGH"
    },
    {
      "quarter": "2024-03 (Q1)",
      "signal": "YoY REVENUE GROWTH DECELERATION",
      "detail": "YoY growth: -12.1% vs prior quarter YoY: -2.5% (decel: -9.6%)",
      "severity": "WARNING"
    },
    {
      "quarter": "2024-03 (Q1)",
      "signal": "INCREMENTAL MARGIN (YoY)",
      "detail": "YoY Incr OPM: +28.1% vs year-ago OPM: +11.6%",
      "severity": "MEDIUM"
    },
    {
      "quarter": "2023-12 (Q4)",
      "signal": "FCF MARGIN EXPANSION",
      "detail": "FCF margin: +12.9% -> +19.5% (+6.5%)",
      "severity": "MEDIUM"
    },
    {
      "quarter": "2023-12 (Q4)",
      "signal": "YoY REVENUE GROWTH DECELERATION",
      "detail": "YoY growth: -2.5% vs prior quarter YoY: +10.7% (decel: -13.2%)",
      "severity": "WARNING"
    },
    {
      "quarter": "2023-12 (Q4)",
      "signal": "INCREMENTAL MARGIN (YoY)",
      "detail": "YoY Incr OPM: +74.0% vs year-ago OPM: +11.9%",
      "severity": "HIGH"
    },
    {
      "quarter": "2023-09 (Q3)",
      "signal": "FCF MARGIN EXPANSION",
      "detail": "FCF margin: +2.1% -> +12.9% (+10.8%)",
      "severity": "MEDIUM"
    },
    {
      "quarter": "2023-09 (Q3)",
      "signal": "YoY REVENUE GROWTH DECELERATION",
      "detail": "YoY growth: +10.7% vs prior quarter YoY: +29.8% (decel: -19.1%)",
      "severity": "WARNING"
    },
    {
      "quarter": "2023-09 (Q3)",
      "signal": "INCREMENTAL MARGIN (YoY)",
      "detail": "YoY Incr OPM: +27.4% vs year-ago OPM: +10.6%",
      "severity": "MEDIUM"
    },
    {
      "quarter": "2023-06 (Q2)",
      "signal": "FCF TURNED POSITIVE",
      "detail": "FCF margin: -20.5% -> +2.1%",
      "severity": "HIGH"
    },
    {
      "quarter": "2023-06 (Q2)",
      "signal": "OPERATING LEVERAGE",
      "detail": "Rev growth +14.7% vs OpEx growth +8.9% (leverage: 1.6x)",
      "severity": "MEDIUM"
    },
    {
      "quarter": "2023-06 (Q2)",
      "signal": "YoY REVENUE GROWTH ACCELERATION",
      "detail": "YoY growth: +29.8% vs prior quarter YoY: +24.1% (accel: +5.7%)",
      "severity": "MEDIUM"
    },
    {
      "quarter": "2023-06 (Q2)",
      "signal": "INCREMENTAL MARGIN (YoY)",
      "detail": "YoY Incr OPM: +26.5% vs year-ago OPM: +8.9%",
      "severity": "MEDIUM"
    },
    {
      "quarter": "2023-03 (Q1)",
      "signal": "INCREMENTAL MARGIN (YoY)",
      "detail": "YoY Incr OPM: +28.3% vs year-ago OPM: +7.6%",
      "severity": "HIGH"
    },
    {
      "quarter": "2022-12 (Q4)",
      "signal": "FCF MARGIN EXPANSION",
      "detail": "FCF margin: +4.5% -> +26.0% (+21.6%)",
      "severity": "MEDIUM"
    },
    {
      "quarter": "2022-12 (Q4)",
      "signal": "YoY REVENUE GROWTH ACCELERATION",
      "detail": "YoY growth: +23.6% vs prior quarter YoY: +14.5% (accel: +9.0%)",
      "severity": "MEDIUM"
    },
    {
      "quarter": "2022-12 (Q4)",
      "signal": "INCREMENTAL MARGIN (YoY)",
      "detail": "YoY Incr OPM: +27.1% vs year-ago OPM: +8.4%",
      "severity": "MEDIUM"
    },
    {
      "quarter": "2022-09 (Q3)",
      "signal": "FCF TURNED POSITIVE",
      "detail": "FCF margin: -2.1% -> +4.5%",
      "severity": "HIGH"
    },
    {
      "quarter": "2022-09 (Q3)",
      "signal": "YoY REVENUE GROWTH ACCELERATION",
      "detail": "YoY growth: +14.5% vs prior quarter YoY: +2.3% (accel: +12.3%)",
      "severity": "MEDIUM"
    },
    {
      "quarter": "2022-09 (Q3)",
      "signal": "INCREMENTAL MARGIN (YoY)",
      "detail": "YoY Incr OPM: +20.2% vs year-ago OPM: +9.2%",
      "severity": "MEDIUM"
    },
    {
      "quarter": "2022-06 (Q2)",
      "signal": "FCF MARGIN EXPANSION",
      "detail": "FCF margin: -23.9% -> -2.1% (+21.8%)",
      "severity": "MEDIUM"
    },
    {
      "quarter": "2022-06 (Q2)",
      "signal": "YoY REVENUE GROWTH DECELERATION",
      "detail": "YoY growth: +2.3% vs prior quarter YoY: +12.9% (decel: -10.6%)",
      "severity": "WARNING"
    },
    {
      "quarter": "2021-12 (Q4)",
      "signal": "FCF MARGIN EXPANSION",
      "detail": "FCF margin: +3.2% -> +17.4% (+14.1%)",
      "severity": "MEDIUM"
    },
    {
      "quarter": "2021-12 (Q4)",
      "signal": "INCREMENTAL MARGIN (YoY)",
      "detail": "YoY Incr OPM: +19.6% vs year-ago OPM: +6.6%",
      "severity": "MEDIUM"
    },
    {
      "quarter": "2021-06 (Q2)",
      "signal": "FCF TURNED POSITIVE",
      "detail": "FCF margin: -15.9% -> +4.6%",
      "severity": "HIGH"
    },
    {
      "quarter": "2021-06 (Q2)",
      "signal": "OPERATING LEVERAGE",
      "detail": "Rev growth +21.0% vs OpEx growth +7.1% (leverage: 2.9x)",
      "severity": "MEDIUM"
    }
  ],
  "data_quality": {
    "n_quarters": 20,
    "coverage": {
      "revenue": [
        20,
        20
      ],
      "gross_profit": [
        20,
        20
      ],
      "op_income": [
        20,
        20
      ],
      "fcf": [
        20,
        20
      ]
    },
    "gaps": [],
    "warnings": []
  },
  "market_cap": null,
  "source": "SEC EDGAR",
  "last_updated": "2026-02-02T20:44:10.644023",
  "sector": "Industrials",
  "industry": "Farm & Heavy Construction Machinery"
}