{
  "ticker": "AGEN",
  "name": "AGENUS INC.",
  "quarters": [
    {
      "date": "2020-12-31T00:00:00",
      "quarter_label": "2020-12 (Q4)",
      "revenue": 31265000,
      "gross_profit": 30461000,
      "operating_income": -21708000,
      "net_income": -37730000,
      "opex": 52169000,
      "cogs": 804000,
      "rd": 35569000,
      "sga": null,
      "fcf": -36424000,
      "ocf": -35590000,
      "capex": -834000,
      "gross_margin": 0.9742843435151127,
      "op_margin": -0.6943227250919558,
      "fcf_margin": -1.1650087957780266
    },
    {
      "date": "2021-03-31T00:00:00",
      "quarter_label": "2021-03 (Q1)",
      "revenue": 11719000,
      "gross_profit": 10614000,
      "operating_income": -41371000,
      "net_income": null,
      "opex": 51985000,
      "cogs": 1105000,
      "rd": 36677000,
      "sga": null,
      "fcf": -42940000,
      "ocf": -42744000,
      "capex": -196000,
      "gross_margin": 0.9057086782148648,
      "op_margin": -3.5302500213328782,
      "fcf_margin": -3.6641351651164773,
      "fcf_margin_change": -2.499126369338451
    },
    {
      "date": "2021-06-30T00:00:00",
      "quarter_label": "2021-06 (Q2)",
      "revenue": 10730000,
      "gross_profit": 10063000,
      "operating_income": -66395000,
      "net_income": null,
      "opex": 76458000,
      "cogs": 667000,
      "rd": 45508000,
      "sga": null,
      "fcf": -57827000,
      "ocf": -55557000,
      "capex": -2270000,
      "gross_margin": 0.9378378378378378,
      "op_margin": -6.187791239515377,
      "fcf_margin": -5.38928238583411,
      "fcf_margin_change": -1.7251472207176328
    },
    {
      "date": "2021-09-30T00:00:00",
      "quarter_label": "2021-09 (Q3)",
      "revenue": 252954000,
      "gross_profit": 252137000,
      "operating_income": 187540000,
      "net_income": null,
      "opex": 64597000,
      "cogs": 817000,
      "rd": 42937000,
      "sga": null,
      "fcf": 108987000,
      "ocf": 131373000,
      "capex": -22386000,
      "gross_margin": 0.9967701637451869,
      "op_margin": 0.741399622065672,
      "fcf_margin": 0.4308569937617116,
      "op_leverage_ratio": Infinity,
      "fcf_margin_change": 5.820139379595822
    },
    {
      "date": "2021-12-31T00:00:00",
      "quarter_label": "2021-12 (Q4)",
      "revenue": 20261000,
      "gross_profit": 19380000,
      "operating_income": -54027000,
      "net_income": null,
      "opex": 73407000,
      "cogs": 881000,
      "rd": 53486000,
      "sga": null,
      "fcf": -31889000,
      "ocf": -22927000,
      "capex": -8962000,
      "gross_margin": 0.9565174473125709,
      "op_margin": -2.6665515028873203,
      "fcf_margin": -1.5739104683875427,
      "incr_op_margin_yoy": 2.937022900763359,
      "rev_growth_yoy": -0.35195905965136737,
      "fcf_margin_change": -2.004767462149254
    },
    {
      "date": "2022-03-31T00:00:00",
      "quarter_label": "2022-03 (Q1)",
      "revenue": 25941000,
      "gross_profit": 25398000,
      "operating_income": -35461000,
      "net_income": null,
      "opex": 60859000,
      "cogs": 543000,
      "rd": 42442000,
      "sga": null,
      "fcf": -56935000,
      "ocf": -52391000,
      "capex": -4544000,
      "gross_margin": 0.979067884815543,
      "op_margin": -1.3669866234917698,
      "fcf_margin": -2.1947881731621757,
      "incr_op_margin_yoy": 0.4155533680213753,
      "rev_growth_yoy": 1.2135847768580936,
      "rev_growth_yoy_accel": 1.565543836509461,
      "op_leverage_ratio": Infinity,
      "fcf_margin_change": -0.620877704774633
    },
    {
      "date": "2022-06-30T00:00:00",
      "quarter_label": "2022-06 (Q2)",
      "revenue": 20926000,
      "gross_profit": 18902000,
      "operating_income": -44565000,
      "net_income": null,
      "opex": 63467000,
      "cogs": 2024000,
      "rd": 44960000,
      "sga": null,
      "fcf": -61905000,
      "ocf": -43453000,
      "capex": -18452000,
      "gross_margin": 0.9032782184841823,
      "op_margin": -2.1296473286820223,
      "fcf_margin": -2.9582815636050848,
      "incr_op_margin_yoy": 2.1410357002746174,
      "rev_growth_yoy": 0.9502329916123019,
      "rev_growth_yoy_accel": -0.2633517852457917,
      "fcf_margin_change": -0.7634933904429091
    },
    {
      "date": "2022-09-30T00:00:00",
      "quarter_label": "2022-09 (Q3)",
      "revenue": 22772000,
      "gross_profit": 22464000,
      "operating_income": -41645000,
      "net_income": null,
      "opex": 64109000,
      "cogs": 308000,
      "rd": 46011000,
      "sga": null,
      "fcf": -47911000,
      "ocf": -32191000,
      "capex": -15720000,
      "gross_margin": 0.9864746179518707,
      "op_margin": -1.8287809590725452,
      "fcf_margin": -2.103943439311435,
      "incr_op_margin_yoy": 0.995668644811497,
      "rev_growth_yoy": -0.9099757268119896,
      "rev_growth_yoy_accel": -1.8602087184242915,
      "op_leverage_ratio": 8.720841993876657,
      "fcf_margin_change": 0.8543381242936499
    },
    {
      "date": "2022-12-31T00:00:00",
      "quarter_label": "2022-12 (Q4)",
      "revenue": 28386000,
      "gross_profit": 20693000,
      "operating_income": -57757000,
      "net_income": null,
      "opex": 78450000,
      "cogs": 7693000,
      "rd": 53279000,
      "sga": null,
      "fcf": -61684000,
      "ocf": -47338000,
      "capex": -14346000,
      "gross_margin": 0.7289861199182696,
      "op_margin": -2.0347002043260765,
      "fcf_margin": -2.173043049390545,
      "incr_op_margin_yoy": -0.4590769230769231,
      "rev_growth_yoy": 0.4010167316519422,
      "rev_growth_yoy_accel": 1.3109924584639319,
      "op_leverage_ratio": 1.1020741098539204,
      "fcf_margin_change": -0.06909961007910992
    },
    {
      "date": "2023-03-31T00:00:00",
      "quarter_label": "2023-03 (Q1)",
      "revenue": 22902000,
      "gross_profit": 20608000,
      "operating_income": -54341000,
      "net_income": null,
      "opex": 74949000,
      "cogs": 2294000,
      "rd": 57118000,
      "sga": null,
      "fcf": -60368000,
      "ocf": -58526000,
      "capex": -1842000,
      "gross_margin": 0.8998340756265828,
      "op_margin": -2.372762204174308,
      "fcf_margin": -2.6359269932756964,
      "incr_op_margin_yoy": 6.21256992431721,
      "rev_growth_yoy": -0.11715045680582861,
      "rev_growth_yoy_accel": -0.5181671884577708,
      "fcf_margin_change": -0.4628839438851515
    },
    {
      "date": "2023-06-30T00:00:00",
      "quarter_label": "2023-06 (Q2)",
      "revenue": 25296000,
      "gross_profit": 25042000,
      "operating_income": -54666000,
      "net_income": null,
      "opex": 79708000,
      "cogs": 254000,
      "rd": 59285000,
      "sga": null,
      "fcf": -64480000,
      "ocf": -60043000,
      "capex": -4437000,
      "gross_margin": 0.9899588867805187,
      "op_margin": -2.1610531309297913,
      "fcf_margin": -2.549019607843137,
      "incr_op_margin_yoy": -2.311441647597254,
      "rev_growth_yoy": 0.208831119181879,
      "rev_growth_yoy_accel": 0.3259815759877076,
      "op_leverage_ratio": 1.6462692779666595,
      "fcf_margin_change": 0.08690738543255927
    },
    {
      "date": "2023-09-30T00:00:00",
      "quarter_label": "2023-09 (Q3)",
      "revenue": 24314000,
      "gross_profit": 24011000,
      "operating_income": -46341000,
      "net_income": null,
      "opex": 70352000,
      "cogs": 303000,
      "rd": 51443000,
      "sga": null,
      "fcf": -68683000,
      "ocf": -65231000,
      "capex": -3452000,
      "gross_margin": 0.9875380439253105,
      "op_margin": -1.9059389652052316,
      "fcf_margin": -2.824833429299992,
      "incr_op_margin_yoy": -3.0453955901426717,
      "rev_growth_yoy": 0.06771473739680309,
      "rev_growth_yoy_accel": -0.1411163817850759,
      "fcf_margin_change": -0.27581382145685485
    },
    {
      "date": "2023-12-31T00:00:00",
      "quarter_label": "2023-12 (Q4)",
      "revenue": 83801000,
      "gross_profit": 83541000,
      "operating_income": -4201000,
      "net_income": null,
      "opex": 87742000,
      "cogs": 260000,
      "rd": 66723000,
      "sga": null,
      "fcf": -40625000,
      "ocf": -40402000,
      "capex": -223000,
      "gross_margin": 0.996897411725397,
      "op_margin": -0.050130666698488084,
      "fcf_margin": -0.48477941790670753,
      "incr_op_margin_yoy": 0.9664531264098168,
      "rev_growth_yoy": 1.952194743887832,
      "rev_growth_yoy_accel": 1.884480006491029,
      "op_leverage_ratio": 9.897887684999917,
      "fcf_margin_change": 2.3400540113932844
    },
    {
      "date": "2024-03-31T00:00:00",
      "quarter_label": "2024-03 (Q1)",
      "revenue": 28005000,
      "gross_profit": 27898000,
      "operating_income": -32882000,
      "net_income": null,
      "opex": 60780000,
      "cogs": 107000,
      "rd": 43925000,
      "sga": null,
      "fcf": -38226000,
      "ocf": -38191000,
      "capex": -35000,
      "gross_margin": 0.9961792537046956,
      "op_margin": -1.174147473665417,
      "fcf_margin": -1.3649705409748258,
      "incr_op_margin_yoy": 4.20517342739565,
      "rev_growth_yoy": 0.22281896777574012,
      "rev_growth_yoy_accel": -1.7293757761120918,
      "fcf_margin_change": -0.8801911230681183
    },
    {
      "date": "2024-06-30T00:00:00",
      "quarter_label": "2024-06 (Q2)",
      "revenue": 23509000,
      "gross_profit": 23394000,
      "operating_income": -30193000,
      "net_income": null,
      "opex": 53587000,
      "cogs": 115000,
      "rd": 36771000,
      "sga": null,
      "fcf": -38641000,
      "ocf": -38180000,
      "capex": -461000,
      "gross_margin": 0.9951082564124378,
      "op_margin": -1.284316644689268,
      "fcf_margin": -1.643668382321664,
      "incr_op_margin_yoy": -13.695019585898153,
      "rev_growth_yoy": -0.07064358001265023,
      "rev_growth_yoy_accel": -0.2934625477883903,
      "fcf_margin_change": -0.27869784134683817
    },
    {
      "date": "2024-09-30T00:00:00",
      "quarter_label": "2024-09 (Q3)",
      "revenue": 25112000,
      "gross_profit": 24966000,
      "operating_income": -31504000,
      "net_income": null,
      "opex": 56470000,
      "cogs": 146000,
      "rd": 41058000,
      "sga": null,
      "fcf": -53299000,
      "ocf": -53292000,
      "capex": -7000,
      "gross_margin": 0.9941860465116279,
      "op_margin": -1.2545396623128384,
      "fcf_margin": -2.1224514176489326,
      "rev_growth_yoy": 0.03282059718680595,
      "rev_growth_yoy_accel": 0.10346417719945618,
      "op_leverage_ratio": 1.267401358468968,
      "fcf_margin_change": -0.4787830353272686
    },
    {
      "date": "2024-12-31T00:00:00",
      "quarter_label": "2024-12 (Q4)",
      "revenue": 26837000,
      "gross_profit": 26719000,
      "operating_income": -25896000,
      "net_income": null,
      "opex": 52615000,
      "cogs": 118000,
      "rd": 33775000,
      "sga": null,
      "fcf": -28725000,
      "ocf": -28652000,
      "capex": -73000,
      "gross_margin": 0.9956030852926929,
      "op_margin": -0.9649364683086783,
      "fcf_margin": -1.0703506353169132,
      "incr_op_margin_yoy": 0.38085457481918406,
      "rev_growth_yoy": -0.6797532249018509,
      "rev_growth_yoy_accel": -0.7125738220886568,
      "op_leverage_ratio": Infinity,
      "fcf_margin_change": 1.0521007823320194
    },
    {
      "date": "2025-03-31T00:00:00",
      "quarter_label": "2025-03 (Q1)",
      "revenue": 24066000,
      "gross_profit": 23929000,
      "operating_income": -13311000,
      "net_income": null,
      "opex": 37240000,
      "cogs": 137000,
      "rd": 21522000,
      "sga": null,
      "fcf": -25623000,
      "ocf": -25618000,
      "capex": -5000,
      "gross_margin": 0.9943073215324524,
      "op_margin": -0.5531039640987285,
      "fcf_margin": -1.0646970830216904,
      "incr_op_margin_yoy": -4.968519928915969,
      "rev_growth_yoy": -0.14065345474022495,
      "rev_growth_yoy_accel": 0.5390997701616259,
      "fcf_margin_change": 0.005653552295222797
    },
    {
      "date": "2025-06-30T00:00:00",
      "quarter_label": "2025-06 (Q2)",
      "revenue": 25691000,
      "gross_profit": 25448000,
      "operating_income": -16711000,
      "net_income": null,
      "opex": 42159000,
      "cogs": 243000,
      "rd": 26710000,
      "sga": null,
      "fcf": -20223000,
      "ocf": -20222000,
      "capex": -1000,
      "gross_margin": 0.9905414347436846,
      "op_margin": -0.6504612510217586,
      "fcf_margin": -0.787162819664474,
      "incr_op_margin_yoy": 6.178735105407883,
      "rev_growth_yoy": 0.09281551746139777,
      "rev_growth_yoy_accel": 0.23346897220162272,
      "op_leverage_ratio": 0.5111899449381315,
      "fcf_margin_change": 0.2775342633572164
    },
    {
      "date": "2025-09-30T00:00:00",
      "quarter_label": "2025-09 (Q3)",
      "revenue": 30235000,
      "gross_profit": 29593000,
      "operating_income": -4545000,
      "net_income": null,
      "opex": 34138000,
      "cogs": 642000,
      "rd": 23596000,
      "sga": null,
      "fcf": -14737000,
      "ocf": -14737000,
      "capex": null,
      "gross_margin": 0.9787663304117744,
      "op_margin": -0.1503224739540268,
      "fcf_margin": -0.48741524723003143,
      "incr_op_margin_yoy": 5.262346281475698,
      "rev_growth_yoy": 0.2040060528830838,
      "rev_growth_yoy_accel": 0.11119053542168603,
      "op_leverage_ratio": Infinity,
      "fcf_margin_change": 0.29974757243444256
    }
  ],
  "signals": [
    {
      "quarter": "2025-09 (Q3)",
      "signal": "FCF MARGIN EXPANSION",
      "detail": "FCF margin: -78.7% -> -48.7% (+30.0%)",
      "severity": "MEDIUM"
    },
    {
      "quarter": "2025-09 (Q3)",
      "signal": "YoY REVENUE GROWTH ACCELERATION",
      "detail": "YoY growth: +20.4% vs prior quarter YoY: +9.3% (accel: +11.1%)",
      "severity": "MEDIUM"
    },
    {
      "quarter": "2025-06 (Q2)",
      "signal": "FCF MARGIN EXPANSION",
      "detail": "FCF margin: -106.5% -> -78.7% (+27.8%)",
      "severity": "MEDIUM"
    },
    {
      "quarter": "2025-06 (Q2)",
      "signal": "YoY REVENUE GROWTH ACCELERATION",
      "detail": "YoY growth: +9.3% vs prior quarter YoY: -14.1% (accel: +23.3%)",
      "severity": "HIGH"
    },
    {
      "quarter": "2025-03 (Q1)",
      "signal": "YoY REVENUE GROWTH ACCELERATION",
      "detail": "YoY growth: -14.1% vs prior quarter YoY: -68.0% (accel: +53.9%)",
      "severity": "HIGH"
    },
    {
      "quarter": "2024-12 (Q4)",
      "signal": "FCF MARGIN EXPANSION",
      "detail": "FCF margin: -212.2% -> -107.0% (+105.2%)",
      "severity": "MEDIUM"
    },
    {
      "quarter": "2024-12 (Q4)",
      "signal": "YoY REVENUE GROWTH DECELERATION",
      "detail": "YoY growth: -68.0% vs prior quarter YoY: +3.3% (decel: -71.3%)",
      "severity": "WARNING"
    },
    {
      "quarter": "2024-09 (Q3)",
      "signal": "YoY REVENUE GROWTH ACCELERATION",
      "detail": "YoY growth: +3.3% vs prior quarter YoY: -7.1% (accel: +10.3%)",
      "severity": "MEDIUM"
    },
    {
      "quarter": "2024-06 (Q2)",
      "signal": "YoY REVENUE GROWTH DECELERATION",
      "detail": "YoY growth: -7.1% vs prior quarter YoY: +22.3% (decel: -29.3%)",
      "severity": "WARNING"
    },
    {
      "quarter": "2024-03 (Q1)",
      "signal": "YoY REVENUE GROWTH DECELERATION",
      "detail": "YoY growth: +22.3% vs prior quarter YoY: +195.2% (decel: -172.9%)",
      "severity": "WARNING"
    },
    {
      "quarter": "2023-12 (Q4)",
      "signal": "FCF MARGIN EXPANSION",
      "detail": "FCF margin: -282.5% -> -48.5% (+234.0%)",
      "severity": "MEDIUM"
    },
    {
      "quarter": "2023-12 (Q4)",
      "signal": "OPERATING LEVERAGE",
      "detail": "Rev growth +244.7% vs OpEx growth +24.7% (leverage: 9.9x)",
      "severity": "MEDIUM"
    },
    {
      "quarter": "2023-12 (Q4)",
      "signal": "YoY REVENUE GROWTH ACCELERATION",
      "detail": "YoY growth: +195.2% vs prior quarter YoY: +6.8% (accel: +188.4%)",
      "severity": "HIGH"
    },
    {
      "quarter": "2023-09 (Q3)",
      "signal": "YoY REVENUE GROWTH DECELERATION",
      "detail": "YoY growth: +6.8% vs prior quarter YoY: +20.9% (decel: -14.1%)",
      "severity": "WARNING"
    },
    {
      "quarter": "2023-06 (Q2)",
      "signal": "FCF MARGIN EXPANSION",
      "detail": "FCF margin: -263.6% -> -254.9% (+8.7%)",
      "severity": "MEDIUM"
    },
    {
      "quarter": "2023-06 (Q2)",
      "signal": "OPERATING LEVERAGE",
      "detail": "Rev growth +10.5% vs OpEx growth +6.3% (leverage: 1.6x)",
      "severity": "MEDIUM"
    },
    {
      "quarter": "2023-06 (Q2)",
      "signal": "YoY REVENUE GROWTH ACCELERATION",
      "detail": "YoY growth: +20.9% vs prior quarter YoY: -11.7% (accel: +32.6%)",
      "severity": "HIGH"
    },
    {
      "quarter": "2023-03 (Q1)",
      "signal": "GROSS MARGIN INFLECTION",
      "detail": "GM: +98.6% -> +72.9% -> +90.0% (reversal +17.1%)",
      "severity": "HIGH"
    },
    {
      "quarter": "2023-03 (Q1)",
      "signal": "YoY REVENUE GROWTH DECELERATION",
      "detail": "YoY growth: -11.7% vs prior quarter YoY: +40.1% (decel: -51.8%)",
      "severity": "WARNING"
    },
    {
      "quarter": "2022-12 (Q4)",
      "signal": "YoY REVENUE GROWTH ACCELERATION",
      "detail": "YoY growth: +40.1% vs prior quarter YoY: -91.0% (accel: +131.1%)",
      "severity": "HIGH"
    },
    {
      "quarter": "2022-09 (Q3)",
      "signal": "FCF MARGIN EXPANSION",
      "detail": "FCF margin: -295.8% -> -210.4% (+85.4%)",
      "severity": "MEDIUM"
    },
    {
      "quarter": "2022-09 (Q3)",
      "signal": "OPERATING LEVERAGE",
      "detail": "Rev growth +8.8% vs OpEx growth +1.0% (leverage: 8.7x)",
      "severity": "MEDIUM"
    },
    {
      "quarter": "2022-09 (Q3)",
      "signal": "GROSS MARGIN INFLECTION",
      "detail": "GM: +97.9% -> +90.3% -> +98.6% (reversal +8.3%)",
      "severity": "HIGH"
    },
    {
      "quarter": "2022-09 (Q3)",
      "signal": "YoY REVENUE GROWTH DECELERATION",
      "detail": "YoY growth: -91.0% vs prior quarter YoY: +95.0% (decel: -186.0%)",
      "severity": "WARNING"
    },
    {
      "quarter": "2022-06 (Q2)",
      "signal": "YoY REVENUE GROWTH DECELERATION",
      "detail": "YoY growth: +95.0% vs prior quarter YoY: +121.4% (decel: -26.3%)",
      "severity": "WARNING"
    },
    {
      "quarter": "2022-03 (Q1)",
      "signal": "GROSS MARGIN INFLECTION",
      "detail": "GM: +99.7% -> +95.7% -> +97.9% (reversal +2.3%)",
      "severity": "MEDIUM"
    },
    {
      "quarter": "2022-03 (Q1)",
      "signal": "YoY REVENUE GROWTH ACCELERATION",
      "detail": "YoY growth: +121.4% vs prior quarter YoY: -35.2% (accel: +156.6%)",
      "severity": "HIGH"
    },
    {
      "quarter": "2021-09 (Q3)",
      "signal": "FCF TURNED POSITIVE",
      "detail": "FCF margin: -538.9% -> +43.1%",
      "severity": "HIGH"
    },
    {
      "quarter": "2021-09 (Q3)",
      "signal": "OP MARGIN TURNED POSITIVE (QoQ)",
      "detail": "Op margin: -618.8% -> +74.1%",
      "severity": "HIGH"
    },
    {
      "quarter": "2021-06 (Q2)",
      "signal": "GROSS MARGIN INFLECTION",
      "detail": "GM: +97.4% -> +90.6% -> +93.8% (reversal +3.2%)",
      "severity": "MEDIUM"
    }
  ],
  "data_quality": {
    "n_quarters": 20,
    "coverage": {
      "revenue": [
        20,
        20
      ],
      "gross_profit": [
        20,
        20
      ],
      "op_income": [
        20,
        20
      ],
      "fcf": [
        20,
        20
      ]
    },
    "gaps": [],
    "warnings": []
  },
  "market_cap": null,
  "source": "SEC EDGAR",
  "last_updated": "2026-02-02T23:17:51.339304"
}