{
  "ticker": "AGIO",
  "name": "AGIOS PHARMACEUTICALS, INC.",
  "sector": "Healthcare",
  "industry": "Biotechnology",
  "quarters": [
    {
      "date": "2021-03-31T00:00:00",
      "quarter_label": "2021-03 (Q1)",
      "revenue": 0,
      "gross_profit": 0,
      "operating_income": -91217000,
      "net_income": 1874325000,
      "opex": 91217000,
      "cogs": 0,
      "rd": 57667000,
      "sga": null,
      "fcf": -121761000,
      "ocf": -120749000,
      "capex": -1012000,
      "gross_margin": null,
      "op_margin": null,
      "fcf_margin": null
    },
    {
      "date": "2021-06-30T00:00:00",
      "quarter_label": "2021-06 (Q2)",
      "revenue": 0,
      "gross_profit": 0,
      "operating_income": -91222000,
      "net_income": -86217000,
      "opex": 91222000,
      "cogs": 0,
      "rd": 62007000,
      "sga": null,
      "fcf": -117543000,
      "ocf": -117294000,
      "capex": -249000,
      "gross_margin": null,
      "op_margin": null,
      "fcf_margin": null
    },
    {
      "date": "2021-09-30T00:00:00",
      "quarter_label": "2021-09 (Q3)",
      "revenue": 0,
      "gross_profit": 0,
      "operating_income": -91152000,
      "net_income": -88766000,
      "opex": 91152000,
      "cogs": 0,
      "rd": 64000000,
      "sga": null,
      "fcf": -85162000,
      "ocf": -85184000,
      "capex": 22000,
      "gross_margin": null,
      "op_margin": null,
      "fcf_margin": null
    },
    {
      "date": "2021-12-31T00:00:00",
      "quarter_label": "2021-12 (Q4)",
      "revenue": 0,
      "gross_profit": 0,
      "operating_income": -104827000,
      "net_income": -94627000,
      "opex": 104827000,
      "cogs": 0,
      "rd": 73299000,
      "sga": null,
      "fcf": -88595000,
      "ocf": -84093000,
      "capex": -4502000,
      "gross_margin": null,
      "op_margin": null,
      "fcf_margin": null
    },
    {
      "date": "2022-03-31T00:00:00",
      "quarter_label": "2022-03 (Q1)",
      "revenue": 832000,
      "gross_profit": 493000,
      "operating_income": -101145000,
      "net_income": -94774000,
      "opex": 101977000,
      "cogs": 339000,
      "rd": 70123000,
      "sga": 31515000,
      "fcf": -100539000,
      "ocf": -97735000,
      "capex": -2804000,
      "gross_margin": 0.5925480769230769,
      "op_margin": -121.56850961538461,
      "fcf_margin": -120.84014423076923
    },
    {
      "date": "2022-06-30T00:00:00",
      "quarter_label": "2022-06 (Q2)",
      "revenue": 5582000,
      "gross_profit": 5147000,
      "operating_income": -97640000,
      "net_income": -91806000,
      "opex": 103222000,
      "cogs": 435000,
      "rd": 74523000,
      "sga": 28264000,
      "fcf": -76155000,
      "ocf": -74229000,
      "capex": -1926000,
      "gross_margin": 0.9220709423145826,
      "op_margin": -17.491938373342887,
      "fcf_margin": -13.642959512719456,
      "incr_op_margin_yoy": -1.149767108563239,
      "op_leverage_ratio": 467.630859978375,
      "fcf_margin_change": 107.19718471804977
    },
    {
      "date": "2022-09-30T00:00:00",
      "quarter_label": "2022-09 (Q3)",
      "revenue": 3516000,
      "gross_profit": 2999000,
      "operating_income": -91090000,
      "net_income": -81747000,
      "opex": 94606000,
      "cogs": 517000,
      "rd": 64966000,
      "sga": 29123000,
      "fcf": -71389000,
      "ocf": -71351000,
      "capex": -38000,
      "gross_margin": 0.852957906712173,
      "op_margin": -25.907281001137658,
      "fcf_margin": -20.304038680318545,
      "incr_op_margin_yoy": 0.01763367463026166,
      "fcf_margin_change": -6.661079167599089
    },
    {
      "date": "2022-12-31T00:00:00",
      "quarter_label": "2022-12 (Q4)",
      "revenue": 4310000,
      "gross_profit": 3897000,
      "operating_income": -99172000,
      "net_income": 36526000,
      "opex": 103482000,
      "cogs": 413000,
      "rd": 70298000,
      "sga": 32771000,
      "fcf": -66276000,
      "ocf": -66163000,
      "capex": -113000,
      "gross_margin": 0.9041763341067285,
      "op_margin": -23.009744779582366,
      "fcf_margin": -15.377262180974478,
      "incr_op_margin_yoy": 1.3120649651972158,
      "op_leverage_ratio": 2.406983000777749,
      "fcf_margin_change": 4.926776499344067
    },
    {
      "date": "2023-03-31T00:00:00",
      "quarter_label": "2023-03 (Q1)",
      "revenue": 5609000,
      "gross_profit": 5055000,
      "operating_income": -90613000,
      "net_income": -81018000,
      "opex": 96222000,
      "cogs": 554000,
      "rd": 67301000,
      "sga": 28367000,
      "fcf": -95582000,
      "ocf": -95183000,
      "capex": -399000,
      "gross_margin": 0.9012301658049563,
      "op_margin": -16.154929577464788,
      "fcf_margin": -17.040827241932607,
      "incr_op_margin_yoy": 2.204731002721373,
      "rev_growth_yoy": 5.741586538461538,
      "op_leverage_ratio": null,
      "fcf_margin_change": -1.6635650609581294
    },
    {
      "date": "2023-06-30T00:00:00",
      "quarter_label": "2023-06 (Q2)",
      "revenue": 6712000,
      "gross_profit": 5604000,
      "operating_income": -93700000,
      "net_income": -83806000,
      "opex": 100412000,
      "cogs": 1108000,
      "rd": 68895000,
      "sga": 30409000,
      "fcf": -66745000,
      "ocf": -66748000,
      "capex": 3000,
      "gross_margin": 0.83492252681764,
      "op_margin": -13.960071513706794,
      "fcf_margin": -9.944129916567341,
      "incr_op_margin_yoy": 3.4867256637168142,
      "rev_growth_yoy": 0.20243640272303834,
      "rev_growth_yoy_accel": -5.5391501357385,
      "op_leverage_ratio": 4.515963561800397,
      "fcf_margin_change": 7.096697325365266
    },
    {
      "date": "2023-09-30T00:00:00",
      "quarter_label": "2023-09 (Q3)",
      "revenue": 7399000,
      "gross_profit": 6766000,
      "operating_income": -100897000,
      "net_income": -91324000,
      "opex": 108296000,
      "cogs": 633000,
      "rd": 81841000,
      "sga": 25822000,
      "fcf": -62012000,
      "ocf": -61643000,
      "capex": -369000,
      "gross_margin": 0.9144478983646439,
      "op_margin": -13.636572509798622,
      "fcf_margin": -8.381132585484526,
      "incr_op_margin_yoy": -2.5256245171259337,
      "rev_growth_yoy": 1.1043799772468714,
      "rev_growth_yoy_accel": 0.9019435745238331,
      "op_leverage_ratio": 1.303598316833659,
      "fcf_margin_change": 1.5629973310828156
    },
    {
      "date": "2023-12-31T00:00:00",
      "quarter_label": "2023-12 (Q4)",
      "revenue": 7103000,
      "gross_profit": 6517000,
      "operating_income": -106277000,
      "net_income": -95940000,
      "opex": 113380000,
      "cogs": 586000,
      "rd": 77489000,
      "sga": 35305000,
      "fcf": -72722000,
      "ocf": -72488000,
      "capex": -234000,
      "gross_margin": 0.9174996480360411,
      "op_margin": -14.962269463606926,
      "fcf_margin": -10.238209207377164,
      "incr_op_margin_yoy": -2.543859649122807,
      "rev_growth_yoy": 0.6480278422273782,
      "rev_growth_yoy_accel": -0.45635213501949323,
      "fcf_margin_change": -1.857076621892638
    },
    {
      "date": "2024-03-31T00:00:00",
      "quarter_label": "2024-03 (Q1)",
      "revenue": 8189000,
      "gross_profit": 7562000,
      "operating_income": -92072000,
      "net_income": -81549000,
      "opex": 100261000,
      "cogs": 627000,
      "rd": 68620000,
      "sga": 31014000,
      "fcf": -100008000,
      "ocf": -99867000,
      "capex": -141000,
      "gross_margin": 0.9234338747099768,
      "op_margin": -11.243375259494444,
      "fcf_margin": -12.212480156307242,
      "incr_op_margin_yoy": -0.5655038759689922,
      "rev_growth_yoy": 0.45997504011410234,
      "rev_growth_yoy_accel": -0.18805280211327585,
      "op_leverage_ratio": null,
      "fcf_margin_change": -1.9742709489300783
    },
    {
      "date": "2024-06-30T00:00:00",
      "quarter_label": "2024-06 (Q2)",
      "revenue": 8615000,
      "gross_profit": 7120000,
      "operating_income": -105817000,
      "net_income": -96118000,
      "opex": 114432000,
      "cogs": 1495000,
      "rd": 77401000,
      "sga": 35536000,
      "fcf": -72747000,
      "ocf": -72589000,
      "capex": -158000,
      "gross_margin": 0.8264654672083576,
      "op_margin": -12.282878699941962,
      "fcf_margin": -8.444225188624491,
      "incr_op_margin_yoy": -6.367314766158697,
      "rev_growth_yoy": 0.28352205005959474,
      "rev_growth_yoy_accel": -0.1764529900545076,
      "op_leverage_ratio": 0.36805291514675276,
      "fcf_margin_change": 3.7682549676827506
    },
    {
      "date": "2024-09-30T00:00:00",
      "quarter_label": "2024-09 (Q3)",
      "revenue": 8964000,
      "gross_profit": 8181000,
      "operating_income": -102811000,
      "net_income": 947915000,
      "opex": 111775000,
      "cogs": 783000,
      "rd": 72455000,
      "sga": 38537000,
      "fcf": -84637000,
      "ocf": -84218000,
      "capex": -419000,
      "gross_margin": 0.9126506024096386,
      "op_margin": -11.469321731369924,
      "fcf_margin": -9.441878625613565,
      "incr_op_margin_yoy": -1.223003194888179,
      "rev_growth_yoy": 0.21151506960400054,
      "rev_growth_yoy_accel": -0.0720069804555942,
      "op_leverage_ratio": null,
      "fcf_margin_change": -0.9976534369890739
    },
    {
      "date": "2024-12-31T00:00:00",
      "quarter_label": "2024-12 (Q4)",
      "revenue": 10730000,
      "gross_profit": 9470000,
      "operating_income": -125037000,
      "net_income": -96523000,
      "opex": 135767000,
      "cogs": 1260000,
      "rd": 82810000,
      "sga": 51697000,
      "fcf": -134134000,
      "ocf": -133167000,
      "capex": -967000,
      "gross_margin": 0.8825722273998136,
      "op_margin": -11.653028890959925,
      "fcf_margin": -12.500838769804288,
      "incr_op_margin_yoy": -5.172318720705817,
      "rev_growth_yoy": 0.5106293115584964,
      "rev_growth_yoy_accel": 0.2991142419544959,
      "op_leverage_ratio": 0.9178402041346817,
      "fcf_margin_change": -3.0589601441907224
    },
    {
      "date": "2025-03-31T00:00:00",
      "quarter_label": "2025-03 (Q1)",
      "revenue": 8726000,
      "gross_profit": 7641000,
      "operating_income": -106629000,
      "net_income": -89289000,
      "opex": 115355000,
      "cogs": 1085000,
      "rd": 72743000,
      "sga": 41527000,
      "fcf": -112255000,
      "ocf": -111489000,
      "capex": -766000,
      "gross_margin": 0.8756589502635801,
      "op_margin": -12.219688287875314,
      "fcf_margin": -12.864428145771258,
      "rev_growth_yoy": 0.06557577237757968,
      "rev_growth_yoy_accel": -0.4450535391809168,
      "fcf_margin_change": -0.3635893759669706
    },
    {
      "date": "2025-06-30T00:00:00",
      "quarter_label": "2025-06 (Q2)",
      "revenue": 12455000,
      "gross_profit": 10753000,
      "operating_income": -127056000,
      "net_income": -112020000,
      "opex": 139511000,
      "cogs": 1702000,
      "rd": 91940000,
      "sga": 45869000,
      "fcf": -77999000,
      "ocf": -77124000,
      "capex": -875000,
      "gross_margin": 0.8633480529907668,
      "op_margin": -10.201204335608189,
      "fcf_margin": -6.2624648735447614,
      "incr_op_margin_yoy": -5.530989583333334,
      "rev_growth_yoy": 0.4457341845618108,
      "rev_growth_yoy_accel": 0.38015841218423113,
      "op_leverage_ratio": 2.040744230232118,
      "fcf_margin_change": 6.601963272226497
    },
    {
      "date": "2025-09-30T00:00:00",
      "quarter_label": "2025-09 (Q3)",
      "revenue": 12880000,
      "gross_profit": 11201000,
      "operating_income": -116869000,
      "net_income": -103433000,
      "opex": 129749000,
      "cogs": 1679000,
      "rd": 86796000,
      "sga": 41274000,
      "fcf": -89706000,
      "ocf": -88151000,
      "capex": -1555000,
      "gross_margin": 0.8696428571428572,
      "op_margin": -9.073680124223603,
      "fcf_margin": -6.964751552795031,
      "incr_op_margin_yoy": -3.5898876404494384,
      "rev_growth_yoy": 0.43685854529228024,
      "rev_growth_yoy_accel": -0.008875639269530555,
      "op_leverage_ratio": null,
      "fcf_margin_change": -0.7022866792502693
    },
    {
      "date": "2025-12-31T00:00:00",
      "quarter_label": "2025-12 (Q4)",
      "revenue": 19967000,
      "gross_profit": 18088000,
      "operating_income": -121578000,
      "net_income": -108039000,
      "opex": 141545000,
      "cogs": 1879000,
      "rd": 88056000,
      "sga": 51610000,
      "fcf": -97333000,
      "ocf": -96213000,
      "capex": -1120000,
      "gross_margin": 0.9058947262983923,
      "op_margin": -6.08894676215756,
      "fcf_margin": -4.874693243852357,
      "incr_op_margin_yoy": 0.3744722312439104,
      "rev_growth_yoy": 0.8608574091332712,
      "rev_growth_yoy_accel": 0.423998863840991,
      "op_leverage_ratio": 6.052235591757602,
      "fcf_margin_change": 2.090058308942674
    }
  ],
  "signals": [
    {
      "quarter": "2025-12 (Q4)",
      "signal": "FCF MARGIN EXPANSION",
      "detail": "FCF margin: -696.5% -> -487.5% (+209.0%)",
      "severity": "MEDIUM"
    },
    {
      "quarter": "2025-12 (Q4)",
      "signal": "OPERATING LEVERAGE",
      "detail": "Rev growth +55.0% vs OpEx growth +9.1% (leverage: 6.1x)",
      "severity": "MEDIUM"
    },
    {
      "quarter": "2025-12 (Q4)",
      "signal": "YoY REVENUE GROWTH ACCELERATION",
      "detail": "YoY growth: +86.1% vs prior quarter YoY: +43.7% (accel: +42.4%)",
      "severity": "HIGH"
    },
    {
      "quarter": "2025-06 (Q2)",
      "signal": "FCF MARGIN EXPANSION",
      "detail": "FCF margin: -1286.4% -> -626.2% (+660.2%)",
      "severity": "MEDIUM"
    },
    {
      "quarter": "2025-06 (Q2)",
      "signal": "OPERATING LEVERAGE",
      "detail": "Rev growth +42.7% vs OpEx growth +20.9% (leverage: 2.0x)",
      "severity": "MEDIUM"
    },
    {
      "quarter": "2025-06 (Q2)",
      "signal": "YoY REVENUE GROWTH ACCELERATION",
      "detail": "YoY growth: +44.6% vs prior quarter YoY: +6.6% (accel: +38.0%)",
      "severity": "HIGH"
    },
    {
      "quarter": "2025-03 (Q1)",
      "signal": "YoY REVENUE GROWTH DECELERATION",
      "detail": "YoY growth: +6.6% vs prior quarter YoY: +51.1% (decel: -44.5%)",
      "severity": "WARNING"
    },
    {
      "quarter": "2024-12 (Q4)",
      "signal": "YoY REVENUE GROWTH ACCELERATION",
      "detail": "YoY growth: +51.1% vs prior quarter YoY: +21.2% (accel: +29.9%)",
      "severity": "HIGH"
    },
    {
      "quarter": "2024-09 (Q3)",
      "signal": "GROSS MARGIN INFLECTION",
      "detail": "GM: +92.3% -> +82.6% -> +91.3% (reversal +8.6%)",
      "severity": "HIGH"
    },
    {
      "quarter": "2024-09 (Q3)",
      "signal": "YoY REVENUE GROWTH DECELERATION",
      "detail": "YoY growth: +21.2% vs prior quarter YoY: +28.4% (decel: -7.2%)",
      "severity": "WARNING"
    },
    {
      "quarter": "2024-06 (Q2)",
      "signal": "FCF MARGIN EXPANSION",
      "detail": "FCF margin: -1221.2% -> -844.4% (+376.8%)",
      "severity": "MEDIUM"
    },
    {
      "quarter": "2024-06 (Q2)",
      "signal": "YoY REVENUE GROWTH DECELERATION",
      "detail": "YoY growth: +28.4% vs prior quarter YoY: +46.0% (decel: -17.6%)",
      "severity": "WARNING"
    },
    {
      "quarter": "2024-03 (Q1)",
      "signal": "YoY REVENUE GROWTH DECELERATION",
      "detail": "YoY growth: +46.0% vs prior quarter YoY: +64.8% (decel: -18.8%)",
      "severity": "WARNING"
    },
    {
      "quarter": "2023-12 (Q4)",
      "signal": "YoY REVENUE GROWTH DECELERATION",
      "detail": "YoY growth: +64.8% vs prior quarter YoY: +110.4% (decel: -45.6%)",
      "severity": "WARNING"
    },
    {
      "quarter": "2023-09 (Q3)",
      "signal": "FCF MARGIN EXPANSION",
      "detail": "FCF margin: -994.4% -> -838.1% (+156.3%)",
      "severity": "MEDIUM"
    },
    {
      "quarter": "2023-09 (Q3)",
      "signal": "GROSS MARGIN INFLECTION",
      "detail": "GM: +90.1% -> +83.5% -> +91.4% (reversal +8.0%)",
      "severity": "HIGH"
    },
    {
      "quarter": "2023-09 (Q3)",
      "signal": "YoY REVENUE GROWTH ACCELERATION",
      "detail": "YoY growth: +110.4% vs prior quarter YoY: +20.2% (accel: +90.2%)",
      "severity": "HIGH"
    },
    {
      "quarter": "2023-06 (Q2)",
      "signal": "FCF MARGIN EXPANSION",
      "detail": "FCF margin: -1704.1% -> -994.4% (+709.7%)",
      "severity": "MEDIUM"
    },
    {
      "quarter": "2023-06 (Q2)",
      "signal": "OPERATING LEVERAGE",
      "detail": "Rev growth +19.7% vs OpEx growth +4.4% (leverage: 4.5x)",
      "severity": "MEDIUM"
    },
    {
      "quarter": "2023-06 (Q2)",
      "signal": "YoY REVENUE GROWTH DECELERATION",
      "detail": "YoY growth: +20.2% vs prior quarter YoY: +574.2% (decel: -553.9%)",
      "severity": "WARNING"
    },
    {
      "quarter": "2022-12 (Q4)",
      "signal": "FCF MARGIN EXPANSION",
      "detail": "FCF margin: -2030.4% -> -1537.7% (+492.7%)",
      "severity": "MEDIUM"
    },
    {
      "quarter": "2022-12 (Q4)",
      "signal": "OPERATING LEVERAGE",
      "detail": "Rev growth +22.6% vs OpEx growth +9.4% (leverage: 2.4x)",
      "severity": "MEDIUM"
    },
    {
      "quarter": "2022-12 (Q4)",
      "signal": "GROSS MARGIN INFLECTION",
      "detail": "GM: +92.2% -> +85.3% -> +90.4% (reversal +5.1%)",
      "severity": "HIGH"
    },
    {
      "quarter": "2022-06 (Q2)",
      "signal": "FCF MARGIN EXPANSION",
      "detail": "FCF margin: -12084.0% -> -1364.3% (+10719.7%)",
      "severity": "MEDIUM"
    },
    {
      "quarter": "2022-06 (Q2)",
      "signal": "OPERATING LEVERAGE",
      "detail": "Rev growth +570.9% vs OpEx growth +1.2% (leverage: 467.6x)",
      "severity": "MEDIUM"
    }
  ],
  "data_quality": {
    "n_quarters": 20,
    "coverage": {
      "revenue": [
        20,
        20
      ],
      "gross_profit": [
        20,
        20
      ],
      "op_income": [
        20,
        20
      ],
      "fcf": [
        20,
        20
      ]
    },
    "gaps": [],
    "warnings": []
  },
  "market_cap": null,
  "source": "SEC EDGAR",
  "last_updated": "2026-02-13T11:31:47.990605"
}