{
  "ticker": "AGQPF",
  "name": "Algonquin Power & Utilities Corp.",
  "quarters": [
    {
      "date": "2017-06-30T00:00:00",
      "quarter_label": "2017-06 (Q2)",
      "revenue": 337123000,
      "gross_profit": null,
      "operating_income": 72965000,
      "net_income": 35320000,
      "opex": 264158000,
      "cogs": null,
      "rd": null,
      "sga": null,
      "fcf": -87936000,
      "ocf": 54833000,
      "capex": -142769000,
      "gross_margin": null,
      "op_margin": 0.21643435778632725,
      "fcf_margin": -0.2608424818241413
    },
    {
      "date": "2018-06-30T00:00:00",
      "quarter_label": "2018-06 (Q2)",
      "revenue": 366239000,
      "gross_profit": 245977000,
      "operating_income": 75313000,
      "net_income": 65462000,
      "opex": 290926000,
      "cogs": 120262000,
      "rd": null,
      "sga": null,
      "fcf": 50157000,
      "ocf": 133253000,
      "capex": -83096000,
      "gross_margin": 0.6716297281283533,
      "op_margin": 0.20563894069173408,
      "fcf_margin": 0.13695155349375682,
      "incr_op_margin_yoy": 0.08064294545954115,
      "rev_growth_yoy": 0.08636610376628115,
      "op_leverage_ratio": 0.8522974162691757,
      "fcf_margin_change": 0.39779403531789814
    },
    {
      "date": "2019-06-30T00:00:00",
      "quarter_label": "2019-06 (Q2)",
      "revenue": 343578000,
      "gross_profit": 223391000,
      "operating_income": 62460000,
      "net_income": 156625000,
      "opex": 281118000,
      "cogs": 120187000,
      "rd": null,
      "sga": null,
      "fcf": 27928000,
      "ocf": 133592000,
      "capex": -105664000,
      "gross_margin": 0.6501900587348434,
      "op_margin": 0.1817927806786232,
      "fcf_margin": 0.08128576334922492,
      "incr_op_margin_yoy": 0.5671859141255903,
      "rev_growth_yoy": -0.061874895901310345,
      "rev_growth_yoy_accel": -0.1482409996675915,
      "fcf_margin_change": -0.05566579014453189
    },
    {
      "date": "2020-06-30T00:00:00",
      "quarter_label": "2020-06 (Q2)",
      "revenue": 343638000,
      "gross_profit": 222176000,
      "operating_income": 59073000,
      "net_income": 286219000,
      "opex": 284565000,
      "cogs": 121462000,
      "rd": null,
      "sga": null,
      "fcf": 142934000,
      "ocf": 142934000,
      "capex": null,
      "gross_margin": 0.6465408365780269,
      "op_margin": 0.17190473696157002,
      "fcf_margin": 0.41594352196206474,
      "rev_growth_yoy": 0.0001746328344655362,
      "rev_growth_yoy_accel": 0.062049528735775884,
      "fcf_margin_change": 0.3346577586128398
    },
    {
      "date": "2021-06-30T00:00:00",
      "quarter_label": "2021-06 (Q2)",
      "revenue": 527523000,
      "gross_profit": 357545000,
      "operating_income": 85411000,
      "net_income": 103222000,
      "opex": 442112000,
      "cogs": 169978000,
      "rd": null,
      "sga": null,
      "fcf": 103289000,
      "ocf": 103289000,
      "capex": null,
      "gross_margin": 0.6777808740092849,
      "op_margin": 0.1619095281153618,
      "fcf_margin": 0.1957999935547834,
      "incr_op_margin_yoy": 0.14323082361258396,
      "rev_growth_yoy": 0.5351125312101689,
      "rev_growth_yoy_accel": 0.5349378983757034,
      "op_leverage_ratio": 0.9665325105766641,
      "fcf_margin_change": -0.22014352840728135
    },
    {
      "date": "2022-06-30T00:00:00",
      "quarter_label": "2022-06 (Q2)",
      "revenue": 624259000,
      "gross_profit": null,
      "operating_income": 109857000,
      "net_income": -33387000,
      "opex": 514402000,
      "cogs": null,
      "rd": null,
      "sga": null,
      "fcf": 135337000,
      "ocf": 135337000,
      "capex": null,
      "gross_margin": null,
      "op_margin": 0.1759798417003199,
      "fcf_margin": 0.21679623361457342,
      "incr_op_margin_yoy": 0.2527084022494211,
      "rev_growth_yoy": 0.18337778637139993,
      "rev_growth_yoy_accel": -0.351734744838769,
      "op_leverage_ratio": 1.1215039409079037,
      "fcf_margin_change": 0.020996240059790033
    },
    {
      "date": "2023-06-30T00:00:00",
      "quarter_label": "2023-06 (Q2)",
      "revenue": 627871000,
      "gross_profit": null,
      "operating_income": 93714000,
      "net_income": -253231000,
      "opex": 534157000,
      "cogs": null,
      "rd": null,
      "sga": null,
      "fcf": 261404000,
      "ocf": 261404000,
      "capex": null,
      "gross_margin": null,
      "op_margin": 0.1492567740825743,
      "fcf_margin": 0.41633392846619766,
      "incr_op_margin_yoy": -4.469269102990033,
      "rev_growth_yoy": 0.005786059952679897,
      "rev_growth_yoy_accel": -0.17759172641872004,
      "fcf_margin_change": 0.19953769485162423
    },
    {
      "date": "2024-06-30T00:00:00",
      "quarter_label": "2024-06 (Q2)",
      "revenue": 598626000,
      "gross_profit": null,
      "operating_income": 81937000,
      "net_income": 200766000,
      "opex": 516689000,
      "cogs": null,
      "rd": null,
      "sga": null,
      "fcf": 236100000,
      "ocf": 236100000,
      "capex": null,
      "gross_margin": null,
      "op_margin": 0.1368751106701012,
      "fcf_margin": 0.3944031832897335,
      "incr_op_margin_yoy": 0.40270131646435287,
      "rev_growth_yoy": -0.04657803911950066,
      "rev_growth_yoy_accel": -0.05236409907218056,
      "fcf_margin_change": -0.02193074517646415
    },
    {
      "date": "2025-06-30T00:00:00",
      "quarter_label": "2025-06 (Q2)",
      "revenue": 527800000,
      "gross_profit": null,
      "operating_income": 64800000,
      "net_income": 24100000,
      "opex": 463000000,
      "cogs": null,
      "rd": null,
      "sga": null,
      "fcf": 249900000,
      "ocf": 249900000,
      "capex": null,
      "gross_margin": null,
      "op_margin": 0.12277377794619174,
      "fcf_margin": 0.473474801061008,
      "incr_op_margin_yoy": 0.24195916753734503,
      "rev_growth_yoy": -0.1183142730185458,
      "rev_growth_yoy_accel": -0.07173623389904514,
      "fcf_margin_change": 0.07907161777127447
    }
  ],
  "signals": [
    {
      "quarter": "2025-06 (Q2)",
      "signal": "FCF MARGIN EXPANSION",
      "detail": "FCF margin: +39.4% -> +47.3% (+7.9%)",
      "severity": "MEDIUM"
    },
    {
      "quarter": "2025-06 (Q2)",
      "signal": "YoY REVENUE GROWTH DECELERATION",
      "detail": "YoY growth: -11.8% vs prior quarter YoY: -4.7% (decel: -7.2%)",
      "severity": "WARNING"
    },
    {
      "quarter": "2025-06 (Q2)",
      "signal": "INCREMENTAL MARGIN (YoY)",
      "detail": "YoY Incr OPM: +24.2% vs year-ago OPM: +13.7%",
      "severity": "MEDIUM"
    },
    {
      "quarter": "2024-06 (Q2)",
      "signal": "YoY REVENUE GROWTH DECELERATION",
      "detail": "YoY growth: -4.7% vs prior quarter YoY: +0.6% (decel: -5.2%)",
      "severity": "WARNING"
    },
    {
      "quarter": "2024-06 (Q2)",
      "signal": "INCREMENTAL MARGIN (YoY)",
      "detail": "YoY Incr OPM: +40.3% vs year-ago OPM: +14.9%",
      "severity": "HIGH"
    },
    {
      "quarter": "2023-06 (Q2)",
      "signal": "FCF MARGIN EXPANSION",
      "detail": "FCF margin: +21.7% -> +41.6% (+20.0%)",
      "severity": "MEDIUM"
    },
    {
      "quarter": "2023-06 (Q2)",
      "signal": "YoY REVENUE GROWTH DECELERATION",
      "detail": "YoY growth: +0.6% vs prior quarter YoY: +18.3% (decel: -17.8%)",
      "severity": "WARNING"
    },
    {
      "quarter": "2022-06 (Q2)",
      "signal": "YoY REVENUE GROWTH DECELERATION",
      "detail": "YoY growth: +18.3% vs prior quarter YoY: +53.5% (decel: -35.2%)",
      "severity": "WARNING"
    },
    {
      "quarter": "2021-06 (Q2)",
      "signal": "GROSS MARGIN INFLECTION",
      "detail": "GM: +65.0% -> +64.7% -> +67.8% (reversal +3.1%)",
      "severity": "MEDIUM"
    },
    {
      "quarter": "2021-06 (Q2)",
      "signal": "YoY REVENUE GROWTH ACCELERATION",
      "detail": "YoY growth: +53.5% vs prior quarter YoY: +0.0% (accel: +53.5%)",
      "severity": "HIGH"
    },
    {
      "quarter": "2020-06 (Q2)",
      "signal": "FCF MARGIN EXPANSION",
      "detail": "FCF margin: +8.1% -> +41.6% (+33.5%)",
      "severity": "MEDIUM"
    },
    {
      "quarter": "2020-06 (Q2)",
      "signal": "YoY REVENUE GROWTH ACCELERATION",
      "detail": "YoY growth: +0.0% vs prior quarter YoY: -6.2% (accel: +6.2%)",
      "severity": "MEDIUM"
    },
    {
      "quarter": "2019-06 (Q2)",
      "signal": "YoY REVENUE GROWTH DECELERATION",
      "detail": "YoY growth: -6.2% vs prior quarter YoY: +8.6% (decel: -14.8%)",
      "severity": "WARNING"
    },
    {
      "quarter": "2019-06 (Q2)",
      "signal": "INCREMENTAL MARGIN (YoY)",
      "detail": "YoY Incr OPM: +56.7% vs year-ago OPM: +20.6%",
      "severity": "HIGH"
    },
    {
      "quarter": "2018-06 (Q2)",
      "signal": "FCF TURNED POSITIVE",
      "detail": "FCF margin: -26.1% -> +13.7%",
      "severity": "HIGH"
    }
  ],
  "data_quality": {
    "n_quarters": 9,
    "coverage": {
      "revenue": [
        9,
        9
      ],
      "gross_profit": [
        4,
        9
      ],
      "op_income": [
        9,
        9
      ],
      "fcf": [
        9,
        9
      ]
    },
    "gaps": [
      [
        "2017-06 (Q2)",
        "2018-06 (Q2)",
        365
      ],
      [
        "2018-06 (Q2)",
        "2019-06 (Q2)",
        365
      ],
      [
        "2019-06 (Q2)",
        "2020-06 (Q2)",
        366
      ],
      [
        "2020-06 (Q2)",
        "2021-06 (Q2)",
        365
      ],
      [
        "2021-06 (Q2)",
        "2022-06 (Q2)",
        365
      ],
      [
        "2022-06 (Q2)",
        "2023-06 (Q2)",
        365
      ],
      [
        "2023-06 (Q2)",
        "2024-06 (Q2)",
        366
      ],
      [
        "2024-06 (Q2)",
        "2025-06 (Q2)",
        365
      ]
    ],
    "warnings": [
      "gross_profit: 4/9Q",
      "gap: 3Q missing between 2017-06 (Q2) and 2018-06 (Q2)",
      "gap: 3Q missing between 2018-06 (Q2) and 2019-06 (Q2)",
      "gap: 3Q missing between 2019-06 (Q2) and 2020-06 (Q2)",
      "gap: 3Q missing between 2020-06 (Q2) and 2021-06 (Q2)",
      "gap: 3Q missing between 2021-06 (Q2) and 2022-06 (Q2)",
      "gap: 3Q missing between 2022-06 (Q2) and 2023-06 (Q2)",
      "gap: 3Q missing between 2023-06 (Q2) and 2024-06 (Q2)",
      "gap: 3Q missing between 2024-06 (Q2) and 2025-06 (Q2)"
    ]
  },
  "market_cap": null,
  "source": "SEC EDGAR",
  "last_updated": "2026-02-03T01:07:52.727570"
}