{
  "ticker": "AGX",
  "name": "ARGAN INC",
  "quarters": [
    {
      "date": "2021-01-31T00:00:00",
      "quarter_label": "2021-01 (Q1)",
      "revenue": 117235000,
      "gross_profit": 22085000,
      "operating_income": 11871000,
      "net_income": 9551000,
      "opex": 10214000,
      "cogs": 95150000,
      "rd": null,
      "sga": 10214000,
      "fcf": 33168000,
      "ocf": 33453000,
      "capex": -285000,
      "gross_margin": 0.1883823090374035,
      "op_margin": 0.1012581566938201,
      "fcf_margin": 0.28291892352966264
    },
    {
      "date": "2021-04-30T00:00:00",
      "quarter_label": "2021-04 (Q2)",
      "revenue": 126341000,
      "gross_profit": 23714000,
      "operating_income": 13822000,
      "net_income": 10766000,
      "opex": 9892000,
      "cogs": 102627000,
      "rd": null,
      "sga": 9892000,
      "fcf": 16502000,
      "ocf": 17346000,
      "capex": -844000,
      "gross_margin": 0.18769837186661495,
      "op_margin": 0.10940233178461466,
      "fcf_margin": 0.13061476480319137,
      "op_leverage_ratio": Infinity,
      "fcf_margin_change": -0.15230415872647127
    },
    {
      "date": "2021-07-31T00:00:00",
      "quarter_label": "2021-07 (Q3)",
      "revenue": 133008000,
      "gross_profit": 27652000,
      "operating_income": 17321000,
      "net_income": 12870000,
      "opex": 10331000,
      "cogs": 105356000,
      "rd": null,
      "sga": 10331000,
      "fcf": 29671000,
      "ocf": 29838000,
      "capex": -167000,
      "gross_margin": 0.20789726933718272,
      "op_margin": 0.13022524960904608,
      "fcf_margin": 0.2230768074100806,
      "op_leverage_ratio": 1.1890653740927015,
      "fcf_margin_change": 0.09246204260688923
    },
    {
      "date": "2021-10-31T00:00:00",
      "quarter_label": "2021-10 (Q4)",
      "revenue": 124451000,
      "gross_profit": 26135000,
      "operating_income": 14545000,
      "net_income": 12393000,
      "opex": 11590000,
      "cogs": 98316000,
      "rd": null,
      "sga": 11590000,
      "fcf": -5597000,
      "ocf": -5485000,
      "capex": -112000,
      "gross_margin": 0.21000233023438944,
      "op_margin": 0.11687330756683353,
      "fcf_margin": -0.04497352371616138,
      "fcf_margin_change": -0.268050331126242
    },
    {
      "date": "2022-01-31T00:00:00",
      "quarter_label": "2022-01 (Q1)",
      "revenue": 125570000,
      "gross_profit": 22231000,
      "operating_income": -1178000,
      "net_income": 2215000,
      "opex": 23409000,
      "cogs": 103339000,
      "rd": null,
      "sga": 15508000,
      "fcf": -13583000,
      "ocf": -13284000,
      "capex": -299000,
      "gross_margin": 0.17704069443338377,
      "op_margin": -0.009381221629370072,
      "fcf_margin": -0.10817074141912877,
      "incr_op_margin_yoy": -1.5655668866226755,
      "rev_growth_yoy": 0.0710965155456988,
      "fcf_margin_change": -0.06319721770296739
    },
    {
      "date": "2022-04-30T00:00:00",
      "quarter_label": "2022-04 (Q2)",
      "revenue": 100277000,
      "gross_profit": 19738000,
      "operating_income": 9163000,
      "net_income": 7485000,
      "opex": 10575000,
      "cogs": 80539000,
      "rd": null,
      "sga": 10575000,
      "fcf": -39968000,
      "ocf": -39730000,
      "capex": -238000,
      "gross_margin": 0.19683476769348904,
      "op_margin": 0.09137688602570879,
      "fcf_margin": -0.3985759446333656,
      "incr_op_margin_yoy": 0.17875230202578268,
      "rev_growth_yoy": -0.20629882619260573,
      "rev_growth_yoy_accel": -0.27739534173830455,
      "fcf_margin_change": -0.2904052032142368
    },
    {
      "date": "2022-07-31T00:00:00",
      "quarter_label": "2022-07 (Q3)",
      "revenue": 118110000,
      "gross_profit": 24387000,
      "operating_income": 13403000,
      "net_income": 4222000,
      "opex": 10984000,
      "cogs": 93723000,
      "rd": null,
      "sga": 10984000,
      "fcf": -17446000,
      "ocf": -17046000,
      "capex": -400000,
      "gross_margin": 0.2064770129540259,
      "op_margin": 0.11347896029125391,
      "fcf_margin": -0.14770976208619083,
      "incr_op_margin_yoy": 0.2629883205799436,
      "rev_growth_yoy": -0.11200830025261638,
      "rev_growth_yoy_accel": 0.09429052593998935,
      "op_leverage_ratio": 4.598118346654095,
      "fcf_margin_change": 0.25086618254717474
    },
    {
      "date": "2022-10-31T00:00:00",
      "quarter_label": "2022-10 (Q4)",
      "revenue": 117875000,
      "gross_profit": 22208000,
      "operating_income": 9541000,
      "net_income": 7758000,
      "opex": 12667000,
      "cogs": 95667000,
      "rd": null,
      "sga": 12667000,
      "fcf": -18156000,
      "ocf": -16212000,
      "capex": -1944000,
      "gross_margin": 0.18840296924708377,
      "op_margin": 0.08094167550371156,
      "fcf_margin": -0.15402757158006364,
      "incr_op_margin_yoy": 0.7609489051094891,
      "rev_growth_yoy": -0.05284007360326554,
      "rev_growth_yoy_accel": 0.059168226649350834,
      "fcf_margin_change": -0.006317809493872811
    },
    {
      "date": "2023-01-31T00:00:00",
      "quarter_label": "2023-01 (Q1)",
      "revenue": 118778000,
      "gross_profit": 20028000,
      "operating_income": 9562000,
      "net_income": 13633000,
      "opex": 10466000,
      "cogs": 98750000,
      "rd": null,
      "sga": 10466000,
      "fcf": 42137000,
      "ocf": 42927000,
      "capex": -790000,
      "gross_margin": 0.1686170839717793,
      "op_margin": 0.08050312347404401,
      "fcf_margin": 0.3547542474195558,
      "incr_op_margin_yoy": -1.5812720848056536,
      "rev_growth_yoy": -0.05408935255236123,
      "rev_growth_yoy_accel": -0.0012492789490956904,
      "fcf_margin_change": 0.5087818189996194
    },
    {
      "date": "2023-04-30T00:00:00",
      "quarter_label": "2023-04 (Q2)",
      "revenue": 103675000,
      "gross_profit": 14224000,
      "operating_income": 3633000,
      "net_income": 2109000,
      "opex": 10591000,
      "cogs": 89451000,
      "rd": null,
      "sga": 10591000,
      "fcf": -1893000,
      "ocf": -1248000,
      "capex": -645000,
      "gross_margin": 0.13719797443935375,
      "op_margin": 0.03504219918013021,
      "fcf_margin": -0.018258982396913433,
      "incr_op_margin_yoy": -1.6274278987639788,
      "rev_growth_yoy": 0.033886135404928346,
      "rev_growth_yoy_accel": 0.08797548795728957,
      "fcf_margin_change": -0.3730132298164692
    },
    {
      "date": "2023-07-31T00:00:00",
      "quarter_label": "2023-07 (Q3)",
      "revenue": 141349000,
      "gross_profit": 23742000,
      "operating_income": 13241000,
      "net_income": 12767000,
      "opex": 10501000,
      "cogs": 117607000,
      "rd": null,
      "sga": 10501000,
      "fcf": 35415000,
      "ocf": 35801000,
      "capex": -386000,
      "gross_margin": 0.16796723004761266,
      "op_margin": 0.09367593686548897,
      "fcf_margin": 0.25055005695123417,
      "incr_op_margin_yoy": -0.006971040061964801,
      "rev_growth_yoy": 0.19675726018118703,
      "rev_growth_yoy_accel": 0.16287112477625867,
      "op_leverage_ratio": Infinity,
      "fcf_margin_change": 0.2688090393481476
    },
    {
      "date": "2023-10-31T00:00:00",
      "quarter_label": "2023-10 (Q4)",
      "revenue": 163755000,
      "gross_profit": 19235000,
      "operating_income": 7860000,
      "net_income": 5464000,
      "opex": 11375000,
      "cogs": 144520000,
      "rd": null,
      "sga": 11375000,
      "fcf": 56598000,
      "ocf": 57710000,
      "capex": -1112000,
      "gross_margin": 0.11746206222710757,
      "op_margin": 0.04799853439589631,
      "fcf_margin": 0.3456260877530457,
      "incr_op_margin_yoy": -0.03663905841325196,
      "rev_growth_yoy": 0.3892258748674443,
      "rev_growth_yoy_accel": 0.19246861468625728,
      "op_leverage_ratio": 1.9045431522181497,
      "fcf_margin_change": 0.09507603080181154
    },
    {
      "date": "2024-01-31T00:00:00",
      "quarter_label": "2024-01 (Q1)",
      "revenue": 164554000,
      "gross_profit": 23633000,
      "operating_income": 11724000,
      "net_income": 12018000,
      "opex": 11909000,
      "cogs": 140921000,
      "rd": null,
      "sga": 11909000,
      "fcf": 23982000,
      "ocf": 24595000,
      "capex": -613000,
      "gross_margin": 0.14361850821007086,
      "op_margin": 0.071247128602161,
      "fcf_margin": 0.14573939253983495,
      "incr_op_margin_yoy": 0.04722998951415589,
      "rev_growth_yoy": 0.3853912340669147,
      "rev_growth_yoy_accel": -0.0038346408005295873,
      "fcf_margin_change": -0.19988669521321076
    },
    {
      "date": "2024-04-30T00:00:00",
      "quarter_label": "2024-04 (Q2)",
      "revenue": 157682000,
      "gross_profit": 17944000,
      "operating_income": 6519000,
      "net_income": 7882000,
      "opex": 11425000,
      "cogs": 139738000,
      "rd": null,
      "sga": 11425000,
      "fcf": 17364000,
      "ocf": 17686000,
      "capex": -322000,
      "gross_margin": 0.11379865805862432,
      "op_margin": 0.04134270240103499,
      "fcf_margin": 0.11012036884362197,
      "incr_op_margin_yoy": 0.05343751735886089,
      "rev_growth_yoy": 0.520925970581143,
      "rev_growth_yoy_accel": 0.13553473651422826,
      "fcf_margin_change": -0.035619023696212976
    },
    {
      "date": "2024-07-31T00:00:00",
      "quarter_label": "2024-07 (Q3)",
      "revenue": 227015000,
      "gross_profit": 31105000,
      "operating_income": 18677000,
      "net_income": 18198000,
      "opex": 12428000,
      "cogs": 195910000,
      "rd": null,
      "sga": 12428000,
      "fcf": 71146000,
      "ocf": 73495000,
      "capex": -2349000,
      "gross_margin": 0.13701737770631897,
      "op_margin": 0.0822720965574962,
      "fcf_margin": 0.3133977930973724,
      "incr_op_margin_yoy": 0.06345574673732869,
      "rev_growth_yoy": 0.6060601772916682,
      "rev_growth_yoy_accel": 0.08513420671052518,
      "op_leverage_ratio": 5.008563084354577,
      "fcf_margin_change": 0.20327742425375045
    },
    {
      "date": "2024-10-31T00:00:00",
      "quarter_label": "2024-10 (Q4)",
      "revenue": 257008000,
      "gross_profit": 44327000,
      "operating_income": 30332000,
      "net_income": 28010000,
      "opex": 13995000,
      "cogs": 212681000,
      "rd": null,
      "sga": 13995000,
      "fcf": 29232000,
      "ocf": 31779000,
      "capex": -2547000,
      "gross_margin": 0.1724732304052792,
      "op_margin": 0.1180196725393762,
      "fcf_margin": 0.11373965012762248,
      "incr_op_margin_yoy": 0.24097884250372642,
      "rev_growth_yoy": 0.5694665811730939,
      "rev_growth_yoy_accel": -0.03659359611857427,
      "op_leverage_ratio": 1.0478463417336574,
      "fcf_margin_change": -0.19965814296974993
    },
    {
      "date": "2025-01-31T00:00:00",
      "quarter_label": "2025-01 (Q1)",
      "revenue": 232474000,
      "gross_profit": 47613000,
      "operating_income": 32667000,
      "net_income": 31369000,
      "opex": 14946000,
      "cogs": 184861000,
      "rd": null,
      "sga": 14946000,
      "fcf": 43259000,
      "ocf": 44624000,
      "capex": -1365000,
      "gross_margin": 0.20481000025809337,
      "op_margin": 0.14051893975240243,
      "fcf_margin": 0.18608102411452462,
      "incr_op_margin_yoy": 0.30834805653710246,
      "rev_growth_yoy": 0.412752044921424,
      "rev_growth_yoy_accel": -0.15671453625166992,
      "fcf_margin_change": 0.07234137398690214
    },
    {
      "date": "2025-04-30T00:00:00",
      "quarter_label": "2025-04 (Q2)",
      "revenue": 193660000,
      "gross_profit": 36863000,
      "operating_income": 24342000,
      "net_income": 22550000,
      "opex": 12521000,
      "cogs": 156797000,
      "rd": null,
      "sga": 12521000,
      "fcf": 34898000,
      "ocf": 35293000,
      "capex": -395000,
      "gross_margin": 0.19034906537230198,
      "op_margin": 0.1256945161623464,
      "fcf_margin": 0.18020241660642364,
      "incr_op_margin_yoy": 0.49538606926455053,
      "rev_growth_yoy": 0.2281680851333697,
      "rev_growth_yoy_accel": -0.18458395978805428,
      "fcf_margin_change": -0.005878607508100986
    },
    {
      "date": "2025-07-31T00:00:00",
      "quarter_label": "2025-07 (Q3)",
      "revenue": 237743000,
      "gross_profit": 44267000,
      "operating_income": 30055000,
      "net_income": 35275000,
      "opex": 14212000,
      "cogs": 193476000,
      "rd": null,
      "sga": 14212000,
      "fcf": 32908000,
      "ocf": 34602000,
      "capex": -1694000,
      "gross_margin": 0.18619685963414276,
      "op_margin": 0.1264180228229643,
      "fcf_margin": 0.1384183761456699,
      "incr_op_margin_yoy": 1.0605891126025355,
      "rev_growth_yoy": 0.04725678919895161,
      "rev_growth_yoy_accel": -0.18091129593441807,
      "op_leverage_ratio": 1.6854917166306758,
      "fcf_margin_change": -0.041784040460753735
    },
    {
      "date": "2025-10-31T00:00:00",
      "quarter_label": "2025-10 (Q4)",
      "revenue": 251153000,
      "gross_profit": 46949000,
      "operating_income": 32633000,
      "net_income": 30737000,
      "opex": 14316000,
      "cogs": 204204000,
      "rd": null,
      "sga": 14316000,
      "fcf": 171910000,
      "ocf": 172493000,
      "capex": -583000,
      "gross_margin": 0.1869338610329162,
      "op_margin": 0.12993275015627925,
      "fcf_margin": 0.6844831636492497,
      "incr_op_margin_yoy": -0.392997438087105,
      "rev_growth_yoy": -0.02278139201892548,
      "rev_growth_yoy_accel": -0.0700381812178771,
      "op_leverage_ratio": 7.708021169595222,
      "fcf_margin_change": 0.5460647875035798
    }
  ],
  "signals": [
    {
      "quarter": "2025-10 (Q4)",
      "signal": "FCF MARGIN EXPANSION",
      "detail": "FCF margin: +13.8% -> +68.4% (+54.6%)",
      "severity": "MEDIUM"
    },
    {
      "quarter": "2025-10 (Q4)",
      "signal": "OPERATING LEVERAGE",
      "detail": "Rev growth +5.6% vs OpEx growth +0.7% (leverage: 7.7x)",
      "severity": "MEDIUM"
    },
    {
      "quarter": "2025-10 (Q4)",
      "signal": "YoY REVENUE GROWTH DECELERATION",
      "detail": "YoY growth: -2.3% vs prior quarter YoY: +4.7% (decel: -7.0%)",
      "severity": "WARNING"
    },
    {
      "quarter": "2025-07 (Q3)",
      "signal": "OPERATING LEVERAGE",
      "detail": "Rev growth +22.8% vs OpEx growth +13.5% (leverage: 1.7x)",
      "severity": "MEDIUM"
    },
    {
      "quarter": "2025-07 (Q3)",
      "signal": "YoY REVENUE GROWTH DECELERATION",
      "detail": "YoY growth: +4.7% vs prior quarter YoY: +22.8% (decel: -18.1%)",
      "severity": "WARNING"
    },
    {
      "quarter": "2025-07 (Q3)",
      "signal": "INCREMENTAL MARGIN (YoY)",
      "detail": "YoY Incr OPM: +106.1% vs year-ago OPM: +8.2%",
      "severity": "HIGH"
    },
    {
      "quarter": "2025-04 (Q2)",
      "signal": "YoY REVENUE GROWTH DECELERATION",
      "detail": "YoY growth: +22.8% vs prior quarter YoY: +41.3% (decel: -18.5%)",
      "severity": "WARNING"
    },
    {
      "quarter": "2025-04 (Q2)",
      "signal": "INCREMENTAL MARGIN (YoY)",
      "detail": "YoY Incr OPM: +49.5% vs year-ago OPM: +4.1%",
      "severity": "HIGH"
    },
    {
      "quarter": "2025-01 (Q1)",
      "signal": "FCF MARGIN EXPANSION",
      "detail": "FCF margin: +11.4% -> +18.6% (+7.2%)",
      "severity": "MEDIUM"
    },
    {
      "quarter": "2025-01 (Q1)",
      "signal": "YoY REVENUE GROWTH DECELERATION",
      "detail": "YoY growth: +41.3% vs prior quarter YoY: +56.9% (decel: -15.7%)",
      "severity": "WARNING"
    },
    {
      "quarter": "2025-01 (Q1)",
      "signal": "INCREMENTAL MARGIN (YoY)",
      "detail": "YoY Incr OPM: +30.8% vs year-ago OPM: +7.1%",
      "severity": "HIGH"
    },
    {
      "quarter": "2024-10 (Q4)",
      "signal": "INCREMENTAL MARGIN (YoY)",
      "detail": "YoY Incr OPM: +24.1% vs year-ago OPM: +4.8%",
      "severity": "MEDIUM"
    },
    {
      "quarter": "2024-07 (Q3)",
      "signal": "FCF MARGIN EXPANSION",
      "detail": "FCF margin: +11.0% -> +31.3% (+20.3%)",
      "severity": "MEDIUM"
    },
    {
      "quarter": "2024-07 (Q3)",
      "signal": "OPERATING LEVERAGE",
      "detail": "Rev growth +44.0% vs OpEx growth +8.8% (leverage: 5.0x)",
      "severity": "MEDIUM"
    },
    {
      "quarter": "2024-07 (Q3)",
      "signal": "GROSS MARGIN INFLECTION",
      "detail": "GM: +14.4% -> +11.4% -> +13.7% (reversal +2.3%)",
      "severity": "MEDIUM"
    },
    {
      "quarter": "2024-07 (Q3)",
      "signal": "YoY REVENUE GROWTH ACCELERATION",
      "detail": "YoY growth: +60.6% vs prior quarter YoY: +52.1% (accel: +8.5%)",
      "severity": "MEDIUM"
    },
    {
      "quarter": "2024-04 (Q2)",
      "signal": "YoY REVENUE GROWTH ACCELERATION",
      "detail": "YoY growth: +52.1% vs prior quarter YoY: +38.5% (accel: +13.6%)",
      "severity": "MEDIUM"
    },
    {
      "quarter": "2024-01 (Q1)",
      "signal": "GROSS MARGIN INFLECTION",
      "detail": "GM: +16.8% -> +11.7% -> +14.4% (reversal +2.6%)",
      "severity": "MEDIUM"
    },
    {
      "quarter": "2023-10 (Q4)",
      "signal": "FCF MARGIN EXPANSION",
      "detail": "FCF margin: +25.1% -> +34.6% (+9.5%)",
      "severity": "MEDIUM"
    },
    {
      "quarter": "2023-10 (Q4)",
      "signal": "OPERATING LEVERAGE",
      "detail": "Rev growth +15.9% vs OpEx growth +8.3% (leverage: 1.9x)",
      "severity": "MEDIUM"
    },
    {
      "quarter": "2023-10 (Q4)",
      "signal": "YoY REVENUE GROWTH ACCELERATION",
      "detail": "YoY growth: +38.9% vs prior quarter YoY: +19.7% (accel: +19.2%)",
      "severity": "HIGH"
    },
    {
      "quarter": "2023-07 (Q3)",
      "signal": "FCF TURNED POSITIVE",
      "detail": "FCF margin: -1.8% -> +25.1%",
      "severity": "HIGH"
    },
    {
      "quarter": "2023-07 (Q3)",
      "signal": "GROSS MARGIN INFLECTION",
      "detail": "GM: +16.9% -> +13.7% -> +16.8% (reversal +3.1%)",
      "severity": "MEDIUM"
    },
    {
      "quarter": "2023-07 (Q3)",
      "signal": "YoY REVENUE GROWTH ACCELERATION",
      "detail": "YoY growth: +19.7% vs prior quarter YoY: +3.4% (accel: +16.3%)",
      "severity": "HIGH"
    },
    {
      "quarter": "2023-04 (Q2)",
      "signal": "YoY REVENUE GROWTH ACCELERATION",
      "detail": "YoY growth: +3.4% vs prior quarter YoY: -5.4% (accel: +8.8%)",
      "severity": "MEDIUM"
    },
    {
      "quarter": "2023-01 (Q1)",
      "signal": "FCF TURNED POSITIVE",
      "detail": "FCF margin: -15.4% -> +35.5%",
      "severity": "HIGH"
    },
    {
      "quarter": "2023-01 (Q1)",
      "signal": "OP MARGIN TURNED POSITIVE (YoY)",
      "detail": "Op margin: -0.9% (year-ago) -> +8.1%",
      "severity": "HIGH"
    },
    {
      "quarter": "2022-10 (Q4)",
      "signal": "YoY REVENUE GROWTH ACCELERATION",
      "detail": "YoY growth: -5.3% vs prior quarter YoY: -11.2% (accel: +5.9%)",
      "severity": "MEDIUM"
    },
    {
      "quarter": "2022-10 (Q4)",
      "signal": "INCREMENTAL MARGIN (YoY)",
      "detail": "YoY Incr OPM: +76.1% vs year-ago OPM: +11.7%",
      "severity": "HIGH"
    },
    {
      "quarter": "2022-07 (Q3)",
      "signal": "FCF MARGIN EXPANSION",
      "detail": "FCF margin: -39.9% -> -14.8% (+25.1%)",
      "severity": "MEDIUM"
    },
    {
      "quarter": "2022-07 (Q3)",
      "signal": "OPERATING LEVERAGE",
      "detail": "Rev growth +17.8% vs OpEx growth +3.9% (leverage: 4.6x)",
      "severity": "MEDIUM"
    },
    {
      "quarter": "2022-07 (Q3)",
      "signal": "YoY REVENUE GROWTH ACCELERATION",
      "detail": "YoY growth: -11.2% vs prior quarter YoY: -20.6% (accel: +9.4%)",
      "severity": "MEDIUM"
    },
    {
      "quarter": "2022-07 (Q3)",
      "signal": "INCREMENTAL MARGIN (YoY)",
      "detail": "YoY Incr OPM: +26.3% vs year-ago OPM: +13.0%",
      "severity": "MEDIUM"
    },
    {
      "quarter": "2022-04 (Q2)",
      "signal": "YoY REVENUE GROWTH DECELERATION",
      "detail": "YoY growth: -20.6% vs prior quarter YoY: +7.1% (decel: -27.7%)",
      "severity": "WARNING"
    },
    {
      "quarter": "2022-04 (Q2)",
      "signal": "OP MARGIN TURNED POSITIVE (QoQ)",
      "detail": "Op margin: -0.9% -> +9.1%",
      "severity": "HIGH"
    },
    {
      "quarter": "2021-07 (Q3)",
      "signal": "FCF MARGIN EXPANSION",
      "detail": "FCF margin: +13.1% -> +22.3% (+9.2%)",
      "severity": "MEDIUM"
    },
    {
      "quarter": "2021-07 (Q3)",
      "signal": "GROSS MARGIN INFLECTION",
      "detail": "GM: +18.8% -> +18.8% -> +20.8% (reversal +2.0%)",
      "severity": "MEDIUM"
    }
  ],
  "data_quality": {
    "n_quarters": 20,
    "coverage": {
      "revenue": [
        20,
        20
      ],
      "gross_profit": [
        20,
        20
      ],
      "op_income": [
        20,
        20
      ],
      "fcf": [
        20,
        20
      ]
    },
    "gaps": [],
    "warnings": []
  },
  "market_cap": null,
  "source": "SEC EDGAR",
  "last_updated": "2026-02-02T21:03:15.358700",
  "sector": "Industrials",
  "industry": "Engineering & Construction"
}