{
  "ticker": "AGYS",
  "name": "AGILYSYS, INC.",
  "quarters": [
    {
      "date": "2021-03-31T00:00:00",
      "quarter_label": "2021-03 (Q1)",
      "revenue": 36336000,
      "gross_profit": 23478000,
      "operating_income": -24770000,
      "net_income": -24281000,
      "opex": 48248000,
      "cogs": 12858000,
      "rd": 26445000,
      "sga": 48248000,
      "fcf": 13323000,
      "ocf": 13323000,
      "capex": null,
      "gross_margin": 0.6461360634081902,
      "op_margin": -0.6816930867459269,
      "fcf_margin": 0.36666116248348746
    },
    {
      "date": "2021-06-30T00:00:00",
      "quarter_label": "2021-06 (Q2)",
      "revenue": 38725000,
      "gross_profit": 24867000,
      "operating_income": 2041000,
      "net_income": 1972000,
      "opex": 22826000,
      "cogs": 13858000,
      "rd": 11485000,
      "sga": 22826000,
      "fcf": 7995000,
      "ocf": 7995000,
      "capex": null,
      "gross_margin": 0.6421433182698515,
      "op_margin": 0.052704970948999355,
      "fcf_margin": 0.2064557779212395,
      "op_leverage_ratio": Infinity,
      "fcf_margin_change": -0.16020538456224795
    },
    {
      "date": "2021-09-30T00:00:00",
      "quarter_label": "2021-09 (Q3)",
      "revenue": 37892000,
      "gross_profit": 24255000,
      "operating_income": 1120000,
      "net_income": 982000,
      "opex": 23135000,
      "cogs": 13637000,
      "rd": 11379000,
      "sga": 23135000,
      "fcf": 3678000,
      "ocf": 3678000,
      "capex": null,
      "gross_margin": 0.6401087300749498,
      "op_margin": 0.029557690277631162,
      "fcf_margin": 0.09706534360814947,
      "fcf_margin_change": -0.10939043431309003
    },
    {
      "date": "2021-12-31T00:00:00",
      "quarter_label": "2021-12 (Q4)",
      "revenue": 39460000,
      "gross_profit": 24716000,
      "operating_income": 1612000,
      "net_income": 1542000,
      "opex": 23104000,
      "cogs": 14744000,
      "rd": 11210000,
      "sga": 23104000,
      "fcf": 10142000,
      "ocf": 10142000,
      "capex": null,
      "gross_margin": 0.6263558033451596,
      "op_margin": 0.04085149518499746,
      "fcf_margin": 0.2570197668525089,
      "op_leverage_ratio": Infinity,
      "fcf_margin_change": 0.1599544232443594
    },
    {
      "date": "2022-03-31T00:00:00",
      "quarter_label": "2022-03 (Q1)",
      "revenue": 46558000,
      "gross_profit": 27692000,
      "operating_income": 1545000,
      "net_income": 1982000,
      "opex": 26147000,
      "cogs": 18866000,
      "rd": 12258000,
      "sga": 26147000,
      "fcf": 6660000,
      "ocf": 6660000,
      "capex": null,
      "gross_margin": 0.5947849993556424,
      "op_margin": 0.033184415138107305,
      "fcf_margin": 0.1430473817603849,
      "incr_op_margin_yoy": 2.574349442379182,
      "rev_growth_yoy": 0.2813188022897402,
      "op_leverage_ratio": 1.3657277618537074,
      "fcf_margin_change": -0.11397238509212398
    },
    {
      "date": "2022-06-30T00:00:00",
      "quarter_label": "2022-06 (Q2)",
      "revenue": 47506000,
      "gross_profit": 28495000,
      "operating_income": 3033000,
      "net_income": 3039000,
      "opex": 25462000,
      "cogs": 19011000,
      "rd": 11556000,
      "sga": 25462000,
      "fcf": 101000,
      "ocf": 101000,
      "capex": null,
      "gross_margin": 0.5998189702353387,
      "op_margin": 0.0638445670020629,
      "fcf_margin": 0.002126047236138593,
      "incr_op_margin_yoy": 0.11297118779182326,
      "rev_growth_yoy": 0.22675274370561652,
      "rev_growth_yoy_accel": -0.054566058584123694,
      "op_leverage_ratio": Infinity,
      "fcf_margin_change": -0.1409213345242463
    },
    {
      "date": "2022-09-30T00:00:00",
      "quarter_label": "2022-09 (Q3)",
      "revenue": 47742000,
      "gross_profit": 29365000,
      "operating_income": 2927000,
      "net_income": 3576000,
      "opex": 26438000,
      "cogs": 18377000,
      "rd": 12577000,
      "sga": 26438000,
      "fcf": 3016000,
      "ocf": 3016000,
      "capex": null,
      "gross_margin": 0.6150768715177412,
      "op_margin": 0.06130870093418793,
      "fcf_margin": 0.06317288760420595,
      "incr_op_margin_yoy": 0.18345177664974618,
      "rev_growth_yoy": 0.2599493296738098,
      "rev_growth_yoy_accel": 0.033196585968193276,
      "fcf_margin_change": 0.06104684036806735
    },
    {
      "date": "2022-12-31T00:00:00",
      "quarter_label": "2022-12 (Q4)",
      "revenue": 49920000,
      "gross_profit": 30776000,
      "operating_income": 3482000,
      "net_income": 3892000,
      "opex": 27294000,
      "cogs": 19144000,
      "rd": 12416000,
      "sga": 27294000,
      "fcf": 14563000,
      "ocf": 14563000,
      "capex": null,
      "gross_margin": 0.6165064102564103,
      "op_margin": 0.06975160256410257,
      "fcf_margin": 0.2917267628205128,
      "incr_op_margin_yoy": 0.17877629063097514,
      "rev_growth_yoy": 0.26507856056766343,
      "rev_growth_yoy_accel": 0.005129230893853642,
      "op_leverage_ratio": 1.4090035929100224,
      "fcf_margin_change": 0.22855387521630685
    },
    {
      "date": "2023-03-31T00:00:00",
      "quarter_label": "2023-03 (Q1)",
      "revenue": 52897000,
      "gross_profit": 32183000,
      "operating_income": 3433000,
      "net_income": 4075000,
      "opex": 28750000,
      "cogs": 20714000,
      "rd": 13710000,
      "sga": 28750000,
      "fcf": 16783000,
      "ocf": 16783000,
      "capex": null,
      "gross_margin": 0.6084087944495907,
      "op_margin": 0.06489971075864416,
      "fcf_margin": 0.3172769722290489,
      "incr_op_margin_yoy": 0.2978387758321502,
      "rev_growth_yoy": 0.13615275570256455,
      "rev_growth_yoy_accel": -0.1289258048650989,
      "op_leverage_ratio": 1.1179183121565934,
      "fcf_margin_change": 0.025550209408536084
    },
    {
      "date": "2023-06-30T00:00:00",
      "quarter_label": "2023-06 (Q2)",
      "revenue": 56059000,
      "gross_profit": 33057000,
      "operating_income": 958000,
      "net_income": 1548000,
      "opex": 32099000,
      "cogs": 23002000,
      "rd": 13321000,
      "sga": 32099000,
      "fcf": 22000,
      "ocf": 22000,
      "capex": null,
      "gross_margin": 0.589682299006404,
      "op_margin": 0.01708913822936549,
      "fcf_margin": 0.0003924436754134037,
      "incr_op_margin_yoy": -0.24260493394130714,
      "rev_growth_yoy": 0.18004041594745926,
      "rev_growth_yoy_accel": 0.04388766024489471,
      "op_leverage_ratio": 0.5131608607437363,
      "fcf_margin_change": -0.31688452855363547
    },
    {
      "date": "2023-09-30T00:00:00",
      "quarter_label": "2023-09 (Q3)",
      "revenue": 58616000,
      "gross_profit": 35096000,
      "operating_income": 3562000,
      "net_income": 4545000,
      "opex": 31534000,
      "cogs": 23520000,
      "rd": 14583000,
      "sga": 31534000,
      "fcf": 5448000,
      "ocf": 5448000,
      "capex": null,
      "gross_margin": 0.5987443701378463,
      "op_margin": 0.06076839088303535,
      "fcf_margin": 0.09294390610072335,
      "incr_op_margin_yoy": 0.05839617436086077,
      "rev_growth_yoy": 0.22776590842444808,
      "rev_growth_yoy_accel": 0.04772549247698882,
      "op_leverage_ratio": Infinity,
      "fcf_margin_change": 0.09255146242530995
    },
    {
      "date": "2023-12-31T00:00:00",
      "quarter_label": "2023-12 (Q4)",
      "revenue": 60566000,
      "gross_profit": 37824000,
      "operating_income": 7751000,
      "net_income": 77141000,
      "opex": 30073000,
      "cogs": 22742000,
      "rd": 14551000,
      "sga": 30073000,
      "fcf": 12909000,
      "ocf": 12909000,
      "capex": null,
      "gross_margin": 0.6245088003170095,
      "op_margin": 0.12797609219694217,
      "fcf_margin": 0.21313938513357328,
      "incr_op_margin_yoy": 0.4009956791283111,
      "rev_growth_yoy": 0.21326121794871794,
      "rev_growth_yoy_accel": -0.014504690475730136,
      "op_leverage_ratio": Infinity,
      "fcf_margin_change": 0.12019547903284993
    },
    {
      "date": "2024-03-31T00:00:00",
      "quarter_label": "2024-03 (Q1)",
      "revenue": 62221000,
      "gross_profit": 38276000,
      "operating_income": 3480000,
      "net_income": 2961000,
      "opex": 34796000,
      "cogs": 23945000,
      "rd": 14284000,
      "sga": 34796000,
      "fcf": 29807000,
      "ocf": 29807000,
      "capex": null,
      "gross_margin": 0.6151620835409267,
      "op_margin": 0.05592967004709021,
      "fcf_margin": 0.4790504813487408,
      "incr_op_margin_yoy": 0.005040755040755041,
      "rev_growth_yoy": 0.17626708508989167,
      "rev_growth_yoy_accel": -0.03699413285882627,
      "op_leverage_ratio": 0.1739914528771356,
      "fcf_margin_change": 0.2659110962151675
    },
    {
      "date": "2024-06-30T00:00:00",
      "quarter_label": "2024-06 (Q2)",
      "revenue": 63512000,
      "gross_profit": 39868000,
      "operating_income": 5747000,
      "net_income": 14106000,
      "opex": 34121000,
      "cogs": 23644000,
      "rd": 14720000,
      "sga": 34121000,
      "fcf": 1098000,
      "ocf": 1098000,
      "capex": null,
      "gross_margin": 0.6277238946970651,
      "op_margin": 0.0904868371331402,
      "fcf_margin": 0.017288071545534703,
      "incr_op_margin_yoy": 0.6425600429357305,
      "rev_growth_yoy": 0.13294921422073172,
      "rev_growth_yoy_accel": -0.04331787086915995,
      "op_leverage_ratio": Infinity,
      "fcf_margin_change": -0.4617624098032061
    },
    {
      "date": "2024-09-30T00:00:00",
      "quarter_label": "2024-09 (Q3)",
      "revenue": 68279000,
      "gross_profit": 43214000,
      "operating_income": 4126000,
      "net_income": 1364000,
      "opex": 39088000,
      "cogs": 25065000,
      "rd": 16172000,
      "sga": 39088000,
      "fcf": 6590000,
      "ocf": 6590000,
      "capex": null,
      "gross_margin": 0.6329032352553494,
      "op_margin": 0.06042853586022057,
      "fcf_margin": 0.09651576619458399,
      "incr_op_margin_yoy": 0.058366966780502946,
      "rev_growth_yoy": 0.1648525999727037,
      "rev_growth_yoy_accel": 0.03190338575197199,
      "op_leverage_ratio": 0.5156048023771351,
      "fcf_margin_change": 0.07922769464904929
    },
    {
      "date": "2024-12-31T00:00:00",
      "quarter_label": "2024-12 (Q4)",
      "revenue": 69561000,
      "gross_profit": 43855000,
      "operating_income": 7410000,
      "net_income": 3830000,
      "opex": 36445000,
      "cogs": 25706000,
      "rd": 14971000,
      "sga": 36445000,
      "fcf": 20288000,
      "ocf": 20288000,
      "capex": null,
      "gross_margin": 0.6304538462644298,
      "op_margin": 0.1065252080907405,
      "fcf_margin": 0.2916576817469559,
      "incr_op_margin_yoy": -0.03790994997220678,
      "rev_growth_yoy": 0.14851566885711456,
      "rev_growth_yoy_accel": -0.01633693111558915,
      "op_leverage_ratio": Infinity,
      "fcf_margin_change": 0.1951419155523719
    },
    {
      "date": "2025-03-31T00:00:00",
      "quarter_label": "2025-03 (Q1)",
      "revenue": 74272000,
      "gross_profit": 45051000,
      "operating_income": 5310000,
      "net_income": 3925000,
      "opex": 39741000,
      "cogs": 29221000,
      "rd": 16548000,
      "sga": null,
      "fcf": 27152000,
      "ocf": 27152000,
      "capex": null,
      "gross_margin": 0.6065677509694097,
      "op_margin": 0.07149396811719086,
      "fcf_margin": 0.3655751831107281,
      "incr_op_margin_yoy": 0.15185461787403534,
      "rev_growth_yoy": 0.19368059015444947,
      "rev_growth_yoy_accel": 0.0451649212973349,
      "op_leverage_ratio": 0.7488555262245904,
      "fcf_margin_change": 0.07391750136377223
    },
    {
      "date": "2025-06-30T00:00:00",
      "quarter_label": "2025-06 (Q2)",
      "revenue": 76675000,
      "gross_profit": 47294000,
      "operating_income": 4521000,
      "net_income": 4890000,
      "opex": 42773000,
      "cogs": 29381000,
      "rd": 17454000,
      "sga": null,
      "fcf": -4346000,
      "ocf": -4346000,
      "capex": null,
      "gross_margin": 0.6168112161721552,
      "op_margin": 0.05896315617867623,
      "fcf_margin": -0.05668079556569938,
      "incr_op_margin_yoy": -0.09313986173364734,
      "rev_growth_yoy": 0.20725217281773523,
      "rev_growth_yoy_accel": 0.013571582663285758,
      "op_leverage_ratio": 0.4240706794834703,
      "fcf_margin_change": -0.4222559786764275
    },
    {
      "date": "2025-09-30T00:00:00",
      "quarter_label": "2025-09 (Q3)",
      "revenue": 79299000,
      "gross_profit": 48967000,
      "operating_income": 14147000,
      "net_income": 11710000,
      "opex": 34820000,
      "cogs": 30332000,
      "rd": 17825000,
      "sga": null,
      "fcf": 15213000,
      "ocf": 15213000,
      "capex": null,
      "gross_margin": 0.617498329108816,
      "op_margin": 0.17840073645317092,
      "fcf_margin": 0.1918435289221806,
      "incr_op_margin_yoy": 0.9093466424682396,
      "rev_growth_yoy": 0.16139662268047278,
      "rev_growth_yoy_accel": -0.045855550137262446,
      "op_leverage_ratio": Infinity,
      "fcf_margin_change": 0.24852432448787998
    },
    {
      "date": "2025-12-31T00:00:00",
      "quarter_label": "2025-12 (Q4)",
      "revenue": 80390000,
      "gross_profit": 50242000,
      "operating_income": 11732000,
      "net_income": 9897000,
      "opex": 38510000,
      "cogs": 30148000,
      "rd": 18926000,
      "sga": null,
      "fcf": 23295000,
      "ocf": 23295000,
      "capex": null,
      "gross_margin": 0.624978231123274,
      "op_margin": 0.14593854957084215,
      "fcf_margin": 0.28977484761786293,
      "incr_op_margin_yoy": 0.3991134915504663,
      "rev_growth_yoy": 0.15567631287646813,
      "rev_growth_yoy_accel": -0.005720309804004647,
      "op_leverage_ratio": 0.12982533159547663,
      "fcf_margin_change": 0.09793131869568233
    }
  ],
  "signals": [
    {
      "quarter": "2025-12 (Q4)",
      "signal": "FCF MARGIN EXPANSION",
      "detail": "FCF margin: +19.2% -> +29.0% (+9.8%)",
      "severity": "MEDIUM"
    },
    {
      "quarter": "2025-12 (Q4)",
      "signal": "INCREMENTAL MARGIN (YoY)",
      "detail": "YoY Incr OPM: +39.9% vs year-ago OPM: +10.7%",
      "severity": "HIGH"
    },
    {
      "quarter": "2025-09 (Q3)",
      "signal": "FCF TURNED POSITIVE",
      "detail": "FCF margin: -5.7% -> +19.2%",
      "severity": "HIGH"
    },
    {
      "quarter": "2025-09 (Q3)",
      "signal": "INCREMENTAL MARGIN (YoY)",
      "detail": "YoY Incr OPM: +90.9% vs year-ago OPM: +6.0%",
      "severity": "HIGH"
    },
    {
      "quarter": "2025-03 (Q1)",
      "signal": "FCF MARGIN EXPANSION",
      "detail": "FCF margin: +29.2% -> +36.6% (+7.4%)",
      "severity": "MEDIUM"
    },
    {
      "quarter": "2024-12 (Q4)",
      "signal": "FCF MARGIN EXPANSION",
      "detail": "FCF margin: +9.7% -> +29.2% (+19.5%)",
      "severity": "MEDIUM"
    },
    {
      "quarter": "2024-09 (Q3)",
      "signal": "FCF MARGIN EXPANSION",
      "detail": "FCF margin: +1.7% -> +9.7% (+7.9%)",
      "severity": "MEDIUM"
    },
    {
      "quarter": "2024-06 (Q2)",
      "signal": "INCREMENTAL MARGIN (YoY)",
      "detail": "YoY Incr OPM: +64.3% vs year-ago OPM: +1.7%",
      "severity": "HIGH"
    },
    {
      "quarter": "2024-03 (Q1)",
      "signal": "FCF MARGIN EXPANSION",
      "detail": "FCF margin: +21.3% -> +47.9% (+26.6%)",
      "severity": "MEDIUM"
    },
    {
      "quarter": "2023-12 (Q4)",
      "signal": "FCF MARGIN EXPANSION",
      "detail": "FCF margin: +9.3% -> +21.3% (+12.0%)",
      "severity": "MEDIUM"
    },
    {
      "quarter": "2023-12 (Q4)",
      "signal": "INCREMENTAL MARGIN (YoY)",
      "detail": "YoY Incr OPM: +40.1% vs year-ago OPM: +7.0%",
      "severity": "HIGH"
    },
    {
      "quarter": "2023-09 (Q3)",
      "signal": "FCF MARGIN EXPANSION",
      "detail": "FCF margin: +0.0% -> +9.3% (+9.3%)",
      "severity": "MEDIUM"
    },
    {
      "quarter": "2023-03 (Q1)",
      "signal": "YoY REVENUE GROWTH DECELERATION",
      "detail": "YoY growth: +13.6% vs prior quarter YoY: +26.5% (decel: -12.9%)",
      "severity": "WARNING"
    },
    {
      "quarter": "2023-03 (Q1)",
      "signal": "INCREMENTAL MARGIN (YoY)",
      "detail": "YoY Incr OPM: +29.8% vs year-ago OPM: +3.3%",
      "severity": "HIGH"
    },
    {
      "quarter": "2022-12 (Q4)",
      "signal": "FCF MARGIN EXPANSION",
      "detail": "FCF margin: +6.3% -> +29.2% (+22.9%)",
      "severity": "MEDIUM"
    },
    {
      "quarter": "2022-12 (Q4)",
      "signal": "INCREMENTAL MARGIN (YoY)",
      "detail": "YoY Incr OPM: +17.9% vs year-ago OPM: +4.1%",
      "severity": "MEDIUM"
    },
    {
      "quarter": "2022-09 (Q3)",
      "signal": "FCF MARGIN EXPANSION",
      "detail": "FCF margin: +0.2% -> +6.3% (+6.1%)",
      "severity": "MEDIUM"
    },
    {
      "quarter": "2022-09 (Q3)",
      "signal": "INCREMENTAL MARGIN (YoY)",
      "detail": "YoY Incr OPM: +18.3% vs year-ago OPM: +3.0%",
      "severity": "MEDIUM"
    },
    {
      "quarter": "2022-06 (Q2)",
      "signal": "YoY REVENUE GROWTH DECELERATION",
      "detail": "YoY growth: +22.7% vs prior quarter YoY: +28.1% (decel: -5.5%)",
      "severity": "WARNING"
    },
    {
      "quarter": "2022-03 (Q1)",
      "signal": "OP MARGIN TURNED POSITIVE (YoY)",
      "detail": "Op margin: -68.2% (year-ago) -> +3.3%",
      "severity": "HIGH"
    },
    {
      "quarter": "2021-12 (Q4)",
      "signal": "FCF MARGIN EXPANSION",
      "detail": "FCF margin: +9.7% -> +25.7% (+16.0%)",
      "severity": "MEDIUM"
    },
    {
      "quarter": "2021-06 (Q2)",
      "signal": "OP MARGIN TURNED POSITIVE (QoQ)",
      "detail": "Op margin: -68.2% -> +5.3%",
      "severity": "HIGH"
    }
  ],
  "data_quality": {
    "n_quarters": 20,
    "coverage": {
      "revenue": [
        20,
        20
      ],
      "gross_profit": [
        20,
        20
      ],
      "op_income": [
        20,
        20
      ],
      "fcf": [
        20,
        20
      ]
    },
    "gaps": [],
    "warnings": []
  },
  "market_cap": null,
  "source": "SEC EDGAR",
  "last_updated": "2026-02-02T21:28:30.394232"
}