{
  "ticker": "AHCO",
  "name": "AdaptHealth Corp.",
  "quarters": [
    {
      "date": "2020-12-31T00:00:00",
      "quarter_label": "2020-12 (Q4)",
      "revenue": 348429000,
      "gross_profit": 54605000,
      "operating_income": 32306000,
      "net_income": -65867000,
      "opex": 330400000,
      "cogs": 293824000,
      "rd": null,
      "sga": null,
      "fcf": 33426000,
      "ocf": 50347000,
      "capex": -16921000,
      "gross_margin": 0.15671772441444312,
      "op_margin": 0.09271903314592068,
      "fcf_margin": 0.09593346133645592
    },
    {
      "date": "2021-03-31T00:00:00",
      "quarter_label": "2021-03 (Q1)",
      "revenue": 482119000,
      "gross_profit": 85421000,
      "operating_income": 15409000,
      "net_income": -3966000,
      "opex": 466710000,
      "cogs": 396698000,
      "rd": null,
      "sga": null,
      "fcf": -17216000,
      "ocf": 18380000,
      "capex": -35596000,
      "gross_margin": 0.17717824852370473,
      "op_margin": 0.03196098888448703,
      "fcf_margin": -0.035709026194777636,
      "op_leverage_ratio": 0.9300299824945583,
      "fcf_margin_change": -0.13164248753123356
    },
    {
      "date": "2021-06-30T00:00:00",
      "quarter_label": "2021-06 (Q2)",
      "revenue": 617017000,
      "gross_profit": 126297000,
      "operating_income": 65407000,
      "net_income": 79107000,
      "opex": 551610000,
      "cogs": 490720000,
      "rd": null,
      "sga": null,
      "fcf": 85444000,
      "ocf": 129244000,
      "capex": -43800000,
      "gross_margin": 0.2046896600904027,
      "op_margin": 0.10600518300144081,
      "fcf_margin": 0.13847916670043126,
      "op_leverage_ratio": 1.5381216315837511,
      "fcf_margin_change": 0.1741881928952089
    },
    {
      "date": "2021-09-30T00:00:00",
      "quarter_label": "2021-09 (Q3)",
      "revenue": 653293000,
      "gross_profit": 123406000,
      "operating_income": 75710000,
      "net_income": 58092000,
      "opex": 577583000,
      "cogs": 529887000,
      "rd": null,
      "sga": null,
      "fcf": -33164000,
      "ocf": 27126000,
      "capex": -60290000,
      "gross_margin": 0.18889839627854577,
      "op_margin": 0.11588980748301299,
      "fcf_margin": -0.05076435841192237,
      "op_leverage_ratio": 1.2486257260016067,
      "fcf_margin_change": -0.18924352511235362
    },
    {
      "date": "2021-12-31T00:00:00",
      "quarter_label": "2021-12 (Q4)",
      "revenue": 702106000,
      "gross_profit": 110486000,
      "operating_income": 69079000,
      "net_income": 22942000,
      "opex": 643622000,
      "cogs": 591620000,
      "rd": null,
      "sga": null,
      "fcf": 37307000,
      "ocf": 100929000,
      "capex": -63622000,
      "gross_margin": 0.1573637029166536,
      "op_margin": 0.0983882775535318,
      "fcf_margin": 0.053135851281715295,
      "incr_op_margin_yoy": 0.10397339945769728,
      "rev_growth_yoy": 1.0150618920927936,
      "op_leverage_ratio": 0.6534937056486574,
      "fcf_margin_change": 0.10390020969363767
    },
    {
      "date": "2022-03-31T00:00:00",
      "quarter_label": "2022-03 (Q1)",
      "revenue": 706203000,
      "gross_profit": 109081000,
      "operating_income": 51552000,
      "net_income": 41750000,
      "opex": 654651000,
      "cogs": 597122000,
      "rd": null,
      "sga": null,
      "fcf": -10715000,
      "ocf": 66451000,
      "capex": -77166000,
      "gross_margin": 0.15446125264265373,
      "op_margin": 0.07299884027680426,
      "fcf_margin": -0.015172691138383723,
      "incr_op_margin_yoy": 0.16129219399867906,
      "rev_growth_yoy": 0.46478981330335456,
      "rev_growth_yoy_accel": -0.5502720787894391,
      "fcf_margin_change": -0.06830854242009901
    },
    {
      "date": "2022-06-30T00:00:00",
      "quarter_label": "2022-06 (Q2)",
      "revenue": 727614000,
      "gross_profit": 117603000,
      "operating_income": 59178000,
      "net_income": 14032000,
      "opex": 668436000,
      "cogs": 610011000,
      "rd": null,
      "sga": null,
      "fcf": 26299000,
      "ocf": 103473000,
      "capex": -77174000,
      "gross_margin": 0.16162828092917397,
      "op_margin": 0.08133158515366665,
      "fcf_margin": 0.036144164350878354,
      "incr_op_margin_yoy": -0.05632160004340082,
      "rev_growth_yoy": 0.17924465614399604,
      "rev_growth_yoy_accel": -0.2855451571593585,
      "op_leverage_ratio": 1.4398274813807286,
      "fcf_margin_change": 0.05131685548926208
    },
    {
      "date": "2022-09-30T00:00:00",
      "quarter_label": "2022-09 (Q3)",
      "revenue": 756495000,
      "gross_profit": 109781000,
      "operating_income": 52949000,
      "net_income": 16122000,
      "opex": 703546000,
      "cogs": 646714000,
      "rd": null,
      "sga": null,
      "fcf": 12852000,
      "ocf": 107023000,
      "capex": -94171000,
      "gross_margin": 0.14511794526070892,
      "op_margin": 0.06999253134521709,
      "fcf_margin": 0.016988876330973766,
      "incr_op_margin_yoy": -0.22054805139435282,
      "rev_growth_yoy": 0.15797199725085068,
      "rev_growth_yoy_accel": -0.021272658893145363,
      "op_leverage_ratio": 0.7556839216512945,
      "fcf_margin_change": -0.019155288019904588
    },
    {
      "date": "2022-12-31T00:00:00",
      "quarter_label": "2022-12 (Q4)",
      "revenue": 780283000,
      "gross_profit": 80961000,
      "operating_income": 26732000,
      "net_income": -2588000,
      "opex": 753551000,
      "cogs": 699322000,
      "rd": null,
      "sga": null,
      "fcf": -45992000,
      "ocf": 96920000,
      "capex": -142912000,
      "gross_margin": 0.10375850813102426,
      "op_margin": 0.034259364871463305,
      "fcf_margin": -0.058942716937316335,
      "incr_op_margin_yoy": -0.541681057088402,
      "rev_growth_yoy": 0.11134643486880898,
      "rev_growth_yoy_accel": -0.0466255623820417,
      "op_leverage_ratio": 0.4424161116760319,
      "fcf_margin_change": -0.0759315932682901
    },
    {
      "date": "2023-03-31T00:00:00",
      "quarter_label": "2023-03 (Q1)",
      "revenue": 744626000,
      "gross_profit": 89230000,
      "operating_income": 26177000,
      "net_income": 15707000,
      "opex": 718449000,
      "cogs": 655396000,
      "rd": null,
      "sga": null,
      "fcf": 51128000,
      "ocf": 140248000,
      "capex": -89120000,
      "gross_margin": 0.11983196933762721,
      "op_margin": 0.03515456081307932,
      "fcf_margin": 0.06866265749517207,
      "incr_op_margin_yoy": -0.6604117325560211,
      "rev_growth_yoy": 0.05440786855904039,
      "rev_growth_yoy_accel": -0.05693856630976859,
      "fcf_margin_change": 0.1276053744324884
    },
    {
      "date": "2023-06-30T00:00:00",
      "quarter_label": "2023-06 (Q2)",
      "revenue": 793286000,
      "gross_profit": 119889000,
      "operating_income": 54262000,
      "net_income": 13977000,
      "opex": 739024000,
      "cogs": 673397000,
      "rd": null,
      "sga": null,
      "fcf": 3709000,
      "ocf": 86319000,
      "capex": -82610000,
      "gross_margin": 0.15112960521173952,
      "op_margin": 0.06840156009308118,
      "fcf_margin": 0.004675489041783165,
      "incr_op_margin_yoy": -0.07485686441710318,
      "rev_growth_yoy": 0.09025664706836317,
      "rev_growth_yoy_accel": 0.03584877850932278,
      "op_leverage_ratio": 2.2818653254355072,
      "fcf_margin_change": -0.0639871684533889
    },
    {
      "date": "2023-09-30T00:00:00",
      "quarter_label": "2023-09 (Q3)",
      "revenue": 804031000,
      "gross_profit": 110543000,
      "operating_income": -461036000,
      "net_income": -454076000,
      "opex": 1265067000,
      "cogs": 693488000,
      "rd": null,
      "sga": null,
      "fcf": 21747000,
      "ocf": 98833000,
      "capex": -77086000,
      "gross_margin": 0.13748599245551477,
      "op_margin": -0.5734057517682776,
      "fcf_margin": 0.02704746458780818,
      "incr_op_margin_yoy": -10.812542073375967,
      "rev_growth_yoy": 0.06283716349744546,
      "rev_growth_yoy_accel": -0.02741948357091771,
      "op_leverage_ratio": 0.019028910634301458,
      "fcf_margin_change": 0.022371975546025016
    },
    {
      "date": "2023-12-31T00:00:00",
      "quarter_label": "2023-12 (Q4)",
      "revenue": 858234000,
      "gross_profit": 159902000,
      "operating_income": -217804000,
      "net_income": -254503000,
      "opex": 1076038000,
      "cogs": 698332000,
      "rd": null,
      "sga": null,
      "fcf": 66619000,
      "ocf": 155266000,
      "capex": -88647000,
      "gross_margin": 0.18631515414211042,
      "op_margin": -0.25378160268644684,
      "fcf_margin": 0.07762335213939323,
      "incr_op_margin_yoy": -3.137047632487075,
      "rev_growth_yoy": 0.09990093337929956,
      "rev_growth_yoy_accel": 0.0370637698818541,
      "op_leverage_ratio": Infinity,
      "fcf_margin_change": 0.05057588755158504
    },
    {
      "date": "2024-03-31T00:00:00",
      "quarter_label": "2024-03 (Q1)",
      "revenue": 792497000,
      "gross_profit": 116804000,
      "operating_income": 50531000,
      "net_income": -2134000,
      "opex": 741966000,
      "cogs": 675693000,
      "rd": null,
      "sga": null,
      "fcf": -38856000,
      "ocf": 49035000,
      "capex": -87891000,
      "gross_margin": 0.14738730872167338,
      "op_margin": 0.0637617555650053,
      "fcf_margin": -0.049029838598758105,
      "incr_op_margin_yoy": 0.5087422447828539,
      "rev_growth_yoy": 0.06428864960396226,
      "rev_growth_yoy_accel": -0.0356122837753373,
      "fcf_margin_change": -0.12665319073815134
    },
    {
      "date": "2024-06-30T00:00:00",
      "quarter_label": "2024-06 (Q2)",
      "revenue": 805975000,
      "gross_profit": 127002000,
      "operating_income": 52047000,
      "net_income": 19435000,
      "opex": 753928000,
      "cogs": 678973000,
      "rd": null,
      "sga": null,
      "fcf": 116712000,
      "ocf": 197984000,
      "capex": -81272000,
      "gross_margin": 0.15757560718384564,
      "op_margin": 0.06457644467880518,
      "fcf_margin": 0.14480846180092435,
      "incr_op_margin_yoy": -0.1745606430766806,
      "rev_growth_yoy": 0.01599549216802011,
      "rev_growth_yoy_accel": -0.04829315743594215,
      "op_leverage_ratio": 1.054892079793919,
      "fcf_margin_change": 0.19383830039968247
    },
    {
      "date": "2024-09-30T00:00:00",
      "quarter_label": "2024-09 (Q3)",
      "revenue": 805858000,
      "gross_profit": 123992000,
      "operating_income": 63487000,
      "net_income": 22859000,
      "opex": 742371000,
      "cogs": 681866000,
      "rd": null,
      "sga": null,
      "fcf": 84849000,
      "ocf": 144405000,
      "capex": -59556000,
      "gross_margin": 0.15386333572415983,
      "op_margin": 0.07878186975869197,
      "fcf_margin": 0.10529026205609425,
      "incr_op_margin_yoy": 287.0952380952381,
      "rev_growth_yoy": 0.0022723004461270772,
      "rev_growth_yoy_accel": -0.01372319172189303,
      "fcf_margin_change": -0.039518199744830104
    },
    {
      "date": "2024-12-31T00:00:00",
      "quarter_label": "2024-12 (Q4)",
      "revenue": 856645000,
      "gross_profit": 313295000,
      "operating_income": 97667000,
      "net_income": 50262000,
      "opex": 758978000,
      "cogs": 543350000,
      "rd": null,
      "sga": null,
      "fcf": 73079000,
      "ocf": 150415000,
      "capex": -77336000,
      "gross_margin": 0.3657232575921181,
      "op_margin": 0.11401105475430312,
      "fcf_margin": 0.08530838328595859,
      "incr_op_margin_yoy": -198.53429830081814,
      "rev_growth_yoy": -0.0018514764038712053,
      "rev_growth_yoy_accel": -0.004123776849998283,
      "op_leverage_ratio": 2.8172400301418263,
      "fcf_margin_change": -0.019981878770135658
    },
    {
      "date": "2025-03-31T00:00:00",
      "quarter_label": "2025-03 (Q1)",
      "revenue": 777882000,
      "gross_profit": 120438000,
      "operating_income": 23170000,
      "net_income": -7207000,
      "opex": 754712000,
      "cogs": 657444000,
      "rd": null,
      "sga": null,
      "fcf": -58000,
      "ocf": 95527000,
      "capex": -95585000,
      "gross_margin": 0.15482811017609355,
      "op_margin": 0.02978600867483757,
      "fcf_margin": -7.456143733882517e-05,
      "incr_op_margin_yoy": 1.8721176873075607,
      "rev_growth_yoy": -0.018441710189439204,
      "rev_growth_yoy_accel": -0.016590233785568,
      "fcf_margin_change": -0.08538294472329741
    },
    {
      "date": "2025-06-30T00:00:00",
      "quarter_label": "2025-06 (Q2)",
      "revenue": 800372000,
      "gross_profit": 154658000,
      "operating_income": 79252000,
      "net_income": 14674000,
      "opex": 753345000,
      "cogs": 645714000,
      "rd": null,
      "sga": null,
      "fcf": 73329000,
      "ocf": 161994000,
      "capex": -88665000,
      "gross_margin": 0.19323264681922905,
      "op_margin": 0.0990189561853738,
      "fcf_margin": 0.09161864732899203,
      "incr_op_margin_yoy": -4.855434588613243,
      "rev_growth_yoy": -0.006951828530661621,
      "rev_growth_yoy_accel": 0.011489881658777583,
      "op_leverage_ratio": Infinity,
      "fcf_margin_change": 0.09169320876633084
    },
    {
      "date": "2025-09-30T00:00:00",
      "quarter_label": "2025-09 (Q3)",
      "revenue": 820314000,
      "gross_profit": 161942000,
      "operating_income": 61730000,
      "net_income": 24509000,
      "opex": 758584000,
      "cogs": 658372000,
      "rd": null,
      "sga": null,
      "fcf": 66824000,
      "ocf": 161066000,
      "capex": -94242000,
      "gross_margin": 0.19741464853702362,
      "op_margin": 0.0752516719207523,
      "fcf_margin": 0.08146148913708653,
      "incr_op_margin_yoy": -0.12154122855561704,
      "rev_growth_yoy": 0.01793864427727962,
      "rev_growth_yoy_accel": 0.02489047280794124,
      "op_leverage_ratio": 3.5827981117812473,
      "fcf_margin_change": -0.010157158191905491
    }
  ],
  "signals": [
    {
      "quarter": "2025-09 (Q3)",
      "signal": "OPERATING LEVERAGE",
      "detail": "Rev growth +2.5% vs OpEx growth +0.7% (leverage: 3.6x)",
      "severity": "MEDIUM"
    },
    {
      "quarter": "2025-06 (Q2)",
      "signal": "FCF TURNED POSITIVE",
      "detail": "FCF margin: -0.0% -> +9.2%",
      "severity": "HIGH"
    },
    {
      "quarter": "2025-06 (Q2)",
      "signal": "GROSS MARGIN INFLECTION",
      "detail": "GM: +36.6% -> +15.5% -> +19.3% (reversal +3.8%)",
      "severity": "MEDIUM"
    },
    {
      "quarter": "2025-03 (Q1)",
      "signal": "INCREMENTAL MARGIN (YoY)",
      "detail": "YoY Incr OPM: +187.2% vs year-ago OPM: +6.4%",
      "severity": "HIGH"
    },
    {
      "quarter": "2024-12 (Q4)",
      "signal": "OPERATING LEVERAGE",
      "detail": "Rev growth +6.3% vs OpEx growth +2.2% (leverage: 2.8x)",
      "severity": "MEDIUM"
    },
    {
      "quarter": "2024-12 (Q4)",
      "signal": "GROSS MARGIN INFLECTION",
      "detail": "GM: +15.8% -> +15.4% -> +36.6% (reversal +21.2%)",
      "severity": "HIGH"
    },
    {
      "quarter": "2024-12 (Q4)",
      "signal": "OP MARGIN TURNED POSITIVE (YoY)",
      "detail": "Op margin: -25.4% (year-ago) -> +11.4%",
      "severity": "HIGH"
    },
    {
      "quarter": "2024-09 (Q3)",
      "signal": "OP MARGIN TURNED POSITIVE (YoY)",
      "detail": "Op margin: -57.3% (year-ago) -> +7.9%",
      "severity": "HIGH"
    },
    {
      "quarter": "2024-06 (Q2)",
      "signal": "FCF TURNED POSITIVE",
      "detail": "FCF margin: -4.9% -> +14.5%",
      "severity": "HIGH"
    },
    {
      "quarter": "2024-03 (Q1)",
      "signal": "INCREMENTAL MARGIN (YoY)",
      "detail": "YoY Incr OPM: +50.9% vs year-ago OPM: +3.5%",
      "severity": "HIGH"
    },
    {
      "quarter": "2024-03 (Q1)",
      "signal": "OP MARGIN TURNED POSITIVE (QoQ)",
      "detail": "Op margin: -25.4% -> +6.4%",
      "severity": "HIGH"
    },
    {
      "quarter": "2023-12 (Q4)",
      "signal": "FCF MARGIN EXPANSION",
      "detail": "FCF margin: +2.7% -> +7.8% (+5.1%)",
      "severity": "MEDIUM"
    },
    {
      "quarter": "2023-12 (Q4)",
      "signal": "GROSS MARGIN INFLECTION",
      "detail": "GM: +15.1% -> +13.7% -> +18.6% (reversal +4.9%)",
      "severity": "MEDIUM"
    },
    {
      "quarter": "2023-06 (Q2)",
      "signal": "OPERATING LEVERAGE",
      "detail": "Rev growth +6.5% vs OpEx growth +2.9% (leverage: 2.3x)",
      "severity": "MEDIUM"
    },
    {
      "quarter": "2023-03 (Q1)",
      "signal": "FCF TURNED POSITIVE",
      "detail": "FCF margin: -5.9% -> +6.9%",
      "severity": "HIGH"
    },
    {
      "quarter": "2023-03 (Q1)",
      "signal": "YoY REVENUE GROWTH DECELERATION",
      "detail": "YoY growth: +5.4% vs prior quarter YoY: +11.1% (decel: -5.7%)",
      "severity": "WARNING"
    },
    {
      "quarter": "2022-06 (Q2)",
      "signal": "FCF TURNED POSITIVE",
      "detail": "FCF margin: -1.5% -> +3.6%",
      "severity": "HIGH"
    },
    {
      "quarter": "2022-06 (Q2)",
      "signal": "YoY REVENUE GROWTH DECELERATION",
      "detail": "YoY growth: +17.9% vs prior quarter YoY: +46.5% (decel: -28.6%)",
      "severity": "WARNING"
    },
    {
      "quarter": "2022-03 (Q1)",
      "signal": "YoY REVENUE GROWTH DECELERATION",
      "detail": "YoY growth: +46.5% vs prior quarter YoY: +101.5% (decel: -55.0%)",
      "severity": "WARNING"
    },
    {
      "quarter": "2022-03 (Q1)",
      "signal": "INCREMENTAL MARGIN (YoY)",
      "detail": "YoY Incr OPM: +16.1% vs year-ago OPM: +3.2%",
      "severity": "MEDIUM"
    },
    {
      "quarter": "2021-12 (Q4)",
      "signal": "FCF TURNED POSITIVE",
      "detail": "FCF margin: -5.1% -> +5.3%",
      "severity": "HIGH"
    },
    {
      "quarter": "2021-06 (Q2)",
      "signal": "FCF TURNED POSITIVE",
      "detail": "FCF margin: -3.6% -> +13.8%",
      "severity": "HIGH"
    },
    {
      "quarter": "2021-06 (Q2)",
      "signal": "OPERATING LEVERAGE",
      "detail": "Rev growth +28.0% vs OpEx growth +18.2% (leverage: 1.5x)",
      "severity": "MEDIUM"
    }
  ],
  "data_quality": {
    "n_quarters": 20,
    "coverage": {
      "revenue": [
        20,
        20
      ],
      "gross_profit": [
        20,
        20
      ],
      "op_income": [
        20,
        20
      ],
      "fcf": [
        20,
        20
      ]
    },
    "gaps": [],
    "warnings": []
  },
  "market_cap": null,
  "source": "SEC EDGAR",
  "last_updated": "2026-02-02T21:51:57.942405"
}