{
  "ticker": "AHT-PG",
  "name": "ASHFORD HOSPITALITY TRUST, INC.",
  "quarters": [
    {
      "date": "2020-12-31T00:00:00",
      "quarter_label": "2020-12 (Q4)",
      "revenue": 90253000,
      "gross_profit": 6996000,
      "operating_income": -99665000,
      "net_income": -125778000,
      "opex": 189991000,
      "cogs": 83257000,
      "rd": null,
      "sga": null,
      "fcf": -50647000,
      "ocf": -50647000,
      "capex": null,
      "gross_margin": 0.07751542885001053,
      "op_margin": -1.1042846221178244,
      "fcf_margin": -0.5611669418191085
    },
    {
      "date": "2021-03-31T00:00:00",
      "quarter_label": "2021-03 (Q1)",
      "revenue": 115830000,
      "gross_profit": 24283000,
      "operating_income": -70042000,
      "net_income": -103038000,
      "opex": 185803000,
      "cogs": 91547000,
      "rd": null,
      "sga": null,
      "fcf": -91926000,
      "ocf": -91926000,
      "capex": null,
      "gross_margin": 0.2096434429767763,
      "op_margin": -0.6046965380298713,
      "fcf_margin": -0.7936285936285936,
      "op_leverage_ratio": Infinity,
      "fcf_margin_change": -0.23246165180948508
    },
    {
      "date": "2021-06-30T00:00:00",
      "quarter_label": "2021-06 (Q2)",
      "revenue": 193412000,
      "gross_profit": 58980000,
      "operating_income": -35638000,
      "net_income": -64292000,
      "opex": 229411000,
      "cogs": 134432000,
      "rd": null,
      "sga": null,
      "fcf": -22680000,
      "ocf": -22680000,
      "capex": null,
      "gross_margin": 0.30494488449527435,
      "op_margin": -0.18425950820011167,
      "fcf_margin": -0.1172626310673588,
      "op_leverage_ratio": 2.853819280173772,
      "fcf_margin_change": 0.6763659625612348
    },
    {
      "date": "2021-09-30T00:00:00",
      "quarter_label": "2021-09 (Q3)",
      "revenue": 247434000,
      "gross_profit": 75092000,
      "operating_income": -4905000,
      "net_income": -43692000,
      "opex": 252442000,
      "cogs": 172342000,
      "rd": null,
      "sga": null,
      "fcf": 1077000,
      "ocf": 1077000,
      "capex": null,
      "gross_margin": 0.3034829489884171,
      "op_margin": -0.019823468076335508,
      "fcf_margin": 0.004352675865079173,
      "op_leverage_ratio": 2.782202172635072,
      "fcf_margin_change": 0.12161530693243798
    },
    {
      "date": "2021-12-31T00:00:00",
      "quarter_label": "2021-12 (Q4)",
      "revenue": 248735000,
      "gross_profit": 70250000,
      "operating_income": -14582000,
      "net_income": -55983000,
      "opex": 264371000,
      "cogs": 178485000,
      "rd": null,
      "sga": null,
      "fcf": -30659000,
      "ocf": -30659000,
      "capex": null,
      "gross_margin": 0.28242909120147947,
      "op_margin": -0.05862464068185016,
      "fcf_margin": -0.12325969405190262,
      "incr_op_margin_yoy": 0.5368622304110245,
      "rev_growth_yoy": 1.755974870641419,
      "fcf_margin_change": -0.1276123699169818
    },
    {
      "date": "2022-03-31T00:00:00",
      "quarter_label": "2022-03 (Q1)",
      "revenue": 247138000,
      "gross_profit": 70360000,
      "operating_income": -14606000,
      "net_income": -55430000,
      "opex": 261847000,
      "cogs": 176778000,
      "rd": null,
      "sga": null,
      "fcf": -14454000,
      "ocf": -14454000,
      "capex": null,
      "gross_margin": 0.28469923686361465,
      "op_margin": -0.059100583479675325,
      "fcf_margin": -0.05848554249043045,
      "incr_op_margin_yoy": 0.4221829591494806,
      "rev_growth_yoy": 1.1336268669602003,
      "rev_growth_yoy_accel": -0.6223480036812188,
      "fcf_margin_change": 0.06477415156147218
    },
    {
      "date": "2022-06-30T00:00:00",
      "quarter_label": "2022-06 (Q2)",
      "revenue": 348095000,
      "gross_profit": 126939000,
      "operating_income": 42148000,
      "net_income": -6170000,
      "opex": 306128000,
      "cogs": 221156000,
      "rd": null,
      "sga": null,
      "fcf": 50125000,
      "ocf": 50125000,
      "capex": null,
      "gross_margin": 0.3646676912911705,
      "op_margin": 0.12108188856490326,
      "fcf_margin": 0.14399804651029174,
      "incr_op_margin_yoy": 0.5028736189497229,
      "rev_growth_yoy": 0.7997590635534506,
      "rev_growth_yoy_accel": -0.3338678034067497,
      "op_leverage_ratio": 2.415611516814406,
      "fcf_margin_change": 0.2024835890007222
    },
    {
      "date": "2022-09-30T00:00:00",
      "quarter_label": "2022-09 (Q3)",
      "revenue": 328156000,
      "gross_profit": 111900000,
      "operating_income": 33291000,
      "net_income": -22092000,
      "opex": 294854000,
      "cogs": 216256000,
      "rd": null,
      "sga": null,
      "fcf": 3839000,
      "ocf": 3839000,
      "capex": null,
      "gross_margin": 0.3409963553919477,
      "op_margin": 0.10144870122746498,
      "fcf_margin": 0.011698704274796133,
      "incr_op_margin_yoy": 0.4731795545204529,
      "rev_growth_yoy": 0.3262364913471875,
      "rev_growth_yoy_accel": -0.4735225722062631,
      "fcf_margin_change": -0.1322993422354956
    },
    {
      "date": "2022-12-31T00:00:00",
      "quarter_label": "2022-12 (Q4)",
      "revenue": 317470000,
      "gross_profit": 95667000,
      "operating_income": 15422000,
      "net_income": -56133000,
      "opex": 302075000,
      "cogs": 221803000,
      "rd": null,
      "sga": null,
      "fcf": -286000,
      "ocf": -286000,
      "capex": null,
      "gross_margin": 0.30134185907329825,
      "op_margin": 0.04857781837653952,
      "fcf_margin": -0.0009008725233880366,
      "incr_op_margin_yoy": 0.4365170582672583,
      "rev_growth_yoy": 0.27633827165457214,
      "rev_growth_yoy_accel": -0.049898219692615375,
      "fcf_margin_change": -0.01259957679818417
    },
    {
      "date": "2023-03-31T00:00:00",
      "quarter_label": "2023-03 (Q1)",
      "revenue": 328886000,
      "gross_profit": 103768000,
      "operating_income": 23754000,
      "net_income": -60922000,
      "opex": 305108000,
      "cogs": 225118000,
      "rd": null,
      "sga": null,
      "fcf": 4624000,
      "ocf": 4624000,
      "capex": null,
      "gross_margin": 0.3155135822138978,
      "op_margin": 0.07222563441435634,
      "fcf_margin": 0.014059582955796233,
      "incr_op_margin_yoy": 0.4692469540539218,
      "rev_growth_yoy": 0.33077875518940836,
      "rev_growth_yoy_accel": 0.054440483534836215,
      "op_leverage_ratio": 3.5814067018136955,
      "fcf_margin_change": 0.01496045547918427
    },
    {
      "date": "2023-06-30T00:00:00",
      "quarter_label": "2023-06 (Q2)",
      "revenue": 375749000,
      "gross_profit": 135072000,
      "operating_income": 52824000,
      "net_income": -24608000,
      "opex": 324002000,
      "cogs": 240677000,
      "rd": null,
      "sga": null,
      "fcf": 30665000,
      "ocf": 30665000,
      "capex": null,
      "gross_margin": 0.3594740105762091,
      "op_margin": 0.1405832084716127,
      "fcf_margin": 0.08161033030028024,
      "incr_op_margin_yoy": 0.3860562667245245,
      "rev_growth_yoy": 0.0794438299889398,
      "rev_growth_yoy_accel": -0.2513349252004686,
      "op_leverage_ratio": 2.300988161954543,
      "fcf_margin_change": 0.067550747344484
    },
    {
      "date": "2023-09-30T00:00:00",
      "quarter_label": "2023-09 (Q3)",
      "revenue": 343014000,
      "gross_profit": 110388000,
      "operating_income": 37213000,
      "net_income": -63562000,
      "opex": 312191000,
      "cogs": 232626000,
      "rd": null,
      "sga": null,
      "fcf": 760000,
      "ocf": 760000,
      "capex": null,
      "gross_margin": 0.32181776837097026,
      "op_margin": 0.1084882832770674,
      "fcf_margin": 0.0022156530054166885,
      "incr_op_margin_yoy": 0.2639655404495894,
      "rev_growth_yoy": 0.045277246187788736,
      "rev_growth_yoy_accel": -0.03416658380115106,
      "fcf_margin_change": -0.07939467729486355
    },
    {
      "date": "2023-12-31T00:00:00",
      "quarter_label": "2023-12 (Q4)",
      "revenue": 319884000,
      "gross_profit": 92868000,
      "operating_income": 16652000,
      "net_income": -29397000,
      "opex": 307277000,
      "cogs": 227016000,
      "rd": null,
      "sga": null,
      "fcf": -21659000,
      "ocf": -21659000,
      "capex": null,
      "gross_margin": 0.2903177401808155,
      "op_margin": 0.05205637043428243,
      "fcf_margin": -0.0677089194833127,
      "incr_op_margin_yoy": 0.5095277547638773,
      "rev_growth_yoy": 0.007603868082023498,
      "rev_growth_yoy_accel": -0.03767337810576524,
      "fcf_margin_change": -0.0699245724887294
    },
    {
      "date": "2024-03-31T00:00:00",
      "quarter_label": "2024-03 (Q1)",
      "revenue": 303896000,
      "gross_profit": 93009000,
      "operating_income": 152493000,
      "net_income": 71561000,
      "opex": 292268000,
      "cogs": 210887000,
      "rd": null,
      "sga": null,
      "fcf": -46454000,
      "ocf": -46454000,
      "capex": null,
      "gross_margin": 0.3060553610445679,
      "op_margin": 0.5017933766814963,
      "fcf_margin": -0.15286150525179668,
      "incr_op_margin_yoy": -5.151620648259303,
      "rev_growth_yoy": -0.07598377553316346,
      "rev_growth_yoy_accel": -0.08358764361518696,
      "fcf_margin_change": -0.08515258576848397
    },
    {
      "date": "2024-06-30T00:00:00",
      "quarter_label": "2024-06 (Q2)",
      "revenue": 316482000,
      "gross_profit": 109037000,
      "operating_income": 135502000,
      "net_income": 50254000,
      "opex": 280146000,
      "cogs": 207445000,
      "rd": null,
      "sga": null,
      "fcf": 7965000,
      "ocf": 7965000,
      "capex": null,
      "gross_margin": 0.3445282828091329,
      "op_margin": 0.4281507321111469,
      "fcf_margin": 0.02516730809335128,
      "incr_op_margin_yoy": -1.3950090269458553,
      "rev_growth_yoy": -0.1577302933607275,
      "rev_growth_yoy_accel": -0.08174651782756404,
      "op_leverage_ratio": Infinity,
      "fcf_margin_change": 0.17802881334514795
    },
    {
      "date": "2024-09-30T00:00:00",
      "quarter_label": "2024-09 (Q3)",
      "revenue": 276600000,
      "gross_profit": 81766000,
      "operating_income": 20172000,
      "net_income": -57905000,
      "opex": 267551000,
      "cogs": 194834000,
      "rd": null,
      "sga": null,
      "fcf": 795000,
      "ocf": 795000,
      "capex": null,
      "gross_margin": 0.2956109906001446,
      "op_margin": 0.07292841648590022,
      "fcf_margin": 0.0028741865509761388,
      "incr_op_margin_yoy": 0.25658746649802755,
      "rev_growth_yoy": -0.19361891934439993,
      "rev_growth_yoy_accel": -0.03588862598367243,
      "fcf_margin_change": -0.022293121542375144
    },
    {
      "date": "2024-12-31T00:00:00",
      "quarter_label": "2024-12 (Q4)",
      "revenue": 275481000,
      "gross_profit": 73291000,
      "operating_income": -48959000,
      "net_income": -124210000,
      "opex": 334869000,
      "cogs": 202190000,
      "rd": null,
      "sga": null,
      "fcf": 14102000,
      "ocf": 14102000,
      "capex": null,
      "gross_margin": 0.26604738620812324,
      "op_margin": -0.17772187555584595,
      "fcf_margin": 0.05119046322613901,
      "incr_op_margin_yoy": 1.4776253856721393,
      "rev_growth_yoy": -0.1388096935138988,
      "rev_growth_yoy_accel": 0.05480922583050113,
      "fcf_margin_change": 0.04831627667516287
    },
    {
      "date": "2025-03-31T00:00:00",
      "quarter_label": "2025-03 (Q1)",
      "revenue": 277359000,
      "gross_profit": 88885000,
      "operating_income": 61534000,
      "net_income": -19971000,
      "opex": 257739000,
      "cogs": 188474000,
      "rd": null,
      "sga": null,
      "fcf": -24992000,
      "ocf": -24992000,
      "capex": null,
      "gross_margin": 0.32046913927437004,
      "op_margin": 0.22185687141935181,
      "fcf_margin": -0.09010704538161733,
      "incr_op_margin_yoy": 3.4276293477032067,
      "rev_growth_yoy": -0.08732263669149973,
      "rev_growth_yoy_accel": 0.05148705682239907,
      "fcf_margin_change": -0.14129750860775633
    },
    {
      "date": "2025-06-30T00:00:00",
      "quarter_label": "2025-06 (Q2)",
      "revenue": 302001000,
      "gross_profit": 103171000,
      "operating_income": 49296000,
      "net_income": -30396000,
      "opex": 269289000,
      "cogs": 198830000,
      "rd": null,
      "sga": null,
      "fcf": 16344000,
      "ocf": 16344000,
      "capex": null,
      "gross_margin": 0.3416246966069649,
      "op_margin": 0.1632312475786504,
      "fcf_margin": 0.05411902609594008,
      "incr_op_margin_yoy": 5.953041916994683,
      "rev_growth_yoy": -0.045756156748251085,
      "rev_growth_yoy_accel": 0.04156647994324864,
      "op_leverage_ratio": 1.9825851338152722,
      "fcf_margin_change": 0.14422607147755742
    },
    {
      "date": "2025-09-30T00:00:00",
      "quarter_label": "2025-09 (Q3)",
      "revenue": 266061000,
      "gross_profit": 72789000,
      "operating_income": 12217000,
      "net_income": -60149000,
      "opex": 280300000,
      "cogs": 193272000,
      "rd": null,
      "sga": null,
      "fcf": 5492000,
      "ocf": 5492000,
      "capex": null,
      "gross_margin": 0.27358011884492656,
      "op_margin": 0.045918041351419414,
      "fcf_margin": 0.020641882876483213,
      "incr_op_margin_yoy": 0.7548154473859,
      "rev_growth_yoy": -0.03810195227765727,
      "rev_growth_yoy_accel": 0.007654204470593819,
      "fcf_margin_change": -0.03347714321945687
    }
  ],
  "signals": [
    {
      "quarter": "2025-09 (Q3)",
      "signal": "INCREMENTAL MARGIN (YoY)",
      "detail": "YoY Incr OPM: +75.5% vs year-ago OPM: +7.3%",
      "severity": "HIGH"
    },
    {
      "quarter": "2025-06 (Q2)",
      "signal": "FCF TURNED POSITIVE",
      "detail": "FCF margin: -9.0% -> +5.4%",
      "severity": "HIGH"
    },
    {
      "quarter": "2025-06 (Q2)",
      "signal": "OPERATING LEVERAGE",
      "detail": "Rev growth +8.9% vs OpEx growth +4.5% (leverage: 2.0x)",
      "severity": "MEDIUM"
    },
    {
      "quarter": "2025-06 (Q2)",
      "signal": "INCREMENTAL MARGIN (YoY)",
      "detail": "YoY Incr OPM: +595.3% vs year-ago OPM: +42.8%",
      "severity": "HIGH"
    },
    {
      "quarter": "2025-03 (Q1)",
      "signal": "GROSS MARGIN INFLECTION",
      "detail": "GM: +29.6% -> +26.6% -> +32.0% (reversal +5.4%)",
      "severity": "HIGH"
    },
    {
      "quarter": "2025-03 (Q1)",
      "signal": "YoY REVENUE GROWTH ACCELERATION",
      "detail": "YoY growth: -8.7% vs prior quarter YoY: -13.9% (accel: +5.1%)",
      "severity": "MEDIUM"
    },
    {
      "quarter": "2025-03 (Q1)",
      "signal": "INCREMENTAL MARGIN (YoY)",
      "detail": "YoY Incr OPM: +342.8% vs year-ago OPM: +50.2%",
      "severity": "HIGH"
    },
    {
      "quarter": "2025-03 (Q1)",
      "signal": "OP MARGIN TURNED POSITIVE (QoQ)",
      "detail": "Op margin: -17.8% -> +22.2%",
      "severity": "HIGH"
    },
    {
      "quarter": "2024-12 (Q4)",
      "signal": "YoY REVENUE GROWTH ACCELERATION",
      "detail": "YoY growth: -13.9% vs prior quarter YoY: -19.4% (accel: +5.5%)",
      "severity": "MEDIUM"
    },
    {
      "quarter": "2024-09 (Q3)",
      "signal": "INCREMENTAL MARGIN (YoY)",
      "detail": "YoY Incr OPM: +25.7% vs year-ago OPM: +10.8%",
      "severity": "MEDIUM"
    },
    {
      "quarter": "2024-06 (Q2)",
      "signal": "FCF TURNED POSITIVE",
      "detail": "FCF margin: -15.3% -> +2.5%",
      "severity": "HIGH"
    },
    {
      "quarter": "2024-06 (Q2)",
      "signal": "YoY REVENUE GROWTH DECELERATION",
      "detail": "YoY growth: -15.8% vs prior quarter YoY: -7.6% (decel: -8.2%)",
      "severity": "WARNING"
    },
    {
      "quarter": "2024-03 (Q1)",
      "signal": "YoY REVENUE GROWTH DECELERATION",
      "detail": "YoY growth: -7.6% vs prior quarter YoY: +0.8% (decel: -8.4%)",
      "severity": "WARNING"
    },
    {
      "quarter": "2023-12 (Q4)",
      "signal": "INCREMENTAL MARGIN (YoY)",
      "detail": "YoY Incr OPM: +51.0% vs year-ago OPM: +4.9%",
      "severity": "HIGH"
    },
    {
      "quarter": "2023-09 (Q3)",
      "signal": "INCREMENTAL MARGIN (YoY)",
      "detail": "YoY Incr OPM: +26.4% vs year-ago OPM: +10.1%",
      "severity": "MEDIUM"
    },
    {
      "quarter": "2023-06 (Q2)",
      "signal": "FCF MARGIN EXPANSION",
      "detail": "FCF margin: +1.4% -> +8.2% (+6.8%)",
      "severity": "MEDIUM"
    },
    {
      "quarter": "2023-06 (Q2)",
      "signal": "OPERATING LEVERAGE",
      "detail": "Rev growth +14.2% vs OpEx growth +6.2% (leverage: 2.3x)",
      "severity": "MEDIUM"
    },
    {
      "quarter": "2023-06 (Q2)",
      "signal": "YoY REVENUE GROWTH DECELERATION",
      "detail": "YoY growth: +7.9% vs prior quarter YoY: +33.1% (decel: -25.1%)",
      "severity": "WARNING"
    },
    {
      "quarter": "2023-06 (Q2)",
      "signal": "INCREMENTAL MARGIN (YoY)",
      "detail": "YoY Incr OPM: +38.6% vs year-ago OPM: +12.1%",
      "severity": "HIGH"
    },
    {
      "quarter": "2023-03 (Q1)",
      "signal": "FCF TURNED POSITIVE",
      "detail": "FCF margin: -0.1% -> +1.4%",
      "severity": "HIGH"
    },
    {
      "quarter": "2023-03 (Q1)",
      "signal": "OPERATING LEVERAGE",
      "detail": "Rev growth +3.6% vs OpEx growth +1.0% (leverage: 3.6x)",
      "severity": "MEDIUM"
    },
    {
      "quarter": "2023-03 (Q1)",
      "signal": "YoY REVENUE GROWTH ACCELERATION",
      "detail": "YoY growth: +33.1% vs prior quarter YoY: +27.6% (accel: +5.4%)",
      "severity": "MEDIUM"
    },
    {
      "quarter": "2023-03 (Q1)",
      "signal": "OP MARGIN TURNED POSITIVE (YoY)",
      "detail": "Op margin: -5.9% (year-ago) -> +7.2%",
      "severity": "HIGH"
    },
    {
      "quarter": "2022-12 (Q4)",
      "signal": "OP MARGIN TURNED POSITIVE (YoY)",
      "detail": "Op margin: -5.9% (year-ago) -> +4.9%",
      "severity": "HIGH"
    },
    {
      "quarter": "2022-09 (Q3)",
      "signal": "YoY REVENUE GROWTH DECELERATION",
      "detail": "YoY growth: +32.6% vs prior quarter YoY: +80.0% (decel: -47.4%)",
      "severity": "WARNING"
    },
    {
      "quarter": "2022-09 (Q3)",
      "signal": "OP MARGIN TURNED POSITIVE (YoY)",
      "detail": "Op margin: -2.0% (year-ago) -> +10.1%",
      "severity": "HIGH"
    },
    {
      "quarter": "2022-06 (Q2)",
      "signal": "FCF TURNED POSITIVE",
      "detail": "FCF margin: -5.8% -> +14.4%",
      "severity": "HIGH"
    },
    {
      "quarter": "2022-06 (Q2)",
      "signal": "OPERATING LEVERAGE",
      "detail": "Rev growth +40.9% vs OpEx growth +16.9% (leverage: 2.4x)",
      "severity": "MEDIUM"
    },
    {
      "quarter": "2022-06 (Q2)",
      "signal": "YoY REVENUE GROWTH DECELERATION",
      "detail": "YoY growth: +80.0% vs prior quarter YoY: +113.4% (decel: -33.4%)",
      "severity": "WARNING"
    },
    {
      "quarter": "2022-06 (Q2)",
      "signal": "OP MARGIN TURNED POSITIVE (YoY)",
      "detail": "Op margin: -18.4% (year-ago) -> +12.1%",
      "severity": "HIGH"
    },
    {
      "quarter": "2022-06 (Q2)",
      "signal": "OP MARGIN TURNED POSITIVE (QoQ)",
      "detail": "Op margin: -5.9% -> +12.1%",
      "severity": "HIGH"
    },
    {
      "quarter": "2022-03 (Q1)",
      "signal": "FCF MARGIN EXPANSION",
      "detail": "FCF margin: -12.3% -> -5.8% (+6.5%)",
      "severity": "MEDIUM"
    },
    {
      "quarter": "2022-03 (Q1)",
      "signal": "YoY REVENUE GROWTH DECELERATION",
      "detail": "YoY growth: +113.4% vs prior quarter YoY: +175.6% (decel: -62.2%)",
      "severity": "WARNING"
    },
    {
      "quarter": "2021-09 (Q3)",
      "signal": "FCF TURNED POSITIVE",
      "detail": "FCF margin: -11.7% -> +0.4%",
      "severity": "HIGH"
    },
    {
      "quarter": "2021-09 (Q3)",
      "signal": "OPERATING LEVERAGE",
      "detail": "Rev growth +27.9% vs OpEx growth +10.0% (leverage: 2.8x)",
      "severity": "MEDIUM"
    },
    {
      "quarter": "2021-06 (Q2)",
      "signal": "FCF MARGIN EXPANSION",
      "detail": "FCF margin: -79.4% -> -11.7% (+67.6%)",
      "severity": "MEDIUM"
    },
    {
      "quarter": "2021-06 (Q2)",
      "signal": "OPERATING LEVERAGE",
      "detail": "Rev growth +67.0% vs OpEx growth +23.5% (leverage: 2.9x)",
      "severity": "MEDIUM"
    }
  ],
  "data_quality": {
    "n_quarters": 20,
    "coverage": {
      "revenue": [
        20,
        20
      ],
      "gross_profit": [
        20,
        20
      ],
      "op_income": [
        20,
        20
      ],
      "fcf": [
        20,
        20
      ]
    },
    "gaps": [],
    "warnings": []
  },
  "market_cap": null,
  "source": "SEC EDGAR",
  "last_updated": "2026-02-03T00:58:05.438566",
  "sector": "Real Estate",
  "industry": "REIT - Hotel & Motel"
}