{
  "ticker": "AIN",
  "name": "ALBANY INTERNATIONAL CORP.",
  "quarters": [
    {
      "date": "2020-12-31T00:00:00",
      "quarter_label": "2020-12 (Q4)",
      "revenue": 226857000,
      "gross_profit": 91318000,
      "operating_income": 34986000,
      "net_income": 27537000,
      "opex": 56332000,
      "cogs": 135539000,
      "rd": null,
      "sga": 45742000,
      "fcf": 46417000,
      "ocf": 56560000,
      "capex": -10143000,
      "gross_margin": 0.40253551796946974,
      "op_margin": 0.154220500138854,
      "fcf_margin": 0.20460907091251318
    },
    {
      "date": "2021-03-31T00:00:00",
      "quarter_label": "2021-03 (Q1)",
      "revenue": 222362000,
      "gross_profit": 88546000,
      "operating_income": 41818000,
      "net_income": 27582000,
      "opex": 46728000,
      "cogs": 133816000,
      "rd": null,
      "sga": 37195000,
      "fcf": 21152000,
      "ocf": 33686000,
      "capex": -12534000,
      "gross_margin": 0.398206528093829,
      "op_margin": 0.18806270855631807,
      "fcf_margin": 0.09512416689902052,
      "fcf_margin_change": -0.10948490401349266
    },
    {
      "date": "2021-06-30T00:00:00",
      "quarter_label": "2021-06 (Q2)",
      "revenue": 234519000,
      "gross_profit": 101728000,
      "operating_income": 49966000,
      "net_income": 31397000,
      "opex": 51762000,
      "cogs": 132791000,
      "rd": null,
      "sga": 42009000,
      "fcf": 51651000,
      "ocf": 61953000,
      "capex": -10302000,
      "gross_margin": 0.43377295656215487,
      "op_margin": 0.21305736422208862,
      "fcf_margin": 0.22024228314123803,
      "op_leverage_ratio": 0.5074927322442431,
      "fcf_margin_change": 0.12511811624221753
    },
    {
      "date": "2021-09-30T00:00:00",
      "quarter_label": "2021-09 (Q3)",
      "revenue": 232442000,
      "gross_profit": 92042000,
      "operating_income": 44486000,
      "net_income": 30862000,
      "opex": 47556000,
      "cogs": 140400000,
      "rd": null,
      "sga": 37696000,
      "fcf": 43941000,
      "ocf": 52859000,
      "capex": -8918000,
      "gross_margin": 0.3959783515887834,
      "op_margin": 0.19138537785770213,
      "fcf_margin": 0.18904070692904038,
      "fcf_margin_change": -0.031201576212197657
    },
    {
      "date": "2021-12-31T00:00:00",
      "quarter_label": "2021-12 (Q4)",
      "revenue": 239918000,
      "gross_profit": 96075000,
      "operating_income": 41740000,
      "net_income": 28636000,
      "opex": 54335000,
      "cogs": 143843000,
      "rd": null,
      "sga": 43228000,
      "fcf": 47937000,
      "ocf": 68976000,
      "capex": -21039000,
      "gross_margin": 0.40044932018439633,
      "op_margin": 0.1739761085037388,
      "fcf_margin": 0.19980576697038155,
      "incr_op_margin_yoy": 0.5171120128627211,
      "rev_growth_yoy": 0.057573713837351284,
      "op_leverage_ratio": 0.2256287168628948,
      "fcf_margin_change": 0.010765060041341173
    },
    {
      "date": "2022-03-31T00:00:00",
      "quarter_label": "2022-03 (Q1)",
      "revenue": 244169000,
      "gross_profit": 91604000,
      "operating_income": 38754000,
      "net_income": 27737000,
      "opex": 52850000,
      "cogs": 152565000,
      "rd": null,
      "sga": 42707000,
      "fcf": -21110000,
      "ocf": -5391000,
      "capex": -15719000,
      "gross_margin": 0.37516638066257385,
      "op_margin": 0.15871793716647076,
      "fcf_margin": -0.0864565116783867,
      "incr_op_margin_yoy": -0.14050534232127299,
      "rev_growth_yoy": 0.09806981408693932,
      "rev_growth_yoy_accel": 0.04049610024958804,
      "op_leverage_ratio": Infinity,
      "fcf_margin_change": -0.28626227864876824
    },
    {
      "date": "2022-06-30T00:00:00",
      "quarter_label": "2022-06 (Q2)",
      "revenue": 261369000,
      "gross_profit": 100593000,
      "operating_income": 50715000,
      "net_income": 39201000,
      "opex": 49878000,
      "cogs": 160776000,
      "rd": null,
      "sga": 39745000,
      "fcf": 23164000,
      "ocf": 43104000,
      "capex": -19940000,
      "gross_margin": 0.38486966702248543,
      "op_margin": 0.1940360180434558,
      "fcf_margin": 0.08862565950820488,
      "incr_op_margin_yoy": 0.027895716945996275,
      "rev_growth_yoy": 0.11448965755439858,
      "rev_growth_yoy_accel": 0.016419843467459255,
      "op_leverage_ratio": Infinity,
      "fcf_margin_change": 0.17508217118659158
    },
    {
      "date": "2022-09-30T00:00:00",
      "quarter_label": "2022-09 (Q3)",
      "revenue": 260563000,
      "gross_profit": 100493000,
      "operating_income": 53644000,
      "net_income": 10694000,
      "opex": 46849000,
      "cogs": 160070000,
      "rd": null,
      "sga": 36873000,
      "fcf": 14305000,
      "ocf": 29594000,
      "capex": -15289000,
      "gross_margin": 0.3856764007169092,
      "op_margin": 0.2058772734425072,
      "fcf_margin": 0.05490035039510598,
      "incr_op_margin_yoy": 0.3256640944489883,
      "rev_growth_yoy": 0.12098071777045456,
      "rev_growth_yoy_accel": 0.0064910602160559855,
      "fcf_margin_change": -0.03372530911309889
    },
    {
      "date": "2022-12-31T00:00:00",
      "quarter_label": "2022-12 (Q4)",
      "revenue": 268786000,
      "gross_profit": 97092000,
      "operating_income": 37909000,
      "net_income": 18130000,
      "opex": 59183000,
      "cogs": 171694000,
      "rd": null,
      "sga": 49388000,
      "fcf": 18180000,
      "ocf": 60907000,
      "capex": -42727000,
      "gross_margin": 0.3612241709017583,
      "op_margin": 0.1410378516738223,
      "fcf_margin": 0.06763745135535333,
      "incr_op_margin_yoy": -0.13270749618955244,
      "rev_growth_yoy": 0.12032444418509658,
      "rev_growth_yoy_accel": -0.0006562735853579832,
      "op_leverage_ratio": 0.11987094402281558,
      "fcf_margin_change": 0.012737100960247348
    },
    {
      "date": "2023-03-31T00:00:00",
      "quarter_label": "2023-03 (Q1)",
      "revenue": 269096000,
      "gross_profit": 99318000,
      "operating_income": 40542000,
      "net_income": 26889000,
      "opex": 58776000,
      "cogs": 169778000,
      "rd": null,
      "sga": 48479000,
      "fcf": -32668000,
      "ocf": -16393000,
      "capex": -16275000,
      "gross_margin": 0.3690801795641704,
      "op_margin": 0.15065998751374973,
      "fcf_margin": -0.12139905461248031,
      "incr_op_margin_yoy": 0.07172944999398242,
      "rev_growth_yoy": 0.10208912679332757,
      "rev_growth_yoy_accel": -0.018235317391769007,
      "fcf_margin_change": -0.18903650596783364
    },
    {
      "date": "2023-06-30T00:00:00",
      "quarter_label": "2023-06 (Q2)",
      "revenue": 274123000,
      "gross_profit": 102704000,
      "operating_income": 45501000,
      "net_income": 26672000,
      "opex": 57203000,
      "cogs": 171419000,
      "rd": null,
      "sga": 46760000,
      "fcf": 12444000,
      "ocf": 31068000,
      "capex": -18624000,
      "gross_margin": 0.3746639282365945,
      "op_margin": 0.16598753114477807,
      "fcf_margin": 0.045395680041441254,
      "incr_op_margin_yoy": -0.4088129214364121,
      "rev_growth_yoy": 0.04879691164598709,
      "rev_growth_yoy_accel": -0.053292215147340484,
      "op_leverage_ratio": Infinity,
      "fcf_margin_change": 0.16679473465392156
    },
    {
      "date": "2023-09-30T00:00:00",
      "quarter_label": "2023-09 (Q3)",
      "revenue": 281106000,
      "gross_profit": 101835000,
      "operating_income": 40070000,
      "net_income": 27109000,
      "opex": 61765000,
      "cogs": 179271000,
      "rd": null,
      "sga": 51975000,
      "fcf": 45186000,
      "ocf": 59137000,
      "capex": -13951000,
      "gross_margin": 0.36226547992572194,
      "op_margin": 0.1425440936870789,
      "fcf_margin": 0.1607436340739792,
      "incr_op_margin_yoy": -0.6607603563257557,
      "rev_growth_yoy": 0.07884081776767998,
      "rev_growth_yoy_accel": 0.030043906121692894,
      "op_leverage_ratio": 0.3194185183893367,
      "fcf_margin_change": 0.11534795403253795
    },
    {
      "date": "2023-12-31T00:00:00",
      "quarter_label": "2023-12 (Q4)",
      "revenue": 323584000,
      "gross_profit": 119861000,
      "operating_income": 41781000,
      "net_income": 30450000,
      "opex": 78080000,
      "cogs": 203723000,
      "rd": null,
      "sga": 67701000,
      "fcf": 39534000,
      "ocf": 74244000,
      "capex": -34710000,
      "gross_margin": 0.3704169551028481,
      "op_margin": 0.12911948674841772,
      "fcf_margin": 0.12217538568037975,
      "incr_op_margin_yoy": 0.07065951312091683,
      "rev_growth_yoy": 0.20387222548793463,
      "rev_growth_yoy_accel": 0.12503140772025464,
      "op_leverage_ratio": 0.5720701835516446,
      "fcf_margin_change": -0.03856824839359946
    },
    {
      "date": "2024-03-31T00:00:00",
      "quarter_label": "2024-03 (Q1)",
      "revenue": 313330000,
      "gross_profit": 108686000,
      "operating_income": 38977000,
      "net_income": 27291000,
      "opex": 69709000,
      "cogs": 204644000,
      "rd": null,
      "sga": 54835000,
      "fcf": -17262000,
      "ocf": 9597000,
      "capex": -26859000,
      "gross_margin": 0.3468739029138608,
      "op_margin": 0.12439600421281077,
      "fcf_margin": -0.05509207544761115,
      "incr_op_margin_yoy": -0.035380024415607905,
      "rev_growth_yoy": 0.16437999821624996,
      "rev_growth_yoy_accel": -0.039492227271684666,
      "fcf_margin_change": -0.1772674611279909
    },
    {
      "date": "2024-06-30T00:00:00",
      "quarter_label": "2024-06 (Q2)",
      "revenue": 331994000,
      "gross_profit": 112383000,
      "operating_income": 42905000,
      "net_income": 24624000,
      "opex": 69478000,
      "cogs": 219611000,
      "rd": null,
      "sga": 55515000,
      "fcf": 63635000,
      "ocf": 83392000,
      "capex": -19757000,
      "gross_margin": 0.33850912968306657,
      "op_margin": 0.12923426326981813,
      "fcf_margin": 0.19167515075573655,
      "incr_op_margin_yoy": -0.044858391940695685,
      "rev_growth_yoy": 0.2111132593762654,
      "rev_growth_yoy_accel": 0.046733261160015444,
      "op_leverage_ratio": Infinity,
      "fcf_margin_change": 0.24676722620334768
    },
    {
      "date": "2024-09-30T00:00:00",
      "quarter_label": "2024-09 (Q3)",
      "revenue": 298386000,
      "gross_profit": 90384000,
      "operating_income": 25171000,
      "net_income": 18029000,
      "opex": 65213000,
      "cogs": 208002000,
      "rd": null,
      "sga": 52097000,
      "fcf": 31627000,
      "ocf": 46996000,
      "capex": -15369000,
      "gross_margin": 0.3029096539381875,
      "op_margin": 0.08435717493448085,
      "fcf_margin": 0.10599357878720851,
      "incr_op_margin_yoy": -0.8622106481481482,
      "rev_growth_yoy": 0.061471473394377925,
      "rev_growth_yoy_accel": -0.1496417859818875,
      "fcf_margin_change": -0.08568157196852803
    },
    {
      "date": "2024-12-31T00:00:00",
      "quarter_label": "2024-12 (Q4)",
      "revenue": 286905000,
      "gross_profit": 90323000,
      "operating_income": 24306000,
      "net_income": 17679000,
      "opex": 66017000,
      "cogs": 196582000,
      "rd": null,
      "sga": 48435000,
      "fcf": 60192000,
      "ocf": 78456000,
      "capex": -18264000,
      "gross_margin": 0.3148184939265611,
      "op_margin": 0.08471793799341246,
      "fcf_margin": 0.20979766821770274,
      "incr_op_margin_yoy": 0.47643065514327,
      "rev_growth_yoy": -0.11335232891613924,
      "rev_growth_yoy_accel": -0.17482380231051717,
      "fcf_margin_change": 0.10380408943049423
    },
    {
      "date": "2025-03-31T00:00:00",
      "quarter_label": "2025-03 (Q1)",
      "revenue": 288774000,
      "gross_profit": 96486000,
      "operating_income": 28263000,
      "net_income": 17355000,
      "opex": 68223000,
      "cogs": 192288000,
      "rd": null,
      "sga": 53812000,
      "fcf": -13478000,
      "ocf": 2119000,
      "capex": -15597000,
      "gross_margin": 0.33412287809844377,
      "op_margin": 0.09787238463296558,
      "fcf_margin": -0.046673176948063194,
      "incr_op_margin_yoy": 0.43630884508877665,
      "rev_growth_yoy": -0.07837104650049469,
      "rev_growth_yoy_accel": 0.03498128241564455,
      "fcf_margin_change": -0.2564708451657659
    },
    {
      "date": "2025-06-30T00:00:00",
      "quarter_label": "2025-06 (Q2)",
      "revenue": 311399000,
      "gross_profit": 97507000,
      "operating_income": 22270000,
      "net_income": 9183000,
      "opex": 75237000,
      "cogs": 213892000,
      "rd": null,
      "sga": 58502000,
      "fcf": 18785000,
      "ocf": 32714000,
      "capex": -13929000,
      "gross_margin": 0.3131256041284654,
      "op_margin": 0.07151596504805731,
      "fcf_margin": 0.06032453540313232,
      "incr_op_margin_yoy": 1.0019422189851905,
      "rev_growth_yoy": -0.06203425363108972,
      "rev_growth_yoy_accel": 0.016336792869404967,
      "op_leverage_ratio": 0.7620712025458289,
      "fcf_margin_change": 0.10699771235119551
    },
    {
      "date": "2025-09-30T00:00:00",
      "quarter_label": "2025-09 (Q3)",
      "revenue": 261434000,
      "gross_profit": -49938000,
      "operating_income": -116507000,
      "net_income": -97760000,
      "opex": 66569000,
      "cogs": 311372000,
      "rd": null,
      "sga": 51905000,
      "fcf": 25906000,
      "ocf": 43939000,
      "capex": -18033000,
      "gross_margin": -0.19101570568479997,
      "op_margin": -0.4456459374067642,
      "fcf_margin": 0.0990919314243748,
      "incr_op_margin_yoy": 3.834109114526954,
      "rev_growth_yoy": -0.123839590329305,
      "rev_growth_yoy_accel": -0.06180533669821528,
      "fcf_margin_change": 0.038767396021242476
    }
  ],
  "signals": [
    {
      "quarter": "2025-09 (Q3)",
      "signal": "YoY REVENUE GROWTH DECELERATION",
      "detail": "YoY growth: -12.4% vs prior quarter YoY: -6.2% (decel: -6.2%)",
      "severity": "WARNING"
    },
    {
      "quarter": "2025-06 (Q2)",
      "signal": "FCF TURNED POSITIVE",
      "detail": "FCF margin: -4.7% -> +6.0%",
      "severity": "HIGH"
    },
    {
      "quarter": "2025-06 (Q2)",
      "signal": "INCREMENTAL MARGIN (YoY)",
      "detail": "YoY Incr OPM: +100.2% vs year-ago OPM: +12.9%",
      "severity": "HIGH"
    },
    {
      "quarter": "2025-03 (Q1)",
      "signal": "INCREMENTAL MARGIN (YoY)",
      "detail": "YoY Incr OPM: +43.6% vs year-ago OPM: +12.4%",
      "severity": "HIGH"
    },
    {
      "quarter": "2024-12 (Q4)",
      "signal": "FCF MARGIN EXPANSION",
      "detail": "FCF margin: +10.6% -> +21.0% (+10.4%)",
      "severity": "MEDIUM"
    },
    {
      "quarter": "2024-12 (Q4)",
      "signal": "YoY REVENUE GROWTH DECELERATION",
      "detail": "YoY growth: -11.3% vs prior quarter YoY: +6.1% (decel: -17.5%)",
      "severity": "WARNING"
    },
    {
      "quarter": "2024-12 (Q4)",
      "signal": "INCREMENTAL MARGIN (YoY)",
      "detail": "YoY Incr OPM: +47.6% vs year-ago OPM: +12.9%",
      "severity": "HIGH"
    },
    {
      "quarter": "2024-09 (Q3)",
      "signal": "YoY REVENUE GROWTH DECELERATION",
      "detail": "YoY growth: +6.1% vs prior quarter YoY: +21.1% (decel: -15.0%)",
      "severity": "WARNING"
    },
    {
      "quarter": "2024-06 (Q2)",
      "signal": "FCF TURNED POSITIVE",
      "detail": "FCF margin: -5.5% -> +19.2%",
      "severity": "HIGH"
    },
    {
      "quarter": "2023-12 (Q4)",
      "signal": "YoY REVENUE GROWTH ACCELERATION",
      "detail": "YoY growth: +20.4% vs prior quarter YoY: +7.9% (accel: +12.5%)",
      "severity": "MEDIUM"
    },
    {
      "quarter": "2023-09 (Q3)",
      "signal": "FCF MARGIN EXPANSION",
      "detail": "FCF margin: +4.5% -> +16.1% (+11.5%)",
      "severity": "MEDIUM"
    },
    {
      "quarter": "2023-06 (Q2)",
      "signal": "FCF TURNED POSITIVE",
      "detail": "FCF margin: -12.1% -> +4.5%",
      "severity": "HIGH"
    },
    {
      "quarter": "2023-06 (Q2)",
      "signal": "YoY REVENUE GROWTH DECELERATION",
      "detail": "YoY growth: +4.9% vs prior quarter YoY: +10.2% (decel: -5.3%)",
      "severity": "WARNING"
    },
    {
      "quarter": "2022-09 (Q3)",
      "signal": "INCREMENTAL MARGIN (YoY)",
      "detail": "YoY Incr OPM: +32.6% vs year-ago OPM: +19.1%",
      "severity": "MEDIUM"
    },
    {
      "quarter": "2022-06 (Q2)",
      "signal": "FCF TURNED POSITIVE",
      "detail": "FCF margin: -8.6% -> +8.9%",
      "severity": "HIGH"
    },
    {
      "quarter": "2021-12 (Q4)",
      "signal": "INCREMENTAL MARGIN (YoY)",
      "detail": "YoY Incr OPM: +51.7% vs year-ago OPM: +15.4%",
      "severity": "HIGH"
    },
    {
      "quarter": "2021-06 (Q2)",
      "signal": "FCF MARGIN EXPANSION",
      "detail": "FCF margin: +9.5% -> +22.0% (+12.5%)",
      "severity": "MEDIUM"
    },
    {
      "quarter": "2021-06 (Q2)",
      "signal": "GROSS MARGIN INFLECTION",
      "detail": "GM: +40.3% -> +39.8% -> +43.4% (reversal +3.6%)",
      "severity": "MEDIUM"
    }
  ],
  "data_quality": {
    "n_quarters": 20,
    "coverage": {
      "revenue": [
        20,
        20
      ],
      "gross_profit": [
        20,
        20
      ],
      "op_income": [
        20,
        20
      ],
      "fcf": [
        20,
        20
      ]
    },
    "gaps": [],
    "warnings": []
  },
  "market_cap": null,
  "source": "SEC EDGAR",
  "last_updated": "2026-02-02T21:44:11.585796"
}