{
  "ticker": "AIOT",
  "name": "POWERFLEET, INC.",
  "quarters": [
    {
      "date": "2020-12-31T00:00:00",
      "quarter_label": "2020-12 (Q4)",
      "revenue": 29427000,
      "gross_profit": 15185000,
      "operating_income": -96000,
      "net_income": -2365000,
      "opex": 15281000,
      "cogs": 14242000,
      "rd": 2308000,
      "sga": 12973000,
      "fcf": 3555000,
      "ocf": 3555000,
      "capex": null,
      "gross_margin": 0.5160227002412751,
      "op_margin": -0.0032623101233561014,
      "fcf_margin": 0.12080742175553064
    },
    {
      "date": "2021-03-31T00:00:00",
      "quarter_label": "2021-03 (Q1)",
      "revenue": 28991000,
      "gross_profit": 14470000,
      "operating_income": -1883000,
      "net_income": -1787000,
      "opex": 16353000,
      "cogs": 14521000,
      "rd": 2745000,
      "sga": 13608000,
      "fcf": 784000,
      "ocf": 784000,
      "capex": null,
      "gross_margin": 0.49912041668103896,
      "op_margin": -0.06495119174916353,
      "fcf_margin": 0.027042875375116415,
      "fcf_margin_change": -0.09376454638041422
    },
    {
      "date": "2021-06-30T00:00:00",
      "quarter_label": "2021-06 (Q2)",
      "revenue": 33548000,
      "gross_profit": 16045000,
      "operating_income": -155000,
      "net_income": -1437000,
      "opex": 16200000,
      "cogs": 17503000,
      "rd": 2779000,
      "sga": 13421000,
      "fcf": 2419000,
      "ocf": 2419000,
      "capex": null,
      "gross_margin": 0.47826994157624897,
      "op_margin": -0.004620245618218672,
      "fcf_margin": 0.07210563968045786,
      "op_leverage_ratio": Infinity,
      "fcf_margin_change": 0.04506276430534144
    },
    {
      "date": "2021-09-30T00:00:00",
      "quarter_label": "2021-09 (Q3)",
      "revenue": 29246000,
      "gross_profit": 14265000,
      "operating_income": -2429000,
      "net_income": -3345000,
      "opex": 16694000,
      "cogs": 14981000,
      "rd": 2735000,
      "sga": 13959000,
      "fcf": -4450000,
      "ocf": -4450000,
      "capex": null,
      "gross_margin": 0.48775900977911507,
      "op_margin": -0.08305409286740068,
      "fcf_margin": -0.15215756000820624,
      "fcf_margin_change": -0.2242631996886641
    },
    {
      "date": "2021-12-31T00:00:00",
      "quarter_label": "2021-12 (Q4)",
      "revenue": 34423000,
      "gross_profit": 15403000,
      "operating_income": -3508000,
      "net_income": -6719000,
      "opex": 18911000,
      "cogs": 19020000,
      "rd": 2799000,
      "sga": 16112000,
      "fcf": -4143000,
      "ocf": -4143000,
      "capex": null,
      "gross_margin": 0.4474624524300613,
      "op_margin": -0.10190860761700025,
      "fcf_margin": -0.12035557621357813,
      "incr_op_margin_yoy": -0.6829463570856685,
      "rev_growth_yoy": 0.16977605600299045,
      "op_leverage_ratio": 1.332927123320258,
      "fcf_margin_change": 0.031801983794628105
    },
    {
      "date": "2022-03-31T00:00:00",
      "quarter_label": "2022-03 (Q1)",
      "revenue": 33161000,
      "gross_profit": 14399000,
      "operating_income": -3742000,
      "net_income": -2928000,
      "opex": 18141000,
      "cogs": 18762000,
      "rd": 3229000,
      "sga": 14912000,
      "fcf": -1538000,
      "ocf": -1538000,
      "capex": null,
      "gross_margin": 0.4342148909863997,
      "op_margin": -0.11284340037996442,
      "fcf_margin": -0.046379783480594676,
      "incr_op_margin_yoy": -0.44580335731414866,
      "rev_growth_yoy": 0.1438377427477493,
      "rev_growth_yoy_accel": -0.025938313255241152,
      "fcf_margin_change": 0.07397579273298346
    },
    {
      "date": "2022-06-30T00:00:00",
      "quarter_label": "2022-06 (Q2)",
      "revenue": 34594000,
      "gross_profit": 16230000,
      "operating_income": -1588000,
      "net_income": -118000,
      "opex": 17818000,
      "cogs": 18364000,
      "rd": 2001000,
      "sga": 15817000,
      "fcf": -558000,
      "ocf": -558000,
      "capex": null,
      "gross_margin": 0.4691565011273631,
      "op_margin": -0.04590391397352142,
      "fcf_margin": -0.016129964733768862,
      "incr_op_margin_yoy": -1.369980879541109,
      "rev_growth_yoy": 0.03117920591391439,
      "rev_growth_yoy_accel": -0.11265853683383491,
      "op_leverage_ratio": Infinity,
      "fcf_margin_change": 0.030249818746825814
    },
    {
      "date": "2022-09-30T00:00:00",
      "quarter_label": "2022-09 (Q3)",
      "revenue": 34288000,
      "gross_profit": 17181000,
      "operating_income": -1218000,
      "net_income": -2300000,
      "opex": 18399000,
      "cogs": 17107000,
      "rd": 1735000,
      "sga": 16664000,
      "fcf": 983000,
      "ocf": 983000,
      "capex": null,
      "gross_margin": 0.5010790947270182,
      "op_margin": -0.03552263182454503,
      "fcf_margin": 0.028668922071861877,
      "incr_op_margin_yoy": 0.24018246727489093,
      "rev_growth_yoy": 0.17239964439581482,
      "rev_growth_yoy_accel": 0.1412204384819004,
      "fcf_margin_change": 0.04479888680563074
    },
    {
      "date": "2022-12-31T00:00:00",
      "quarter_label": "2022-12 (Q4)",
      "revenue": 33114000,
      "gross_profit": 16361000,
      "operating_income": -1246000,
      "net_income": -1656000,
      "opex": 17607000,
      "cogs": 16753000,
      "rd": 1999000,
      "sga": 15608000,
      "fcf": 2362000,
      "ocf": 2362000,
      "capex": null,
      "gross_margin": 0.49408105333091745,
      "op_margin": -0.03762758953916772,
      "fcf_margin": 0.07132934710394395,
      "incr_op_margin_yoy": -1.7280366692131397,
      "rev_growth_yoy": -0.038026900618772334,
      "rev_growth_yoy_accel": -0.21042654501458716,
      "fcf_margin_change": 0.042660425032082075
    },
    {
      "date": "2023-03-31T00:00:00",
      "quarter_label": "2023-03 (Q1)",
      "revenue": 32839000,
      "gross_profit": 16618000,
      "operating_income": -1892000,
      "net_income": 4769000,
      "opex": 18510000,
      "cogs": 16221000,
      "rd": 1723000,
      "sga": 16787000,
      "fcf": 1755000,
      "ocf": 1755000,
      "capex": null,
      "gross_margin": 0.506044642041475,
      "op_margin": -0.057614421876427416,
      "fcf_margin": 0.0534425530619081,
      "rev_growth_yoy": -0.00971020174301137,
      "rev_growth_yoy_accel": 0.028316698875760965,
      "fcf_margin_change": -0.01788679404203585
    },
    {
      "date": "2023-06-30T00:00:00",
      "quarter_label": "2023-06 (Q2)",
      "revenue": 32050000,
      "gross_profit": 16033000,
      "operating_income": -3133000,
      "net_income": -2977000,
      "opex": 19166000,
      "cogs": 16017000,
      "rd": 2179000,
      "sga": 16987000,
      "fcf": -1424000,
      "ocf": -458000,
      "capex": -966000,
      "gross_margin": 0.5002496099843994,
      "op_margin": -0.09775351014040562,
      "fcf_margin": -0.04443057722308892,
      "incr_op_margin_yoy": 0.6073113207547169,
      "rev_growth_yoy": -0.07353876394750535,
      "rev_growth_yoy_accel": -0.06382856220449398,
      "fcf_margin_change": -0.09787313028499703
    },
    {
      "date": "2023-09-30T00:00:00",
      "quarter_label": "2023-09 (Q3)",
      "revenue": 34195000,
      "gross_profit": 17115000,
      "operating_income": -3257000,
      "net_income": -3674000,
      "opex": 20372000,
      "cogs": 17080000,
      "rd": 2384000,
      "sga": 17988000,
      "fcf": -2089000,
      "ocf": -1614000,
      "capex": -475000,
      "gross_margin": 0.5005117707267144,
      "op_margin": -0.09524784325193741,
      "fcf_margin": -0.0610908027489399,
      "rev_growth_yoy": -0.0027123191787214187,
      "rev_growth_yoy_accel": 0.07082644476878393,
      "op_leverage_ratio": 1.0636125146498396,
      "fcf_margin_change": -0.01666022552585098
    },
    {
      "date": "2023-12-31T00:00:00",
      "quarter_label": "2023-12 (Q4)",
      "revenue": 34550000,
      "gross_profit": 17379000,
      "operating_income": -3968000,
      "net_income": -3503000,
      "opex": 21347000,
      "cogs": 17171000,
      "rd": 2010000,
      "sga": 19337000,
      "fcf": 3791000,
      "ocf": 4714000,
      "capex": -923000,
      "gross_margin": 0.5030101302460203,
      "op_margin": -0.1148480463096961,
      "fcf_margin": 0.10972503617945008,
      "incr_op_margin_yoy": -1.8955431754874652,
      "rev_growth_yoy": 0.043365343963278374,
      "rev_growth_yoy_accel": 0.04607766314199979,
      "op_leverage_ratio": 0.21691760303838092,
      "fcf_margin_change": 0.17081583892838997
    },
    {
      "date": "2024-03-31T00:00:00",
      "quarter_label": "2024-03 (Q1)",
      "revenue": 33740000,
      "gross_profit": 16203000,
      "operating_income": -7647000,
      "net_income": -8515000,
      "opex": 23850000,
      "cogs": 17537000,
      "rd": 2018000,
      "sga": 21832000,
      "fcf": -1517000,
      "ocf": -208000,
      "capex": -1309000,
      "gross_margin": 0.480231179608773,
      "op_margin": -0.22664493183165382,
      "fcf_margin": -0.044961470065204505,
      "rev_growth_yoy": 0.02743688906483145,
      "rev_growth_yoy_accel": -0.015928454898446923,
      "fcf_margin_change": -0.15468650624465458
    },
    {
      "date": "2024-06-30T00:00:00",
      "quarter_label": "2024-06 (Q2)",
      "revenue": 75430000,
      "gross_profit": 39648000,
      "operating_income": -18235000,
      "net_income": -22312000,
      "opex": 57883000,
      "cogs": 35782000,
      "rd": 3101000,
      "sga": 54782000,
      "fcf": -13201000,
      "ocf": -7615000,
      "capex": -5586000,
      "gross_margin": 0.5256264085907464,
      "op_margin": -0.24174731539175395,
      "fcf_margin": -0.17500994299350392,
      "incr_op_margin_yoy": -0.34813278008298754,
      "rev_growth_yoy": 1.3535101404056162,
      "rev_growth_yoy_accel": 1.3260732513407847,
      "op_leverage_ratio": 0.8659144091308846,
      "fcf_margin_change": -0.1300484729282994
    },
    {
      "date": "2024-09-30T00:00:00",
      "quarter_label": "2024-09 (Q3)",
      "revenue": 77018000,
      "gross_profit": 41343000,
      "operating_income": 573000,
      "net_income": -1888000,
      "opex": 40770000,
      "cogs": 35675000,
      "rd": 3435000,
      "sga": 37335000,
      "fcf": -8045000,
      "ocf": -3177000,
      "capex": -4868000,
      "gross_margin": 0.5367965930042328,
      "op_margin": 0.0074398192630294215,
      "fcf_margin": -0.1044561011711548,
      "incr_op_margin_yoy": 0.08943791887537071,
      "rev_growth_yoy": 1.2523175902909782,
      "rev_growth_yoy_accel": -0.10119255011463801,
      "op_leverage_ratio": Infinity,
      "fcf_margin_change": 0.07055384182234913
    },
    {
      "date": "2024-12-31T00:00:00",
      "quarter_label": "2024-12 (Q4)",
      "revenue": 106429000,
      "gross_profit": 58783000,
      "operating_income": -1243000,
      "net_income": -14349000,
      "opex": 60026000,
      "cogs": 47646000,
      "rd": 4621000,
      "sga": 55405000,
      "fcf": -12247000,
      "ocf": -6094000,
      "capex": -6153000,
      "gross_margin": 0.5523212658204061,
      "op_margin": -0.011679147600747916,
      "fcf_margin": -0.11507201984421539,
      "incr_op_margin_yoy": 0.03791093365238804,
      "rev_growth_yoy": 2.0804341534008683,
      "rev_growth_yoy_accel": 0.8281165631098901,
      "op_leverage_ratio": 0.808522646058503,
      "fcf_margin_change": -0.010615918673060595
    },
    {
      "date": "2025-03-31T00:00:00",
      "quarter_label": "2025-03 (Q1)",
      "revenue": 103638000,
      "gross_profit": 54763000,
      "operating_income": -6980000,
      "net_income": -12439000,
      "opex": 61743000,
      "cogs": 48875000,
      "rd": 4904000,
      "sga": 56839000,
      "fcf": 10140000,
      "ocf": 13541000,
      "capex": -3401000,
      "gross_margin": 0.5284065690190857,
      "op_margin": -0.06734981377487022,
      "fcf_margin": 0.09784056041220401,
      "incr_op_margin_yoy": 0.009542476179575954,
      "rev_growth_yoy": 2.071665678719621,
      "rev_growth_yoy_accel": -0.008768474681247529,
      "fcf_margin_change": 0.2129125802564194
    },
    {
      "date": "2025-06-30T00:00:00",
      "quarter_label": "2025-06 (Q2)",
      "revenue": 104121000,
      "gross_profit": 56481000,
      "operating_income": -2039000,
      "net_income": -10234000,
      "opex": 58520000,
      "cogs": 47640000,
      "rd": 4857000,
      "sga": 53663000,
      "fcf": -3393000,
      "ocf": 4721000,
      "capex": -8114000,
      "gross_margin": 0.5424554124528194,
      "op_margin": -0.01958298518070322,
      "fcf_margin": -0.03258708617858069,
      "incr_op_margin_yoy": 0.5644975776375867,
      "rev_growth_yoy": 0.3803659021609439,
      "rev_growth_yoy_accel": -1.6912997765586768,
      "fcf_margin_change": -0.1304276465907847
    },
    {
      "date": "2025-09-30T00:00:00",
      "quarter_label": "2025-09 (Q3)",
      "revenue": 111679000,
      "gross_profit": 62589000,
      "operating_income": 4244000,
      "net_income": -4288000,
      "opex": 58345000,
      "cogs": 49090000,
      "rd": 4194000,
      "sga": 54151000,
      "fcf": 1184000,
      "ocf": 5522000,
      "capex": -4338000,
      "gross_margin": 0.5604366084939872,
      "op_margin": 0.03800177293851127,
      "fcf_margin": 0.010601814127991833,
      "incr_op_margin_yoy": 0.10591154323302848,
      "rev_growth_yoy": 0.45003765353553715,
      "rev_growth_yoy_accel": 0.06967175137459325,
      "op_leverage_ratio": Infinity,
      "fcf_margin_change": 0.04318890030657253
    }
  ],
  "signals": [
    {
      "quarter": "2025-09 (Q3)",
      "signal": "FCF TURNED POSITIVE",
      "detail": "FCF margin: -3.3% -> +1.1%",
      "severity": "HIGH"
    },
    {
      "quarter": "2025-09 (Q3)",
      "signal": "YoY REVENUE GROWTH ACCELERATION",
      "detail": "YoY growth: +45.0% vs prior quarter YoY: +38.0% (accel: +7.0%)",
      "severity": "MEDIUM"
    },
    {
      "quarter": "2025-09 (Q3)",
      "signal": "OP MARGIN TURNED POSITIVE (QoQ)",
      "detail": "Op margin: -2.0% -> +3.8%",
      "severity": "HIGH"
    },
    {
      "quarter": "2025-06 (Q2)",
      "signal": "YoY REVENUE GROWTH DECELERATION",
      "detail": "YoY growth: +38.0% vs prior quarter YoY: +207.2% (decel: -169.1%)",
      "severity": "WARNING"
    },
    {
      "quarter": "2025-03 (Q1)",
      "signal": "FCF TURNED POSITIVE",
      "detail": "FCF margin: -11.5% -> +9.8%",
      "severity": "HIGH"
    },
    {
      "quarter": "2024-12 (Q4)",
      "signal": "YoY REVENUE GROWTH ACCELERATION",
      "detail": "YoY growth: +208.0% vs prior quarter YoY: +125.2% (accel: +82.8%)",
      "severity": "HIGH"
    },
    {
      "quarter": "2024-09 (Q3)",
      "signal": "FCF MARGIN EXPANSION",
      "detail": "FCF margin: -17.5% -> -10.4% (+7.1%)",
      "severity": "MEDIUM"
    },
    {
      "quarter": "2024-09 (Q3)",
      "signal": "YoY REVENUE GROWTH DECELERATION",
      "detail": "YoY growth: +125.2% vs prior quarter YoY: +135.4% (decel: -10.1%)",
      "severity": "WARNING"
    },
    {
      "quarter": "2024-09 (Q3)",
      "signal": "OP MARGIN TURNED POSITIVE (YoY)",
      "detail": "Op margin: -9.5% (year-ago) -> +0.7%",
      "severity": "HIGH"
    },
    {
      "quarter": "2024-09 (Q3)",
      "signal": "OP MARGIN TURNED POSITIVE (QoQ)",
      "detail": "Op margin: -24.2% -> +0.7%",
      "severity": "HIGH"
    },
    {
      "quarter": "2024-06 (Q2)",
      "signal": "GROSS MARGIN INFLECTION",
      "detail": "GM: +50.3% -> +48.0% -> +52.6% (reversal +4.5%)",
      "severity": "MEDIUM"
    },
    {
      "quarter": "2024-06 (Q2)",
      "signal": "YoY REVENUE GROWTH ACCELERATION",
      "detail": "YoY growth: +135.4% vs prior quarter YoY: +2.7% (accel: +132.6%)",
      "severity": "HIGH"
    },
    {
      "quarter": "2023-12 (Q4)",
      "signal": "FCF TURNED POSITIVE",
      "detail": "FCF margin: -6.1% -> +11.0%",
      "severity": "HIGH"
    },
    {
      "quarter": "2023-09 (Q3)",
      "signal": "YoY REVENUE GROWTH ACCELERATION",
      "detail": "YoY growth: -0.3% vs prior quarter YoY: -7.4% (accel: +7.1%)",
      "severity": "MEDIUM"
    },
    {
      "quarter": "2023-06 (Q2)",
      "signal": "YoY REVENUE GROWTH DECELERATION",
      "detail": "YoY growth: -7.4% vs prior quarter YoY: -1.0% (decel: -6.4%)",
      "severity": "WARNING"
    },
    {
      "quarter": "2022-12 (Q4)",
      "signal": "YoY REVENUE GROWTH DECELERATION",
      "detail": "YoY growth: -3.8% vs prior quarter YoY: +17.2% (decel: -21.0%)",
      "severity": "WARNING"
    },
    {
      "quarter": "2022-09 (Q3)",
      "signal": "FCF TURNED POSITIVE",
      "detail": "FCF margin: -1.6% -> +2.9%",
      "severity": "HIGH"
    },
    {
      "quarter": "2022-09 (Q3)",
      "signal": "YoY REVENUE GROWTH ACCELERATION",
      "detail": "YoY growth: +17.2% vs prior quarter YoY: +3.1% (accel: +14.1%)",
      "severity": "MEDIUM"
    },
    {
      "quarter": "2022-06 (Q2)",
      "signal": "GROSS MARGIN INFLECTION",
      "detail": "GM: +44.7% -> +43.4% -> +46.9% (reversal +3.5%)",
      "severity": "MEDIUM"
    },
    {
      "quarter": "2022-06 (Q2)",
      "signal": "YoY REVENUE GROWTH DECELERATION",
      "detail": "YoY growth: +3.1% vs prior quarter YoY: +14.4% (decel: -11.3%)",
      "severity": "WARNING"
    },
    {
      "quarter": "2022-03 (Q1)",
      "signal": "FCF MARGIN EXPANSION",
      "detail": "FCF margin: -12.0% -> -4.6% (+7.4%)",
      "severity": "MEDIUM"
    }
  ],
  "data_quality": {
    "n_quarters": 20,
    "coverage": {
      "revenue": [
        20,
        20
      ],
      "gross_profit": [
        20,
        20
      ],
      "op_income": [
        20,
        20
      ],
      "fcf": [
        20,
        20
      ]
    },
    "gaps": [],
    "warnings": []
  },
  "market_cap": null,
  "source": "SEC EDGAR",
  "last_updated": "2026-02-02T22:13:08.629841",
  "sector": "Technology",
  "industry": "Software - Infrastructure"
}