{
  "ticker": "AIP",
  "name": "Arteris, Inc.",
  "sector": "Technology",
  "industry": "Semiconductors",
  "quarters": [
    {
      "date": "2021-03-31T00:00:00",
      "quarter_label": "2021-03 (Q1)",
      "revenue": 6658000,
      "gross_profit": 5790000,
      "operating_income": -6447000,
      "net_income": -6717000,
      "opex": 12237000,
      "cogs": 868000,
      "rd": 6538000,
      "sga": null,
      "fcf": 477000,
      "ocf": 516000,
      "capex": -39000,
      "gross_margin": 0.8696305196755783,
      "op_margin": -0.9683088014418745,
      "fcf_margin": 0.07164313607689997
    },
    {
      "date": "2021-06-30T00:00:00",
      "quarter_label": "2021-06 (Q2)",
      "revenue": 10813000,
      "gross_profit": 9946000,
      "operating_income": -3521000,
      "net_income": -3909000,
      "opex": 13467000,
      "cogs": 867000,
      "rd": 6425000,
      "sga": null,
      "fcf": -2342000,
      "ocf": -2022000,
      "capex": -320000,
      "gross_margin": 0.919818736705817,
      "op_margin": -0.32562656062147416,
      "fcf_margin": -0.21659114029409043,
      "op_leverage_ratio": 6.208648682311395,
      "fcf_margin_change": -0.2882342763709904
    },
    {
      "date": "2021-09-30T00:00:00",
      "quarter_label": "2021-09 (Q3)",
      "revenue": 8959000,
      "gross_profit": 8076000,
      "operating_income": -4517000,
      "net_income": -4968000,
      "opex": 12593000,
      "cogs": 883000,
      "rd": 7609000,
      "sga": null,
      "fcf": -2629000,
      "ocf": -2500000,
      "capex": -129000,
      "gross_margin": 0.9014398928451837,
      "op_margin": -0.5041857350150687,
      "fcf_margin": -0.29344792945641257,
      "fcf_margin_change": -0.07685678916232214
    },
    {
      "date": "2021-12-31T00:00:00",
      "quarter_label": "2021-12 (Q4)",
      "revenue": 11434000,
      "gross_profit": 10321000,
      "operating_income": -7280000,
      "net_income": -7790000,
      "opex": 17601000,
      "cogs": 1113000,
      "rd": 10240000,
      "sga": null,
      "fcf": 2872000,
      "ocf": 3192000,
      "capex": -320000,
      "gross_margin": 0.9026587370998775,
      "op_margin": -0.6366975686548889,
      "fcf_margin": 0.25118068917264297,
      "op_leverage_ratio": 0.6946732086569737,
      "fcf_margin_change": 0.5446286186290555
    },
    {
      "date": "2022-03-31T00:00:00",
      "quarter_label": "2022-03 (Q1)",
      "revenue": 11755000,
      "gross_profit": 10776000,
      "operating_income": -6616000,
      "net_income": -6820000,
      "opex": 17392000,
      "cogs": 979000,
      "rd": 9456000,
      "sga": null,
      "fcf": -1453000,
      "ocf": -1361000,
      "capex": -92000,
      "gross_margin": 0.9167162909400255,
      "op_margin": -0.5628243300723097,
      "fcf_margin": -0.12360697575499788,
      "incr_op_margin_yoy": -0.03315675887777124,
      "rev_growth_yoy": 0.7655452087714029,
      "op_leverage_ratio": null,
      "fcf_margin_change": -0.3747876649276408
    },
    {
      "date": "2022-06-30T00:00:00",
      "quarter_label": "2022-06 (Q2)",
      "revenue": 14822000,
      "gross_profit": 13533000,
      "operating_income": -5426000,
      "net_income": -5668000,
      "opex": 18959000,
      "cogs": 1289000,
      "rd": 10371000,
      "sga": null,
      "fcf": 85000,
      "ocf": 198000,
      "capex": -113000,
      "gross_margin": 0.9130346781810822,
      "op_margin": -0.3660774524355688,
      "fcf_margin": 0.005734718661449197,
      "incr_op_margin_yoy": -0.4751808431030182,
      "rev_growth_yoy": 0.3707574216221215,
      "rev_growth_yoy_accel": -0.39478778714928137,
      "op_leverage_ratio": 2.8958207304689423,
      "fcf_margin_change": 0.12934169441644708
    },
    {
      "date": "2022-09-30T00:00:00",
      "quarter_label": "2022-09 (Q3)",
      "revenue": 12598000,
      "gross_profit": 11670000,
      "operating_income": -7754000,
      "net_income": -7684000,
      "opex": 19424000,
      "cogs": 928000,
      "rd": 11022000,
      "sga": null,
      "fcf": -5663000,
      "ocf": -5213000,
      "capex": -450000,
      "gross_margin": 0.9263375138910939,
      "op_margin": -0.6154945229401493,
      "fcf_margin": -0.4495157961581203,
      "incr_op_margin_yoy": -0.8895300906842539,
      "rev_growth_yoy": 0.4061837258622614,
      "rev_growth_yoy_accel": 0.03542630424013993,
      "fcf_margin_change": -0.4552505148195695
    },
    {
      "date": "2022-12-31T00:00:00",
      "quarter_label": "2022-12 (Q4)",
      "revenue": 11203000,
      "gross_profit": 10118000,
      "operating_income": -9060000,
      "net_income": -7215000,
      "opex": 19178000,
      "cogs": 1085000,
      "rd": 10318000,
      "sga": null,
      "fcf": -787000,
      "ocf": -391000,
      "capex": -396000,
      "gross_margin": 0.9031509417120415,
      "op_margin": -0.8087119521556726,
      "fcf_margin": -0.07024904043559761,
      "rev_growth_yoy": -0.02020290362078013,
      "rev_growth_yoy_accel": -0.42638662948304157,
      "fcf_margin_change": 0.3792667557225227
    },
    {
      "date": "2023-03-31T00:00:00",
      "quarter_label": "2023-03 (Q1)",
      "revenue": 13154000,
      "gross_profit": 12030000,
      "operating_income": -8757000,
      "net_income": -9010000,
      "opex": 20787000,
      "cogs": 1124000,
      "rd": 11381000,
      "sga": null,
      "fcf": -8509000,
      "ocf": -8389000,
      "capex": -120000,
      "gross_margin": 0.9145507070092748,
      "op_margin": -0.665729055800517,
      "fcf_margin": -0.6468754751406416,
      "incr_op_margin_yoy": -1.5303788420300215,
      "rev_growth_yoy": 0.11901318587834964,
      "rev_growth_yoy_accel": 0.13921608949912978,
      "op_leverage_ratio": 2.0757268526637103,
      "fcf_margin_change": -0.5766264347050439
    },
    {
      "date": "2023-06-30T00:00:00",
      "quarter_label": "2023-06 (Q2)",
      "revenue": 14734000,
      "gross_profit": 13509000,
      "operating_income": -8683000,
      "net_income": -9165000,
      "opex": 22192000,
      "cogs": 1225000,
      "rd": 12087000,
      "sga": null,
      "fcf": -2170000,
      "ocf": -1555000,
      "capex": -615000,
      "gross_margin": 0.9168589656576626,
      "op_margin": -0.589317225464911,
      "fcf_margin": -0.14727840369214062,
      "rev_growth_yoy": -0.0059371204965591685,
      "rev_growth_yoy_accel": -0.12495030637490881,
      "op_leverage_ratio": 1.7771117617362782,
      "fcf_margin_change": 0.49959707144850096
    },
    {
      "date": "2023-09-30T00:00:00",
      "quarter_label": "2023-09 (Q3)",
      "revenue": 13274000,
      "gross_profit": 11994000,
      "operating_income": -8453000,
      "net_income": -8153000,
      "opex": 20447000,
      "cogs": 1280000,
      "rd": 10997000,
      "sga": null,
      "fcf": -3146000,
      "ocf": -2806000,
      "capex": -340000,
      "gross_margin": 0.9035708904625583,
      "op_margin": -0.6368087991562453,
      "fcf_margin": -0.2370046707849932,
      "rev_growth_yoy": 0.053659311001746306,
      "rev_growth_yoy_accel": 0.05959643149830547,
      "fcf_margin_change": -0.08972626709285259
    },
    {
      "date": "2023-12-31T00:00:00",
      "quarter_label": "2023-12 (Q4)",
      "revenue": 12504000,
      "gross_profit": 11056000,
      "operating_income": -9249000,
      "net_income": -10541000,
      "opex": 20305000,
      "cogs": 1448000,
      "rd": 10663000,
      "sga": null,
      "fcf": -3407000,
      "ocf": -2979000,
      "capex": -428000,
      "gross_margin": 0.8841970569417786,
      "op_margin": -0.7396833013435701,
      "fcf_margin": -0.2724728087012156,
      "incr_op_margin_yoy": -0.1452728670253651,
      "rev_growth_yoy": 0.1161296081406766,
      "rev_growth_yoy_accel": 0.0624702971389303,
      "fcf_margin_change": -0.035468137916222386
    },
    {
      "date": "2024-03-31T00:00:00",
      "quarter_label": "2024-03 (Q1)",
      "revenue": 12947000,
      "gross_profit": 11479000,
      "operating_income": -9134000,
      "net_income": -9403000,
      "opex": 20613000,
      "cogs": 1468000,
      "rd": 10835000,
      "sga": null,
      "fcf": 281000,
      "ocf": 477000,
      "capex": -196000,
      "gross_margin": 0.8866146597667414,
      "op_margin": -0.7054916196802348,
      "fcf_margin": 0.021703869622306325,
      "rev_growth_yoy": -0.01573665805078303,
      "rev_growth_yoy_accel": -0.13186626619145964,
      "op_leverage_ratio": 2.3356460997415893,
      "fcf_margin_change": 0.2941766783235219
    },
    {
      "date": "2024-06-30T00:00:00",
      "quarter_label": "2024-06 (Q2)",
      "revenue": 14575000,
      "gross_profit": 13117000,
      "operating_income": -7441000,
      "net_income": -8344000,
      "opex": 20558000,
      "cogs": 1458000,
      "rd": 10717000,
      "sga": null,
      "fcf": 264000,
      "ocf": 311000,
      "capex": -47000,
      "gross_margin": 0.8999656946826758,
      "op_margin": -0.5105317324185249,
      "fcf_margin": 0.018113207547169812,
      "rev_growth_yoy": -0.01079136690647482,
      "rev_growth_yoy_accel": 0.0049452911443082104,
      "op_leverage_ratio": null,
      "fcf_margin_change": -0.003590662075136513
    },
    {
      "date": "2024-09-30T00:00:00",
      "quarter_label": "2024-09 (Q3)",
      "revenue": 14713000,
      "gross_profit": 13252000,
      "operating_income": -7919000,
      "net_income": -7687000,
      "opex": 21171000,
      "cogs": 1461000,
      "rd": 11923000,
      "sga": null,
      "fcf": 1092000,
      "ocf": 1123000,
      "capex": -31000,
      "gross_margin": 0.9007000611703936,
      "op_margin": -0.5382314959559573,
      "fcf_margin": 0.07422007748249847,
      "incr_op_margin_yoy": 0.37109103544127864,
      "rev_growth_yoy": 0.10840741298779569,
      "rev_growth_yoy_accel": 0.11919877989427051,
      "fcf_margin_change": 0.05610686993532865
    },
    {
      "date": "2024-12-31T00:00:00",
      "quarter_label": "2024-12 (Q4)",
      "revenue": 15489000,
      "gross_profit": 13914000,
      "operating_income": -7102000,
      "net_income": -8204000,
      "opex": 21016000,
      "cogs": 1575000,
      "rd": 11532000,
      "sga": null,
      "fcf": -2681000,
      "ocf": -2631000,
      "capex": -50000,
      "gross_margin": 0.8983149331783846,
      "op_margin": -0.45851894893149975,
      "fcf_margin": -0.17309058041190523,
      "incr_op_margin_yoy": 0.7192629815745394,
      "rev_growth_yoy": 0.2387236084452975,
      "rev_growth_yoy_accel": 0.1303161954575018,
      "op_leverage_ratio": null,
      "fcf_margin_change": -0.2473106578944037
    },
    {
      "date": "2025-03-31T00:00:00",
      "quarter_label": "2025-03 (Q1)",
      "revenue": 16532000,
      "gross_profit": 15006000,
      "operating_income": -7708000,
      "net_income": -8121000,
      "opex": 22714000,
      "cogs": 1526000,
      "rd": 11862000,
      "sga": null,
      "fcf": 2677000,
      "ocf": 2860000,
      "capex": -183000,
      "gross_margin": 0.9076941688845874,
      "op_margin": -0.46624727800629084,
      "fcf_margin": 0.1619283813210743,
      "incr_op_margin_yoy": 0.397768479776848,
      "rev_growth_yoy": 0.2768981231173245,
      "rev_growth_yoy_accel": 0.03817451467202698,
      "op_leverage_ratio": 0.8334380088578383,
      "fcf_margin_change": 0.3350189617329795
    },
    {
      "date": "2025-06-30T00:00:00",
      "quarter_label": "2025-06 (Q2)",
      "revenue": 16502000,
      "gross_profit": 14760000,
      "operating_income": -8248000,
      "net_income": -9130000,
      "opex": 23008000,
      "cogs": 1742000,
      "rd": 12171000,
      "sga": null,
      "fcf": -2840000,
      "ocf": -2485000,
      "capex": -355000,
      "gross_margin": 0.8944370379347958,
      "op_margin": -0.49981820385407827,
      "fcf_margin": -0.1721003514725488,
      "incr_op_margin_yoy": -0.4187856772184743,
      "rev_growth_yoy": 0.13221269296740995,
      "rev_growth_yoy_accel": -0.14468543014991453,
      "fcf_margin_change": -0.3340287327936231
    },
    {
      "date": "2025-09-30T00:00:00",
      "quarter_label": "2025-09 (Q3)",
      "revenue": 17408000,
      "gross_profit": 15642000,
      "operating_income": -8714000,
      "net_income": -8991000,
      "opex": 24356000,
      "cogs": 1766000,
      "rd": 12648000,
      "sga": null,
      "fcf": 2472000,
      "ocf": 3188000,
      "capex": -716000,
      "gross_margin": 0.8985523897058824,
      "op_margin": -0.5005744485294118,
      "fcf_margin": 0.14200367647058823,
      "incr_op_margin_yoy": -0.2949907235621521,
      "rev_growth_yoy": 0.1831713450689866,
      "rev_growth_yoy_accel": 0.05095865210157666,
      "op_leverage_ratio": 0.9370884636948961,
      "fcf_margin_change": 0.314104027943137
    },
    {
      "date": "2025-12-31T00:00:00",
      "quarter_label": "2025-12 (Q4)",
      "revenue": 20137000,
      "gross_profit": 18276000,
      "operating_income": -8467000,
      "net_income": -8504000,
      "opex": 26743000,
      "cogs": 1861000,
      "rd": 13227000,
      "sga": null,
      "fcf": 3036000,
      "ocf": 3170000,
      "capex": -134000,
      "gross_margin": 0.9075830560659482,
      "op_margin": -0.42046978199334556,
      "fcf_margin": 0.15076724437602423,
      "incr_op_margin_yoy": -0.2936746987951807,
      "rev_growth_yoy": 0.3000839305313448,
      "rev_growth_yoy_accel": 0.11691258546235819,
      "op_leverage_ratio": 1.5995882453054535,
      "fcf_margin_change": 0.008763567905436004
    }
  ],
  "signals": [
    {
      "quarter": "2025-12 (Q4)",
      "signal": "OPERATING LEVERAGE",
      "detail": "Rev growth +15.7% vs OpEx growth +9.8% (leverage: 1.6x)",
      "severity": "MEDIUM"
    },
    {
      "quarter": "2025-12 (Q4)",
      "signal": "YoY REVENUE GROWTH ACCELERATION",
      "detail": "YoY growth: +30.0% vs prior quarter YoY: +18.3% (accel: +11.7%)",
      "severity": "MEDIUM"
    },
    {
      "quarter": "2025-09 (Q3)",
      "signal": "FCF TURNED POSITIVE",
      "detail": "FCF margin: -17.2% -> +14.2%",
      "severity": "HIGH"
    },
    {
      "quarter": "2025-09 (Q3)",
      "signal": "YoY REVENUE GROWTH ACCELERATION",
      "detail": "YoY growth: +18.3% vs prior quarter YoY: +13.2% (accel: +5.1%)",
      "severity": "MEDIUM"
    },
    {
      "quarter": "2025-06 (Q2)",
      "signal": "YoY REVENUE GROWTH DECELERATION",
      "detail": "YoY growth: +13.2% vs prior quarter YoY: +27.7% (decel: -14.5%)",
      "severity": "WARNING"
    },
    {
      "quarter": "2025-03 (Q1)",
      "signal": "FCF TURNED POSITIVE",
      "detail": "FCF margin: -17.3% -> +16.2%",
      "severity": "HIGH"
    },
    {
      "quarter": "2024-12 (Q4)",
      "signal": "YoY REVENUE GROWTH ACCELERATION",
      "detail": "YoY growth: +23.9% vs prior quarter YoY: +10.8% (accel: +13.0%)",
      "severity": "MEDIUM"
    },
    {
      "quarter": "2024-09 (Q3)",
      "signal": "FCF MARGIN EXPANSION",
      "detail": "FCF margin: +1.8% -> +7.4% (+5.6%)",
      "severity": "MEDIUM"
    },
    {
      "quarter": "2024-09 (Q3)",
      "signal": "YoY REVENUE GROWTH ACCELERATION",
      "detail": "YoY growth: +10.8% vs prior quarter YoY: -1.1% (accel: +11.9%)",
      "severity": "MEDIUM"
    },
    {
      "quarter": "2024-03 (Q1)",
      "signal": "FCF TURNED POSITIVE",
      "detail": "FCF margin: -27.2% -> +2.2%",
      "severity": "HIGH"
    },
    {
      "quarter": "2024-03 (Q1)",
      "signal": "OPERATING LEVERAGE",
      "detail": "Rev growth +3.5% vs OpEx growth +1.5% (leverage: 2.3x)",
      "severity": "MEDIUM"
    },
    {
      "quarter": "2024-03 (Q1)",
      "signal": "YoY REVENUE GROWTH DECELERATION",
      "detail": "YoY growth: -1.6% vs prior quarter YoY: +11.6% (decel: -13.2%)",
      "severity": "WARNING"
    },
    {
      "quarter": "2023-12 (Q4)",
      "signal": "YoY REVENUE GROWTH ACCELERATION",
      "detail": "YoY growth: +11.6% vs prior quarter YoY: +5.4% (accel: +6.2%)",
      "severity": "MEDIUM"
    },
    {
      "quarter": "2023-09 (Q3)",
      "signal": "YoY REVENUE GROWTH ACCELERATION",
      "detail": "YoY growth: +5.4% vs prior quarter YoY: -0.6% (accel: +6.0%)",
      "severity": "MEDIUM"
    },
    {
      "quarter": "2023-06 (Q2)",
      "signal": "FCF MARGIN EXPANSION",
      "detail": "FCF margin: -64.7% -> -14.7% (+50.0%)",
      "severity": "MEDIUM"
    },
    {
      "quarter": "2023-06 (Q2)",
      "signal": "OPERATING LEVERAGE",
      "detail": "Rev growth +12.0% vs OpEx growth +6.8% (leverage: 1.8x)",
      "severity": "MEDIUM"
    },
    {
      "quarter": "2023-06 (Q2)",
      "signal": "YoY REVENUE GROWTH DECELERATION",
      "detail": "YoY growth: -0.6% vs prior quarter YoY: +11.9% (decel: -12.5%)",
      "severity": "WARNING"
    },
    {
      "quarter": "2023-03 (Q1)",
      "signal": "OPERATING LEVERAGE",
      "detail": "Rev growth +17.4% vs OpEx growth +8.4% (leverage: 2.1x)",
      "severity": "MEDIUM"
    },
    {
      "quarter": "2023-03 (Q1)",
      "signal": "YoY REVENUE GROWTH ACCELERATION",
      "detail": "YoY growth: +11.9% vs prior quarter YoY: -2.0% (accel: +13.9%)",
      "severity": "MEDIUM"
    },
    {
      "quarter": "2022-12 (Q4)",
      "signal": "FCF MARGIN EXPANSION",
      "detail": "FCF margin: -45.0% -> -7.0% (+37.9%)",
      "severity": "MEDIUM"
    },
    {
      "quarter": "2022-12 (Q4)",
      "signal": "YoY REVENUE GROWTH DECELERATION",
      "detail": "YoY growth: -2.0% vs prior quarter YoY: +40.6% (decel: -42.6%)",
      "severity": "WARNING"
    },
    {
      "quarter": "2022-06 (Q2)",
      "signal": "FCF TURNED POSITIVE",
      "detail": "FCF margin: -12.4% -> +0.6%",
      "severity": "HIGH"
    },
    {
      "quarter": "2022-06 (Q2)",
      "signal": "OPERATING LEVERAGE",
      "detail": "Rev growth +26.1% vs OpEx growth +9.0% (leverage: 2.9x)",
      "severity": "MEDIUM"
    },
    {
      "quarter": "2022-06 (Q2)",
      "signal": "YoY REVENUE GROWTH DECELERATION",
      "detail": "YoY growth: +37.1% vs prior quarter YoY: +76.6% (decel: -39.5%)",
      "severity": "WARNING"
    },
    {
      "quarter": "2021-12 (Q4)",
      "signal": "FCF TURNED POSITIVE",
      "detail": "FCF margin: -29.3% -> +25.1%",
      "severity": "HIGH"
    },
    {
      "quarter": "2021-06 (Q2)",
      "signal": "OPERATING LEVERAGE",
      "detail": "Rev growth +62.4% vs OpEx growth +10.1% (leverage: 6.2x)",
      "severity": "MEDIUM"
    }
  ],
  "data_quality": {
    "n_quarters": 20,
    "coverage": {
      "revenue": [
        20,
        20
      ],
      "gross_profit": [
        20,
        20
      ],
      "op_income": [
        20,
        20
      ],
      "fcf": [
        20,
        20
      ]
    },
    "gaps": [],
    "warnings": []
  },
  "market_cap": null,
  "source": "SEC EDGAR",
  "last_updated": "2026-02-13T11:32:48.154089"
}