{
  "ticker": "AIRG",
  "name": "AIRGAIN, INC.",
  "quarters": [
    {
      "date": "2020-12-31T00:00:00",
      "quarter_label": "2020-12 (Q4)",
      "revenue": 12830000,
      "gross_profit": 5837000,
      "operating_income": -1076000,
      "net_income": -1080000,
      "opex": 6913000,
      "cogs": 6993000,
      "rd": 2284000,
      "sga": null,
      "fcf": 60000,
      "ocf": 227000,
      "capex": -167000,
      "gross_margin": 0.45494933749025723,
      "op_margin": -0.0838659392049883,
      "fcf_margin": 0.004676539360872954
    },
    {
      "date": "2021-03-31T00:00:00",
      "quarter_label": "2021-03 (Q1)",
      "revenue": 17377000,
      "gross_profit": 6897000,
      "operating_income": -1881000,
      "net_income": 237000,
      "opex": 8778000,
      "cogs": 10480000,
      "rd": 2706000,
      "sga": null,
      "fcf": -3981000,
      "ocf": -3920000,
      "capex": -61000,
      "gross_margin": 0.39690395350175517,
      "op_margin": -0.10824653277320596,
      "fcf_margin": -0.22909593140357945,
      "op_leverage_ratio": 1.3136692027524297,
      "fcf_margin_change": -0.2337724707644524
    },
    {
      "date": "2021-06-30T00:00:00",
      "quarter_label": "2021-06 (Q2)",
      "revenue": 17297000,
      "gross_profit": 7299000,
      "operating_income": -2734000,
      "net_income": -2609000,
      "opex": 10033000,
      "cogs": 9998000,
      "rd": 2726000,
      "sga": null,
      "fcf": -2007000,
      "ocf": -1659000,
      "capex": -348000,
      "gross_margin": 0.4219806902931144,
      "op_margin": -0.15806209169220095,
      "fcf_margin": -0.11603168179453084,
      "fcf_margin_change": 0.11306424960904861
    },
    {
      "date": "2021-09-30T00:00:00",
      "quarter_label": "2021-09 (Q3)",
      "revenue": 15455000,
      "gross_profit": 5546000,
      "operating_income": -3046000,
      "net_income": -3069000,
      "opex": 8592000,
      "cogs": 9909000,
      "rd": 2698000,
      "sga": null,
      "fcf": -1475000,
      "ocf": -1342000,
      "capex": -133000,
      "gross_margin": 0.3588482691685539,
      "op_margin": -0.1970883209317373,
      "fcf_margin": -0.09543836945972177,
      "fcf_margin_change": 0.020593312334809072
    },
    {
      "date": "2021-12-31T00:00:00",
      "quarter_label": "2021-12 (Q4)",
      "revenue": 14144000,
      "gross_profit": 4865000,
      "operating_income": -4463000,
      "net_income": -4646000,
      "opex": 9328000,
      "cogs": 9279000,
      "rd": 2790000,
      "sga": null,
      "fcf": -4443000,
      "ocf": -4249000,
      "capex": -194000,
      "gross_margin": 0.3439621040723982,
      "op_margin": -0.3155401583710407,
      "fcf_margin": -0.31412613122171945,
      "incr_op_margin_yoy": -2.577625570776256,
      "rev_growth_yoy": 0.1024162120031177,
      "fcf_margin_change": -0.21868776176199767
    },
    {
      "date": "2022-03-31T00:00:00",
      "quarter_label": "2022-03 (Q1)",
      "revenue": 17522000,
      "gross_profit": 7156000,
      "operating_income": -2426000,
      "net_income": -2521000,
      "opex": 9582000,
      "cogs": 10366000,
      "rd": 3242000,
      "sga": null,
      "fcf": 4024000,
      "ocf": 4152000,
      "capex": -128000,
      "gross_margin": 0.40840086748088117,
      "op_margin": -0.13845451432484876,
      "fcf_margin": 0.2296541490697409,
      "rev_growth_yoy": 0.008344363238763884,
      "rev_growth_yoy_accel": -0.09407184876435382,
      "op_leverage_ratio": 8.770860797377704,
      "fcf_margin_change": 0.5437802802914604
    },
    {
      "date": "2022-06-30T00:00:00",
      "quarter_label": "2022-06 (Q2)",
      "revenue": 19286000,
      "gross_profit": 7493000,
      "operating_income": -1613000,
      "net_income": -1619000,
      "opex": 9106000,
      "cogs": 11793000,
      "rd": 2962000,
      "sga": null,
      "fcf": -2218000,
      "ocf": -2172000,
      "capex": -46000,
      "gross_margin": 0.3885201700715545,
      "op_margin": -0.08363579798817795,
      "fcf_margin": -0.11500570361920565,
      "incr_op_margin_yoy": 0.5635997988939165,
      "rev_growth_yoy": 0.11499103890848124,
      "rev_growth_yoy_accel": 0.10664667566971736,
      "op_leverage_ratio": Infinity,
      "fcf_margin_change": -0.34465985268894656
    },
    {
      "date": "2022-09-30T00:00:00",
      "quarter_label": "2022-09 (Q3)",
      "revenue": 19198000,
      "gross_profit": 7443000,
      "operating_income": -1264000,
      "net_income": -1299000,
      "opex": 8707000,
      "cogs": 11755000,
      "rd": 2901000,
      "sga": null,
      "fcf": -357000,
      "ocf": 103000,
      "capex": -460000,
      "gross_margin": 0.3876966350661527,
      "op_margin": -0.06584019168663402,
      "fcf_margin": -0.01859568705073445,
      "incr_op_margin_yoy": 0.47608869890462197,
      "rev_growth_yoy": 0.24218699450016176,
      "rev_growth_yoy_accel": 0.1271959555916805,
      "fcf_margin_change": 0.0964100165684712
    },
    {
      "date": "2022-12-31T00:00:00",
      "quarter_label": "2022-12 (Q4)",
      "revenue": 19889000,
      "gross_profit": 5868000,
      "operating_income": -3277000,
      "net_income": -3220000,
      "opex": 9145000,
      "cogs": 14021000,
      "rd": 2228000,
      "sga": null,
      "fcf": 2234000,
      "ocf": 2363000,
      "capex": -129000,
      "gross_margin": 0.2950374578912967,
      "op_margin": -0.16476444265674495,
      "fcf_margin": 0.1123233948413696,
      "incr_op_margin_yoy": 0.20644038294168843,
      "rev_growth_yoy": 0.40617929864253394,
      "rev_growth_yoy_accel": 0.16399230414237218,
      "op_leverage_ratio": 0.715511295173917,
      "fcf_margin_change": 0.13091908189210405
    },
    {
      "date": "2023-03-31T00:00:00",
      "quarter_label": "2023-03 (Q1)",
      "revenue": 16444000,
      "gross_profit": 6318000,
      "operating_income": -2790000,
      "net_income": -2858000,
      "opex": 9108000,
      "cogs": 10126000,
      "rd": 2449000,
      "sga": null,
      "fcf": -1523000,
      "ocf": -1434000,
      "capex": -89000,
      "gross_margin": 0.38421308684018485,
      "op_margin": -0.1696667477499392,
      "fcf_margin": -0.09261736803697397,
      "incr_op_margin_yoy": 0.33766233766233766,
      "rev_growth_yoy": -0.061522657230909716,
      "rev_growth_yoy_accel": -0.46770195587344365,
      "fcf_margin_change": -0.20494076287834356
    },
    {
      "date": "2023-06-30T00:00:00",
      "quarter_label": "2023-06 (Q2)",
      "revenue": 15830000,
      "gross_profit": 6279000,
      "operating_income": -2212000,
      "net_income": -2205000,
      "opex": 8491000,
      "cogs": 9551000,
      "rd": 2590000,
      "sga": null,
      "fcf": -585000,
      "ocf": -570000,
      "capex": -15000,
      "gross_margin": 0.396651926721415,
      "op_margin": -0.13973468098547062,
      "fcf_margin": -0.03695514845230575,
      "incr_op_margin_yoy": 0.17332175925925927,
      "rev_growth_yoy": -0.1791973452245152,
      "rev_growth_yoy_accel": -0.11767468799360548,
      "fcf_margin_change": 0.05566221958466822
    },
    {
      "date": "2023-09-30T00:00:00",
      "quarter_label": "2023-09 (Q3)",
      "revenue": 13696000,
      "gross_profit": 5236000,
      "operating_income": -1910000,
      "net_income": -1881000,
      "opex": 7146000,
      "cogs": 8460000,
      "rd": 2298000,
      "sga": null,
      "fcf": 572000,
      "ocf": 640000,
      "capex": -68000,
      "gross_margin": 0.3823014018691589,
      "op_margin": -0.1394567757009346,
      "fcf_margin": 0.041764018691588786,
      "incr_op_margin_yoy": 0.11741185023627772,
      "rev_growth_yoy": -0.2865923533701427,
      "rev_growth_yoy_accel": -0.10739500814562752,
      "fcf_margin_change": 0.07871916714389454
    },
    {
      "date": "2023-12-31T00:00:00",
      "quarter_label": "2023-12 (Q4)",
      "revenue": 10070000,
      "gross_profit": 2930000,
      "operating_income": -5488000,
      "net_income": -5484000,
      "opex": 8418000,
      "cogs": 7140000,
      "rd": 3168000,
      "sga": null,
      "fcf": -2111000,
      "ocf": -1937000,
      "capex": -174000,
      "gross_margin": 0.29096325719960275,
      "op_margin": -0.5449851042701093,
      "fcf_margin": -0.2096325719960278,
      "incr_op_margin_yoy": 0.22517567980446074,
      "rev_growth_yoy": -0.49368997938559,
      "rev_growth_yoy_accel": -0.2070976260154473,
      "fcf_margin_change": -0.2513965906876166
    },
    {
      "date": "2024-03-31T00:00:00",
      "quarter_label": "2024-03 (Q1)",
      "revenue": 14231000,
      "gross_profit": 5576000,
      "operating_income": -2629000,
      "net_income": -2455000,
      "opex": 8205000,
      "cogs": 8655000,
      "rd": 3120000,
      "sga": null,
      "fcf": -1179000,
      "ocf": -1119000,
      "capex": -60000,
      "gross_margin": 0.3918206731782728,
      "op_margin": -0.18473754479657087,
      "fcf_margin": -0.08284730517883494,
      "incr_op_margin_yoy": -0.0727519204699503,
      "rev_growth_yoy": -0.13457796156652882,
      "rev_growth_yoy_accel": 0.3591120178190612,
      "op_leverage_ratio": Infinity,
      "fcf_margin_change": 0.12678526681719288
    },
    {
      "date": "2024-06-30T00:00:00",
      "quarter_label": "2024-06 (Q2)",
      "revenue": 15184000,
      "gross_profit": 6148000,
      "operating_income": -2505000,
      "net_income": -2513000,
      "opex": 8653000,
      "cogs": 9036000,
      "rd": 3116000,
      "sga": null,
      "fcf": -1293000,
      "ocf": -1203000,
      "capex": -90000,
      "gross_margin": 0.404899894625922,
      "op_margin": -0.1649762908324552,
      "fcf_margin": -0.08515542676501581,
      "rev_growth_yoy": -0.04080859128237524,
      "rev_growth_yoy_accel": 0.09376937028415358,
      "op_leverage_ratio": 1.2264731735045222,
      "fcf_margin_change": -0.002308121586180864
    },
    {
      "date": "2024-09-30T00:00:00",
      "quarter_label": "2024-09 (Q3)",
      "revenue": 16101000,
      "gross_profit": 6714000,
      "operating_income": -1814000,
      "net_income": -1757000,
      "opex": 8528000,
      "cogs": 9387000,
      "rd": 2855000,
      "sga": null,
      "fcf": -1206000,
      "ocf": -1179000,
      "capex": -27000,
      "gross_margin": 0.4169927333705981,
      "op_margin": -0.11266380970126079,
      "fcf_margin": -0.07490217998882057,
      "incr_op_margin_yoy": 0.03991683991683992,
      "rev_growth_yoy": 0.17559871495327103,
      "rev_growth_yoy_accel": 0.21640730623564627,
      "op_leverage_ratio": Infinity,
      "fcf_margin_change": 0.01025324677619524
    },
    {
      "date": "2024-12-31T00:00:00",
      "quarter_label": "2024-12 (Q4)",
      "revenue": 15083000,
      "gross_profit": 6364000,
      "operating_income": -1980000,
      "net_income": -1963000,
      "opex": 8344000,
      "cogs": 8719000,
      "rd": 2773000,
      "sga": null,
      "fcf": -27000,
      "ocf": -26000,
      "capex": -1000,
      "gross_margin": 0.4219319763972684,
      "op_margin": -0.13127361930650402,
      "fcf_margin": -0.0017900948087250547,
      "incr_op_margin_yoy": 0.6997805705166567,
      "rev_growth_yoy": 0.4978152929493545,
      "rev_growth_yoy_accel": 0.3222165779960835,
      "fcf_margin_change": 0.07311208518009552
    },
    {
      "date": "2025-03-31T00:00:00",
      "quarter_label": "2025-03 (Q1)",
      "revenue": 12013000,
      "gross_profit": 5160000,
      "operating_income": -3096000,
      "net_income": -1546000,
      "opex": 8256000,
      "cogs": 6853000,
      "rd": 2498000,
      "sga": null,
      "fcf": -1067000,
      "ocf": -1025000,
      "capex": -42000,
      "gross_margin": 0.4295346707733289,
      "op_margin": -0.2577208024639973,
      "fcf_margin": -0.08882044451843836,
      "incr_op_margin_yoy": 0.21055004508566275,
      "rev_growth_yoy": -0.15585693204975054,
      "rev_growth_yoy_accel": -0.653672224999105,
      "fcf_margin_change": -0.08703034970971331
    },
    {
      "date": "2025-06-30T00:00:00",
      "quarter_label": "2025-06 (Q2)",
      "revenue": 13623000,
      "gross_profit": 5839000,
      "operating_income": -2000000,
      "net_income": -1475000,
      "opex": 7839000,
      "cogs": 7784000,
      "rd": 2553000,
      "sga": null,
      "fcf": 113000,
      "ocf": 129000,
      "capex": -16000,
      "gross_margin": 0.4286133744402848,
      "op_margin": -0.14681054099684357,
      "fcf_margin": 0.008294795566321662,
      "incr_op_margin_yoy": -0.32351057014734147,
      "rev_growth_yoy": -0.10280558482613276,
      "rev_growth_yoy_accel": 0.053051347223617776,
      "op_leverage_ratio": Infinity,
      "fcf_margin_change": 0.09711524008476002
    },
    {
      "date": "2025-09-30T00:00:00",
      "quarter_label": "2025-09 (Q3)",
      "revenue": 14018000,
      "gross_profit": 6111000,
      "operating_income": -967000,
      "net_income": -964000,
      "opex": 7078000,
      "cogs": 7907000,
      "rd": 2141000,
      "sga": null,
      "fcf": -418000,
      "ocf": -411000,
      "capex": -7000,
      "gross_margin": 0.4359395063489799,
      "op_margin": -0.06898273648166643,
      "fcf_margin": -0.029818804394350123,
      "incr_op_margin_yoy": -0.4066250600096015,
      "rev_growth_yoy": -0.12937084653127134,
      "rev_growth_yoy_accel": -0.02656526170513858,
      "op_leverage_ratio": Infinity,
      "fcf_margin_change": -0.03811359996067178
    }
  ],
  "signals": [
    {
      "quarter": "2025-06 (Q2)",
      "signal": "FCF TURNED POSITIVE",
      "detail": "FCF margin: -8.9% -> +0.8%",
      "severity": "HIGH"
    },
    {
      "quarter": "2025-06 (Q2)",
      "signal": "YoY REVENUE GROWTH ACCELERATION",
      "detail": "YoY growth: -10.3% vs prior quarter YoY: -15.6% (accel: +5.3%)",
      "severity": "MEDIUM"
    },
    {
      "quarter": "2025-03 (Q1)",
      "signal": "YoY REVENUE GROWTH DECELERATION",
      "detail": "YoY growth: -15.6% vs prior quarter YoY: +49.8% (decel: -65.4%)",
      "severity": "WARNING"
    },
    {
      "quarter": "2024-12 (Q4)",
      "signal": "FCF MARGIN EXPANSION",
      "detail": "FCF margin: -7.5% -> -0.2% (+7.3%)",
      "severity": "MEDIUM"
    },
    {
      "quarter": "2024-12 (Q4)",
      "signal": "YoY REVENUE GROWTH ACCELERATION",
      "detail": "YoY growth: +49.8% vs prior quarter YoY: +17.6% (accel: +32.2%)",
      "severity": "HIGH"
    },
    {
      "quarter": "2024-09 (Q3)",
      "signal": "YoY REVENUE GROWTH ACCELERATION",
      "detail": "YoY growth: +17.6% vs prior quarter YoY: -4.1% (accel: +21.6%)",
      "severity": "HIGH"
    },
    {
      "quarter": "2024-06 (Q2)",
      "signal": "YoY REVENUE GROWTH ACCELERATION",
      "detail": "YoY growth: -4.1% vs prior quarter YoY: -13.5% (accel: +9.4%)",
      "severity": "MEDIUM"
    },
    {
      "quarter": "2024-03 (Q1)",
      "signal": "FCF MARGIN EXPANSION",
      "detail": "FCF margin: -21.0% -> -8.3% (+12.7%)",
      "severity": "MEDIUM"
    },
    {
      "quarter": "2024-03 (Q1)",
      "signal": "GROSS MARGIN INFLECTION",
      "detail": "GM: +38.2% -> +29.1% -> +39.2% (reversal +10.1%)",
      "severity": "HIGH"
    },
    {
      "quarter": "2024-03 (Q1)",
      "signal": "YoY REVENUE GROWTH ACCELERATION",
      "detail": "YoY growth: -13.5% vs prior quarter YoY: -49.4% (accel: +35.9%)",
      "severity": "HIGH"
    },
    {
      "quarter": "2023-12 (Q4)",
      "signal": "YoY REVENUE GROWTH DECELERATION",
      "detail": "YoY growth: -49.4% vs prior quarter YoY: -28.7% (decel: -20.7%)",
      "severity": "WARNING"
    },
    {
      "quarter": "2023-09 (Q3)",
      "signal": "FCF TURNED POSITIVE",
      "detail": "FCF margin: -3.7% -> +4.2%",
      "severity": "HIGH"
    },
    {
      "quarter": "2023-09 (Q3)",
      "signal": "YoY REVENUE GROWTH DECELERATION",
      "detail": "YoY growth: -28.7% vs prior quarter YoY: -17.9% (decel: -10.7%)",
      "severity": "WARNING"
    },
    {
      "quarter": "2023-06 (Q2)",
      "signal": "FCF MARGIN EXPANSION",
      "detail": "FCF margin: -9.3% -> -3.7% (+5.6%)",
      "severity": "MEDIUM"
    },
    {
      "quarter": "2023-06 (Q2)",
      "signal": "YoY REVENUE GROWTH DECELERATION",
      "detail": "YoY growth: -17.9% vs prior quarter YoY: -6.2% (decel: -11.8%)",
      "severity": "WARNING"
    },
    {
      "quarter": "2023-03 (Q1)",
      "signal": "GROSS MARGIN INFLECTION",
      "detail": "GM: +38.8% -> +29.5% -> +38.4% (reversal +8.9%)",
      "severity": "HIGH"
    },
    {
      "quarter": "2023-03 (Q1)",
      "signal": "YoY REVENUE GROWTH DECELERATION",
      "detail": "YoY growth: -6.2% vs prior quarter YoY: +40.6% (decel: -46.8%)",
      "severity": "WARNING"
    },
    {
      "quarter": "2022-12 (Q4)",
      "signal": "FCF TURNED POSITIVE",
      "detail": "FCF margin: -1.9% -> +11.2%",
      "severity": "HIGH"
    },
    {
      "quarter": "2022-12 (Q4)",
      "signal": "YoY REVENUE GROWTH ACCELERATION",
      "detail": "YoY growth: +40.6% vs prior quarter YoY: +24.2% (accel: +16.4%)",
      "severity": "HIGH"
    },
    {
      "quarter": "2022-09 (Q3)",
      "signal": "FCF MARGIN EXPANSION",
      "detail": "FCF margin: -11.5% -> -1.9% (+9.6%)",
      "severity": "MEDIUM"
    },
    {
      "quarter": "2022-09 (Q3)",
      "signal": "YoY REVENUE GROWTH ACCELERATION",
      "detail": "YoY growth: +24.2% vs prior quarter YoY: +11.5% (accel: +12.7%)",
      "severity": "MEDIUM"
    },
    {
      "quarter": "2022-06 (Q2)",
      "signal": "YoY REVENUE GROWTH ACCELERATION",
      "detail": "YoY growth: +11.5% vs prior quarter YoY: +0.8% (accel: +10.7%)",
      "severity": "MEDIUM"
    },
    {
      "quarter": "2022-03 (Q1)",
      "signal": "FCF TURNED POSITIVE",
      "detail": "FCF margin: -31.4% -> +23.0%",
      "severity": "HIGH"
    },
    {
      "quarter": "2022-03 (Q1)",
      "signal": "OPERATING LEVERAGE",
      "detail": "Rev growth +23.9% vs OpEx growth +2.7% (leverage: 8.8x)",
      "severity": "MEDIUM"
    },
    {
      "quarter": "2022-03 (Q1)",
      "signal": "GROSS MARGIN INFLECTION",
      "detail": "GM: +35.9% -> +34.4% -> +40.8% (reversal +6.4%)",
      "severity": "HIGH"
    },
    {
      "quarter": "2022-03 (Q1)",
      "signal": "YoY REVENUE GROWTH DECELERATION",
      "detail": "YoY growth: +0.8% vs prior quarter YoY: +10.2% (decel: -9.4%)",
      "severity": "WARNING"
    },
    {
      "quarter": "2021-06 (Q2)",
      "signal": "FCF MARGIN EXPANSION",
      "detail": "FCF margin: -22.9% -> -11.6% (+11.3%)",
      "severity": "MEDIUM"
    },
    {
      "quarter": "2021-06 (Q2)",
      "signal": "GROSS MARGIN INFLECTION",
      "detail": "GM: +45.5% -> +39.7% -> +42.2% (reversal +2.5%)",
      "severity": "MEDIUM"
    }
  ],
  "data_quality": {
    "n_quarters": 20,
    "coverage": {
      "revenue": [
        20,
        20
      ],
      "gross_profit": [
        20,
        20
      ],
      "op_income": [
        20,
        20
      ],
      "fcf": [
        20,
        20
      ]
    },
    "gaps": [],
    "warnings": []
  },
  "market_cap": null,
  "source": "SEC EDGAR",
  "last_updated": "2026-02-02T23:37:30.127478",
  "sector": "Technology",
  "industry": "Communication Equipment"
}