{
  "ticker": "AIRI",
  "name": "AIR INDUSTRIES GROUP",
  "quarters": [
    {
      "date": "2020-12-31T00:00:00",
      "quarter_label": "2020-12 (Q4)",
      "revenue": 14494000,
      "gross_profit": 2061000,
      "operating_income": 174000,
      "net_income": 2099000,
      "opex": 1887000,
      "cogs": 12433000,
      "rd": null,
      "sga": null,
      "fcf": -667000,
      "ocf": 1659000,
      "capex": -2326000,
      "gross_margin": 0.14219677107768733,
      "op_margin": 0.01200496757278874,
      "fcf_margin": -0.046019042362356835
    },
    {
      "date": "2021-03-31T00:00:00",
      "quarter_label": "2021-03 (Q1)",
      "revenue": 13712000,
      "gross_profit": 1797000,
      "operating_income": 27000,
      "net_income": -152000,
      "opex": 1770000,
      "cogs": 11915000,
      "rd": null,
      "sga": null,
      "fcf": 294000,
      "ocf": 567000,
      "capex": -273000,
      "gross_margin": 0.13105309218203035,
      "op_margin": 0.001969078179696616,
      "fcf_margin": 0.02144107351225204,
      "fcf_margin_change": 0.06746011587460887
    },
    {
      "date": "2021-06-30T00:00:00",
      "quarter_label": "2021-06 (Q2)",
      "revenue": 15453000,
      "gross_profit": 2603000,
      "operating_income": 440000,
      "net_income": 239000,
      "opex": 2163000,
      "cogs": 12850000,
      "rd": null,
      "sga": null,
      "fcf": -1106000,
      "ocf": -748000,
      "capex": -358000,
      "gross_margin": 0.1684462563903449,
      "op_margin": 0.028473435578852003,
      "fcf_margin": -0.07157186306865981,
      "op_leverage_ratio": 0.5718454666108473,
      "fcf_margin_change": -0.09301293658091185
    },
    {
      "date": "2021-09-30T00:00:00",
      "quarter_label": "2021-09 (Q3)",
      "revenue": 14354000,
      "gross_profit": 2014000,
      "operating_income": 177000,
      "net_income": -66000,
      "opex": 1837000,
      "cogs": 12340000,
      "rd": null,
      "sga": null,
      "fcf": 2343000,
      "ocf": 2695000,
      "capex": -352000,
      "gross_margin": 0.14030932144350006,
      "op_margin": 0.01233105754493521,
      "fcf_margin": 0.16322976173888812,
      "fcf_margin_change": 0.23480162480754793
    },
    {
      "date": "2021-12-31T00:00:00",
      "quarter_label": "2021-12 (Q4)",
      "revenue": 15420000,
      "gross_profit": 3839000,
      "operating_income": 1843000,
      "net_income": 1606000,
      "opex": 1996000,
      "cogs": 11581000,
      "rd": null,
      "sga": null,
      "fcf": 1169000,
      "ocf": 1550000,
      "capex": -381000,
      "gross_margin": 0.24896238651102465,
      "op_margin": 0.1195201037613489,
      "fcf_margin": 0.07581063553826199,
      "rev_growth_yoy": 0.06388850558851938,
      "op_leverage_ratio": 0.8580177944394348,
      "fcf_margin_change": -0.08741912620062613
    },
    {
      "date": "2022-03-31T00:00:00",
      "quarter_label": "2022-03 (Q1)",
      "revenue": 12062000,
      "gross_profit": 2078000,
      "operating_income": 207000,
      "net_income": -28000,
      "opex": 1871000,
      "cogs": 9984000,
      "rd": null,
      "sga": null,
      "fcf": 855000,
      "ocf": 1285000,
      "capex": -430000,
      "gross_margin": 0.1722765710495772,
      "op_margin": 0.017161333112253357,
      "fcf_margin": 0.07088376720278561,
      "incr_op_margin_yoy": -0.10909090909090909,
      "rev_growth_yoy": -0.12033255542590432,
      "rev_growth_yoy_accel": -0.1842210610144237,
      "fcf_margin_change": -0.004926868335476384
    },
    {
      "date": "2022-06-30T00:00:00",
      "quarter_label": "2022-06 (Q2)",
      "revenue": 14008000,
      "gross_profit": 2422000,
      "operating_income": 250000,
      "net_income": -7000,
      "opex": 2172000,
      "cogs": 11586000,
      "rd": null,
      "sga": null,
      "fcf": -1867000,
      "ocf": -970000,
      "capex": -897000,
      "gross_margin": 0.17290119931467732,
      "op_margin": 0.01784694460308395,
      "fcf_margin": -0.13328098229583096,
      "incr_op_margin_yoy": 0.1314878892733564,
      "rev_growth_yoy": -0.09350935093509351,
      "rev_growth_yoy_accel": 0.026823204490810812,
      "op_leverage_ratio": 1.0028380499203726,
      "fcf_margin_change": -0.20416474949861657
    },
    {
      "date": "2022-09-30T00:00:00",
      "quarter_label": "2022-09 (Q3)",
      "revenue": 13278000,
      "gross_profit": 2242000,
      "operating_income": 169000,
      "net_income": -142000,
      "opex": 2073000,
      "cogs": 11036000,
      "rd": null,
      "sga": null,
      "fcf": -1041000,
      "ocf": -388000,
      "capex": -653000,
      "gross_margin": 0.16885073053170657,
      "op_margin": 0.012727820454887784,
      "fcf_margin": -0.07840036150022593,
      "incr_op_margin_yoy": 0.007434944237918215,
      "rev_growth_yoy": -0.07496168315452138,
      "rev_growth_yoy_accel": 0.018547667780572125,
      "fcf_margin_change": 0.05488062079560503
    },
    {
      "date": "2022-12-31T00:00:00",
      "quarter_label": "2022-12 (Q4)",
      "revenue": 13890000,
      "gross_profit": 710000,
      "operating_income": -820000,
      "net_income": -899000,
      "opex": 1530000,
      "cogs": 13180000,
      "rd": null,
      "sga": null,
      "fcf": 140000,
      "ocf": 521000,
      "capex": -381000,
      "gross_margin": 0.051115910727141826,
      "op_margin": -0.05903527717782577,
      "fcf_margin": 0.010079193664506839,
      "incr_op_margin_yoy": 1.7405228758169935,
      "rev_growth_yoy": -0.09922178988326848,
      "rev_growth_yoy_accel": -0.024260106728747094,
      "op_leverage_ratio": Infinity,
      "fcf_margin_change": 0.08847955516473277
    },
    {
      "date": "2023-03-31T00:00:00",
      "quarter_label": "2023-03 (Q1)",
      "revenue": 12549000,
      "gross_profit": 1880000,
      "operating_income": -158000,
      "net_income": -618000,
      "opex": 2038000,
      "cogs": 10669000,
      "rd": null,
      "sga": null,
      "fcf": 465000,
      "ocf": 1438000,
      "capex": -973000,
      "gross_margin": 0.149812734082397,
      "op_margin": -0.012590644672882302,
      "fcf_margin": 0.037054745398039685,
      "rev_growth_yoy": 0.04037473055877964,
      "rev_growth_yoy_accel": 0.13959652044204812,
      "fcf_margin_change": 0.026975551733532846
    },
    {
      "date": "2023-06-30T00:00:00",
      "quarter_label": "2023-06 (Q2)",
      "revenue": 13205000,
      "gross_profit": 2170000,
      "operating_income": 72000,
      "net_income": -395000,
      "opex": 2098000,
      "cogs": 11035000,
      "rd": null,
      "sga": null,
      "fcf": -442000,
      "ocf": -32000,
      "capex": -410000,
      "gross_margin": 0.1643316925407043,
      "op_margin": 0.005452480121166225,
      "fcf_margin": -0.033472169632714883,
      "rev_growth_yoy": -0.057324386065105655,
      "rev_growth_yoy_accel": -0.0976991166238853,
      "op_leverage_ratio": 1.7756102743910536,
      "fcf_margin_change": -0.07052691503075456
    },
    {
      "date": "2023-09-30T00:00:00",
      "quarter_label": "2023-09 (Q3)",
      "revenue": 12293000,
      "gross_profit": 1228000,
      "operating_income": -796000,
      "net_income": -1299000,
      "opex": 2024000,
      "cogs": 11065000,
      "rd": null,
      "sga": null,
      "fcf": 5203000,
      "ocf": 5687000,
      "capex": -484000,
      "gross_margin": 0.0998942487594566,
      "op_margin": -0.06475229805580411,
      "fcf_margin": 0.42324900349792566,
      "rev_growth_yoy": -0.07418285886428679,
      "rev_growth_yoy_accel": -0.01685847279918113,
      "fcf_margin_change": 0.45672117313064053
    },
    {
      "date": "2023-12-31T00:00:00",
      "quarter_label": "2023-12 (Q4)",
      "revenue": 13469000,
      "gross_profit": 2150000,
      "operating_income": 587000,
      "net_income": 181000,
      "opex": 1563000,
      "cogs": 11319000,
      "rd": null,
      "sga": null,
      "fcf": -2483000,
      "ocf": -2231000,
      "capex": -252000,
      "gross_margin": 0.15962580740960725,
      "op_margin": 0.04358155765090207,
      "fcf_margin": -0.1843492464176999,
      "rev_growth_yoy": -0.03030957523398128,
      "rev_growth_yoy_accel": 0.0438732836303055,
      "op_leverage_ratio": Infinity,
      "fcf_margin_change": -0.6075982499156256
    },
    {
      "date": "2024-03-31T00:00:00",
      "quarter_label": "2024-03 (Q1)",
      "revenue": 14061000,
      "gross_profit": 1906000,
      "operating_income": -259000,
      "net_income": -706000,
      "opex": 2165000,
      "cogs": 12155000,
      "rd": null,
      "sga": null,
      "fcf": -343000,
      "ocf": -232000,
      "capex": -111000,
      "gross_margin": 0.13555223668302396,
      "op_margin": -0.01841974255031648,
      "fcf_margin": -0.024393713107175877,
      "incr_op_margin_yoy": -0.0667989417989418,
      "rev_growth_yoy": 0.1204876882620129,
      "rev_growth_yoy_accel": 0.15079726349599418,
      "op_leverage_ratio": 0.1141166044138762,
      "fcf_margin_change": 0.15995553331052403
    },
    {
      "date": "2024-06-30T00:00:00",
      "quarter_label": "2024-06 (Q2)",
      "revenue": 13572000,
      "gross_profit": 2644000,
      "operating_income": 752000,
      "net_income": 298000,
      "opex": 1892000,
      "cogs": 10928000,
      "rd": null,
      "sga": null,
      "fcf": -554000,
      "ocf": 566000,
      "capex": -1120000,
      "gross_margin": 0.19481284998526377,
      "op_margin": 0.05540819333922782,
      "fcf_margin": -0.0408193339227822,
      "rev_growth_yoy": 0.027792502839833397,
      "rev_growth_yoy_accel": -0.09269518542217951,
      "fcf_margin_change": -0.01642562081560632
    },
    {
      "date": "2024-09-30T00:00:00",
      "quarter_label": "2024-09 (Q3)",
      "revenue": 12555000,
      "gross_profit": 1941000,
      "operating_income": 67000,
      "net_income": -404000,
      "opex": 1874000,
      "cogs": 10614000,
      "rd": null,
      "sga": null,
      "fcf": -95000,
      "ocf": 174000,
      "capex": -269000,
      "gross_margin": 0.15459976105137396,
      "op_margin": 0.005336519315013939,
      "fcf_margin": -0.007566706491437674,
      "rev_growth_yoy": 0.02131294232490035,
      "rev_growth_yoy_accel": -0.006479560514933046,
      "fcf_margin_change": 0.03325262743134452
    },
    {
      "date": "2024-12-31T00:00:00",
      "quarter_label": "2024-12 (Q4)",
      "revenue": 14920000,
      "gross_profit": 2441000,
      "operating_income": -101000,
      "net_income": -554000,
      "opex": 2542000,
      "cogs": 12479000,
      "rd": null,
      "sga": null,
      "fcf": -985000,
      "ocf": -184000,
      "capex": -801000,
      "gross_margin": 0.1636058981233244,
      "op_margin": -0.006769436997319035,
      "fcf_margin": -0.06601876675603217,
      "incr_op_margin_yoy": -0.4741557546519642,
      "rev_growth_yoy": 0.10772885886108842,
      "rev_growth_yoy_accel": 0.08641591653618808,
      "op_leverage_ratio": 0.5284544411773824,
      "fcf_margin_change": -0.0584520602645945
    },
    {
      "date": "2025-03-31T00:00:00",
      "quarter_label": "2025-03 (Q1)",
      "revenue": 12135000,
      "gross_profit": 2034000,
      "operating_income": -746000,
      "net_income": -988000,
      "opex": 2780000,
      "cogs": 10101000,
      "rd": null,
      "sga": null,
      "fcf": 308000,
      "ocf": 1525000,
      "capex": -1217000,
      "gross_margin": 0.16761433868974043,
      "op_margin": -0.06147507210548002,
      "fcf_margin": 0.0253811289658014,
      "incr_op_margin_yoy": 0.2528556593977155,
      "rev_growth_yoy": -0.13697461062513336,
      "rev_growth_yoy_accel": -0.2447034694862218,
      "fcf_margin_change": 0.09139989572183357
    },
    {
      "date": "2025-06-30T00:00:00",
      "quarter_label": "2025-06 (Q2)",
      "revenue": 12659000,
      "gross_profit": 2028000,
      "operating_income": 8000,
      "net_income": -422000,
      "opex": 2020000,
      "cogs": 10631000,
      "rd": null,
      "sga": null,
      "fcf": -551000,
      "ocf": 345000,
      "capex": -896000,
      "gross_margin": 0.1602022276641125,
      "op_margin": 0.0006319614503515285,
      "fcf_margin": -0.04352634489296153,
      "rev_growth_yoy": -0.06727085175361038,
      "rev_growth_yoy_accel": 0.06970375887152298,
      "op_leverage_ratio": Infinity,
      "fcf_margin_change": -0.06890747385876293
    },
    {
      "date": "2025-09-30T00:00:00",
      "quarter_label": "2025-09 (Q3)",
      "revenue": 10309000,
      "gross_profit": 2295000,
      "operating_income": 316000,
      "net_income": -44000,
      "opex": 1979000,
      "cogs": 8014000,
      "rd": null,
      "sga": null,
      "fcf": -3529000,
      "ocf": -2624000,
      "capex": -905000,
      "gross_margin": 0.2226210107672907,
      "op_margin": 0.03065282762634591,
      "fcf_margin": -0.3423222427005529,
      "incr_op_margin_yoy": -0.11086375779162956,
      "rev_growth_yoy": -0.17889287136598964,
      "rev_growth_yoy_accel": -0.11162201961237926,
      "fcf_margin_change": -0.29879589780759136
    }
  ],
  "signals": [
    {
      "quarter": "2025-09 (Q3)",
      "signal": "GROSS MARGIN INFLECTION",
      "detail": "GM: +16.8% -> +16.0% -> +22.3% (reversal +6.2%)",
      "severity": "HIGH"
    },
    {
      "quarter": "2025-09 (Q3)",
      "signal": "YoY REVENUE GROWTH DECELERATION",
      "detail": "YoY growth: -17.9% vs prior quarter YoY: -6.7% (decel: -11.2%)",
      "severity": "WARNING"
    },
    {
      "quarter": "2025-06 (Q2)",
      "signal": "YoY REVENUE GROWTH ACCELERATION",
      "detail": "YoY growth: -6.7% vs prior quarter YoY: -13.7% (accel: +7.0%)",
      "severity": "MEDIUM"
    },
    {
      "quarter": "2025-06 (Q2)",
      "signal": "OP MARGIN TURNED POSITIVE (QoQ)",
      "detail": "Op margin: -6.1% -> +0.1%",
      "severity": "HIGH"
    },
    {
      "quarter": "2025-03 (Q1)",
      "signal": "FCF TURNED POSITIVE",
      "detail": "FCF margin: -6.6% -> +2.5%",
      "severity": "HIGH"
    },
    {
      "quarter": "2025-03 (Q1)",
      "signal": "YoY REVENUE GROWTH DECELERATION",
      "detail": "YoY growth: -13.7% vs prior quarter YoY: +10.8% (decel: -24.5%)",
      "severity": "WARNING"
    },
    {
      "quarter": "2024-12 (Q4)",
      "signal": "YoY REVENUE GROWTH ACCELERATION",
      "detail": "YoY growth: +10.8% vs prior quarter YoY: +2.1% (accel: +8.6%)",
      "severity": "MEDIUM"
    },
    {
      "quarter": "2024-09 (Q3)",
      "signal": "OP MARGIN TURNED POSITIVE (YoY)",
      "detail": "Op margin: -6.5% (year-ago) -> +0.5%",
      "severity": "HIGH"
    },
    {
      "quarter": "2024-06 (Q2)",
      "signal": "GROSS MARGIN INFLECTION",
      "detail": "GM: +16.0% -> +13.6% -> +19.5% (reversal +5.9%)",
      "severity": "HIGH"
    },
    {
      "quarter": "2024-06 (Q2)",
      "signal": "YoY REVENUE GROWTH DECELERATION",
      "detail": "YoY growth: +2.8% vs prior quarter YoY: +12.0% (decel: -9.3%)",
      "severity": "WARNING"
    },
    {
      "quarter": "2024-06 (Q2)",
      "signal": "OP MARGIN TURNED POSITIVE (QoQ)",
      "detail": "Op margin: -1.8% -> +5.5%",
      "severity": "HIGH"
    },
    {
      "quarter": "2024-03 (Q1)",
      "signal": "FCF MARGIN EXPANSION",
      "detail": "FCF margin: -18.4% -> -2.4% (+16.0%)",
      "severity": "MEDIUM"
    },
    {
      "quarter": "2024-03 (Q1)",
      "signal": "YoY REVENUE GROWTH ACCELERATION",
      "detail": "YoY growth: +12.0% vs prior quarter YoY: -3.0% (accel: +15.1%)",
      "severity": "HIGH"
    },
    {
      "quarter": "2023-12 (Q4)",
      "signal": "GROSS MARGIN INFLECTION",
      "detail": "GM: +16.4% -> +10.0% -> +16.0% (reversal +6.0%)",
      "severity": "HIGH"
    },
    {
      "quarter": "2023-12 (Q4)",
      "signal": "OP MARGIN TURNED POSITIVE (YoY)",
      "detail": "Op margin: -5.9% (year-ago) -> +4.4%",
      "severity": "HIGH"
    },
    {
      "quarter": "2023-12 (Q4)",
      "signal": "OP MARGIN TURNED POSITIVE (QoQ)",
      "detail": "Op margin: -6.5% -> +4.4%",
      "severity": "HIGH"
    },
    {
      "quarter": "2023-09 (Q3)",
      "signal": "FCF TURNED POSITIVE",
      "detail": "FCF margin: -3.3% -> +42.3%",
      "severity": "HIGH"
    },
    {
      "quarter": "2023-06 (Q2)",
      "signal": "OPERATING LEVERAGE",
      "detail": "Rev growth +5.2% vs OpEx growth +2.9% (leverage: 1.8x)",
      "severity": "MEDIUM"
    },
    {
      "quarter": "2023-06 (Q2)",
      "signal": "YoY REVENUE GROWTH DECELERATION",
      "detail": "YoY growth: -5.7% vs prior quarter YoY: +4.0% (decel: -9.8%)",
      "severity": "WARNING"
    },
    {
      "quarter": "2023-06 (Q2)",
      "signal": "OP MARGIN TURNED POSITIVE (QoQ)",
      "detail": "Op margin: -1.3% -> +0.5%",
      "severity": "HIGH"
    },
    {
      "quarter": "2023-03 (Q1)",
      "signal": "GROSS MARGIN INFLECTION",
      "detail": "GM: +16.9% -> +5.1% -> +15.0% (reversal +9.9%)",
      "severity": "HIGH"
    },
    {
      "quarter": "2023-03 (Q1)",
      "signal": "YoY REVENUE GROWTH ACCELERATION",
      "detail": "YoY growth: +4.0% vs prior quarter YoY: -9.9% (accel: +14.0%)",
      "severity": "MEDIUM"
    },
    {
      "quarter": "2022-12 (Q4)",
      "signal": "FCF TURNED POSITIVE",
      "detail": "FCF margin: -7.8% -> +1.0%",
      "severity": "HIGH"
    },
    {
      "quarter": "2022-09 (Q3)",
      "signal": "FCF MARGIN EXPANSION",
      "detail": "FCF margin: -13.3% -> -7.8% (+5.5%)",
      "severity": "MEDIUM"
    },
    {
      "quarter": "2022-06 (Q2)",
      "signal": "INCREMENTAL MARGIN (YoY)",
      "detail": "YoY Incr OPM: +13.1% vs year-ago OPM: +2.8%",
      "severity": "MEDIUM"
    },
    {
      "quarter": "2022-03 (Q1)",
      "signal": "YoY REVENUE GROWTH DECELERATION",
      "detail": "YoY growth: -12.0% vs prior quarter YoY: +6.4% (decel: -18.4%)",
      "severity": "WARNING"
    },
    {
      "quarter": "2021-12 (Q4)",
      "signal": "GROSS MARGIN INFLECTION",
      "detail": "GM: +16.8% -> +14.0% -> +24.9% (reversal +10.9%)",
      "severity": "HIGH"
    },
    {
      "quarter": "2021-09 (Q3)",
      "signal": "FCF TURNED POSITIVE",
      "detail": "FCF margin: -7.2% -> +16.3%",
      "severity": "HIGH"
    },
    {
      "quarter": "2021-06 (Q2)",
      "signal": "GROSS MARGIN INFLECTION",
      "detail": "GM: +14.2% -> +13.1% -> +16.8% (reversal +3.7%)",
      "severity": "MEDIUM"
    },
    {
      "quarter": "2021-03 (Q1)",
      "signal": "FCF TURNED POSITIVE",
      "detail": "FCF margin: -4.6% -> +2.1%",
      "severity": "HIGH"
    }
  ],
  "data_quality": {
    "n_quarters": 20,
    "coverage": {
      "revenue": [
        20,
        20
      ],
      "gross_profit": [
        20,
        20
      ],
      "op_income": [
        20,
        20
      ],
      "fcf": [
        20,
        20
      ]
    },
    "gaps": [],
    "warnings": []
  },
  "market_cap": null,
  "source": "SEC EDGAR",
  "last_updated": "2026-02-03T00:02:24.152369"
}