{
  "ticker": "AIRS",
  "name": "AirSculpt Technologies, Inc.",
  "quarters": [
    {
      "date": "2021-03-31T00:00:00",
      "quarter_label": "2021-03 (Q1)",
      "revenue": 26141000,
      "gross_profit": 17356000,
      "operating_income": 7207000,
      "net_income": 6621000,
      "opex": 18934000,
      "cogs": 8785000,
      "rd": null,
      "sga": 8658000,
      "fcf": 7586000,
      "ocf": 9178000,
      "capex": -1592000,
      "gross_margin": 0.6639378753681956,
      "op_margin": 0.275697180674037,
      "fcf_margin": 0.2901954783673157
    },
    {
      "date": "2021-06-30T00:00:00",
      "quarter_label": "2021-06 (Q2)",
      "revenue": 34967000,
      "gross_profit": 23744000,
      "operating_income": 11198000,
      "net_income": 10027000,
      "opex": 23769000,
      "cogs": 11223000,
      "rd": null,
      "sga": 10332000,
      "fcf": 13079000,
      "ocf": 14636000,
      "capex": -1557000,
      "gross_margin": 0.6790402379386279,
      "op_margin": 0.320244802242114,
      "fcf_margin": 0.3740383790430978,
      "op_leverage_ratio": 1.3221709789805483,
      "fcf_margin_change": 0.0838429006757821
    },
    {
      "date": "2021-09-30T00:00:00",
      "quarter_label": "2021-09 (Q3)",
      "revenue": 34651000,
      "gross_profit": 23241000,
      "operating_income": 9620000,
      "net_income": 8054000,
      "opex": 25031000,
      "cogs": 11410000,
      "rd": null,
      "sga": 11980000,
      "fcf": 6948000,
      "ocf": 8525000,
      "capex": -1577000,
      "gross_margin": 0.6707165738362529,
      "op_margin": 0.27762546535453525,
      "fcf_margin": 0.20051369368849384,
      "fcf_margin_change": -0.17352468535460394
    },
    {
      "date": "2021-12-31T00:00:00",
      "quarter_label": "2021-12 (Q4)",
      "revenue": 37556000,
      "gross_profit": 24482000,
      "operating_income": -12257000,
      "net_income": -14151000,
      "opex": 49813000,
      "cogs": 13074000,
      "rd": null,
      "sga": 34806000,
      "fcf": -8096000,
      "ocf": -5706000,
      "capex": -2390000,
      "gross_margin": 0.6518798594099479,
      "op_margin": -0.3263659601661519,
      "fcf_margin": -0.21557141335605495,
      "op_leverage_ratio": 0.08467831583992717,
      "fcf_margin_change": -0.4160851070445488
    },
    {
      "date": "2022-03-31T00:00:00",
      "quarter_label": "2022-03 (Q1)",
      "revenue": 39544000,
      "gross_profit": 24882000,
      "operating_income": -1171000,
      "net_income": -693000,
      "opex": 40715000,
      "cogs": 14662000,
      "rd": null,
      "sga": 24167000,
      "fcf": 2806000,
      "ocf": 7080000,
      "capex": -4274000,
      "gross_margin": 0.6292231438397734,
      "op_margin": -0.029612583451345337,
      "fcf_margin": 0.0709589318227797,
      "incr_op_margin_yoy": -0.6250839364321421,
      "rev_growth_yoy": 0.5127194828047894,
      "op_leverage_ratio": Infinity,
      "fcf_margin_change": 0.28653034517883463
    },
    {
      "date": "2022-06-30T00:00:00",
      "quarter_label": "2022-06 (Q2)",
      "revenue": 49654000,
      "gross_profit": 32162000,
      "operating_income": 3963000,
      "net_income": 583000,
      "opex": 45691000,
      "cogs": 17492000,
      "rd": null,
      "sga": 26010000,
      "fcf": 8533000,
      "ocf": 10398000,
      "capex": -1865000,
      "gross_margin": 0.6477222378861723,
      "op_margin": 0.07981230112377653,
      "fcf_margin": 0.17184919643936036,
      "incr_op_margin_yoy": -0.4926125144685777,
      "rev_growth_yoy": 0.42002459461778247,
      "rev_growth_yoy_accel": -0.09269488818700694,
      "op_leverage_ratio": 2.0919178494158164,
      "fcf_margin_change": 0.10089026461658067
    },
    {
      "date": "2022-09-30T00:00:00",
      "quarter_label": "2022-09 (Q3)",
      "revenue": 38892000,
      "gross_profit": 24004000,
      "operating_income": -1375000,
      "net_income": -7377000,
      "opex": 40267000,
      "cogs": 14888000,
      "rd": null,
      "sga": 23397000,
      "fcf": -4258000,
      "ocf": 329000,
      "capex": -4587000,
      "gross_margin": 0.617196338578628,
      "op_margin": -0.0353543145119819,
      "fcf_margin": -0.10948266995783194,
      "incr_op_margin_yoy": -2.5925489271398257,
      "rev_growth_yoy": 0.12239185016305446,
      "rev_growth_yoy_accel": -0.297632744454728,
      "fcf_margin_change": -0.2813318663971923
    },
    {
      "date": "2022-12-31T00:00:00",
      "quarter_label": "2022-12 (Q4)",
      "revenue": 40704000,
      "gross_profit": 24965000,
      "operating_income": -5962000,
      "net_income": -7192000,
      "opex": 46666000,
      "cogs": 15739000,
      "rd": null,
      "sga": 27844000,
      "fcf": 4445000,
      "ocf": 6640000,
      "capex": -2195000,
      "gross_margin": 0.6133303852201258,
      "op_margin": -0.14647209119496854,
      "fcf_margin": 0.10920302672955975,
      "incr_op_margin_yoy": 1.999682337992376,
      "rev_growth_yoy": 0.08382149323676642,
      "rev_growth_yoy_accel": -0.03857035692628803,
      "op_leverage_ratio": 0.2931804997492907,
      "fcf_margin_change": 0.21868569668739168
    },
    {
      "date": "2023-03-31T00:00:00",
      "quarter_label": "2023-03 (Q1)",
      "revenue": 45813000,
      "gross_profit": 27796000,
      "operating_income": 1762000,
      "net_income": -14000,
      "opex": 44051000,
      "cogs": 18017000,
      "rd": null,
      "sga": 23882000,
      "fcf": 2404000,
      "ocf": 6219000,
      "capex": -3815000,
      "gross_margin": 0.6067273481326261,
      "op_margin": 0.0384606989282518,
      "fcf_margin": 0.05247418854910178,
      "incr_op_margin_yoy": 0.46785771255383635,
      "rev_growth_yoy": 0.15853226785353025,
      "rev_growth_yoy_accel": 0.07471077461676383,
      "op_leverage_ratio": Infinity,
      "fcf_margin_change": -0.05672883818045797
    },
    {
      "date": "2023-06-30T00:00:00",
      "quarter_label": "2023-06 (Q2)",
      "revenue": 55703000,
      "gross_profit": 35751000,
      "operating_income": 5362000,
      "net_income": 1776000,
      "opex": 50341000,
      "cogs": 19952000,
      "rd": null,
      "sga": 27893000,
      "fcf": 10075000,
      "ocf": 12236000,
      "capex": -2161000,
      "gross_margin": 0.641814623987936,
      "op_margin": 0.09626052456779707,
      "fcf_margin": 0.18086997109670933,
      "incr_op_margin_yoy": 0.23127789717308647,
      "rev_growth_yoy": 0.12182301526563821,
      "rev_growth_yoy_accel": -0.03670925258789204,
      "op_leverage_ratio": 1.5118638613035913,
      "fcf_margin_change": 0.12839578254760753
    },
    {
      "date": "2023-09-30T00:00:00",
      "quarter_label": "2023-09 (Q3)",
      "revenue": 46793000,
      "gross_profit": 28618000,
      "operating_income": 955000,
      "net_income": -1667000,
      "opex": 45838000,
      "cogs": 18175000,
      "rd": null,
      "sga": 25030000,
      "fcf": -1481000,
      "ocf": 635000,
      "capex": -2116000,
      "gross_margin": 0.6115872032141559,
      "op_margin": 0.02040903553950377,
      "fcf_margin": -0.031650033124612655,
      "incr_op_margin_yoy": 0.2948993798253386,
      "rev_growth_yoy": 0.20315231924303198,
      "rev_growth_yoy_accel": 0.08132930397739377,
      "fcf_margin_change": -0.21252000422132197
    },
    {
      "date": "2023-12-31T00:00:00",
      "quarter_label": "2023-12 (Q4)",
      "revenue": 47608000,
      "gross_profit": 29740000,
      "operating_income": 1404000,
      "net_income": -4574000,
      "opex": 46204000,
      "cogs": 17868000,
      "rd": null,
      "sga": 25576000,
      "fcf": 3039000,
      "ocf": 4866000,
      "capex": -1827000,
      "gross_margin": 0.6246849269030416,
      "op_margin": 0.029490841875315074,
      "fcf_margin": 0.06383380944379095,
      "incr_op_margin_yoy": 1.0669177288528389,
      "rev_growth_yoy": 0.16961477987421383,
      "rev_growth_yoy_accel": -0.03353753936881815,
      "op_leverage_ratio": 2.1813296066538372,
      "fcf_margin_change": 0.09548384256840362
    },
    {
      "date": "2024-03-31T00:00:00",
      "quarter_label": "2024-03 (Q1)",
      "revenue": 47620000,
      "gross_profit": 29578000,
      "operating_income": 11012000,
      "net_income": 6029000,
      "opex": 36608000,
      "cogs": 18042000,
      "rd": null,
      "sga": 15756000,
      "fcf": 1803000,
      "ocf": 3365000,
      "capex": -1562000,
      "gross_margin": 0.6211255774884502,
      "op_margin": 0.23124737505249895,
      "fcf_margin": 0.037862242755144895,
      "incr_op_margin_yoy": 5.118981737686774,
      "rev_growth_yoy": 0.039442952873638484,
      "rev_growth_yoy_accel": -0.13017182700057534,
      "fcf_margin_change": -0.02597156668864606
    },
    {
      "date": "2024-06-30T00:00:00",
      "quarter_label": "2024-06 (Q2)",
      "revenue": 51004000,
      "gross_profit": 32177000,
      "operating_income": -4981000,
      "net_income": -3206000,
      "opex": 55985000,
      "cogs": 18827000,
      "rd": null,
      "sga": 34274000,
      "fcf": -576000,
      "ocf": 3442000,
      "capex": -4018000,
      "gross_margin": 0.63087208846365,
      "op_margin": -0.09765900713669516,
      "fcf_margin": -0.011293231903380127,
      "incr_op_margin_yoy": 2.201106618429453,
      "rev_growth_yoy": -0.08435811356659426,
      "rev_growth_yoy_accel": -0.12380106644023274,
      "op_leverage_ratio": 0.13425498698572244,
      "fcf_margin_change": -0.049155474658525024
    },
    {
      "date": "2024-09-30T00:00:00",
      "quarter_label": "2024-09 (Q3)",
      "revenue": 42548000,
      "gross_profit": 24782000,
      "operating_income": -3716000,
      "net_income": -6040000,
      "opex": 46264000,
      "cogs": 17766000,
      "rd": null,
      "sga": 25495000,
      "fcf": -3069000,
      "ocf": 1830000,
      "capex": -4899000,
      "gross_margin": 0.5824480586631569,
      "op_margin": -0.08733665507191878,
      "fcf_margin": -0.07213029989658738,
      "incr_op_margin_yoy": 1.1003533568904593,
      "rev_growth_yoy": -0.09071869724104033,
      "rev_growth_yoy_accel": -0.006360583674446071,
      "fcf_margin_change": -0.060837067993207254
    },
    {
      "date": "2024-12-31T00:00:00",
      "quarter_label": "2024-12 (Q4)",
      "revenue": 39178000,
      "gross_profit": 22431000,
      "operating_income": -4131000,
      "net_income": -5034000,
      "opex": 43309000,
      "cogs": 16747000,
      "rd": null,
      "sga": 23355000,
      "fcf": -815000,
      "ocf": 2713000,
      "capex": -3528000,
      "gross_margin": 0.5725407116238705,
      "op_margin": -0.10544182959824391,
      "fcf_margin": -0.02080249119403747,
      "incr_op_margin_yoy": 0.6565836298932385,
      "rev_growth_yoy": -0.17707108049067383,
      "rev_growth_yoy_accel": -0.0863523832496335,
      "fcf_margin_change": 0.05132780870254991
    },
    {
      "date": "2025-03-31T00:00:00",
      "quarter_label": "2025-03 (Q1)",
      "revenue": 39371000,
      "gross_profit": 23421000,
      "operating_income": -1589000,
      "net_income": -2847000,
      "opex": 40960000,
      "cogs": 15950000,
      "rd": null,
      "sga": 21768000,
      "fcf": -1033000,
      "ocf": 868000,
      "capex": -1901000,
      "gross_margin": 0.5948794798201722,
      "op_margin": -0.04035965558405933,
      "fcf_margin": -0.026237586040486652,
      "incr_op_margin_yoy": 1.52757910049703,
      "rev_growth_yoy": -0.1732255354892902,
      "rev_growth_yoy_accel": 0.003845545001383621,
      "fcf_margin_change": -0.005435094846449183
    },
    {
      "date": "2025-06-30T00:00:00",
      "quarter_label": "2025-06 (Q2)",
      "revenue": 44012000,
      "gross_profit": 26811000,
      "operating_income": 786000,
      "net_income": -591000,
      "opex": 43226000,
      "cogs": 17201000,
      "rd": null,
      "sga": 22671000,
      "fcf": 4719000,
      "ocf": 4984000,
      "capex": -265000,
      "gross_margin": 0.6091747705171316,
      "op_margin": 0.017858765791147868,
      "fcf_margin": 0.1072207579750977,
      "incr_op_margin_yoy": -0.8247997711670481,
      "rev_growth_yoy": -0.13708728727158653,
      "rev_growth_yoy_accel": 0.03613824821770367,
      "op_leverage_ratio": 2.1307630898347836,
      "fcf_margin_change": 0.13345834401558435
    },
    {
      "date": "2025-09-30T00:00:00",
      "quarter_label": "2025-09 (Q3)",
      "revenue": 34993000,
      "gross_profit": 20129000,
      "operating_income": -9750000,
      "net_income": -9512000,
      "opex": 44743000,
      "cogs": 14864000,
      "rd": null,
      "sga": 19525000,
      "fcf": -405000,
      "ocf": -225000,
      "capex": -180000,
      "gross_margin": 0.5752293315806019,
      "op_margin": -0.27862715400222904,
      "fcf_margin": -0.01157374332009259,
      "incr_op_margin_yoy": 0.7986763732627399,
      "rev_growth_yoy": -0.177564162827865,
      "rev_growth_yoy_accel": -0.04047687555627846,
      "fcf_margin_change": -0.11879450129519029
    }
  ],
  "signals": [
    {
      "quarter": "2025-06 (Q2)",
      "signal": "FCF TURNED POSITIVE",
      "detail": "FCF margin: -2.6% -> +10.7%",
      "severity": "HIGH"
    },
    {
      "quarter": "2025-06 (Q2)",
      "signal": "OPERATING LEVERAGE",
      "detail": "Rev growth +11.8% vs OpEx growth +5.5% (leverage: 2.1x)",
      "severity": "MEDIUM"
    },
    {
      "quarter": "2025-06 (Q2)",
      "signal": "OP MARGIN TURNED POSITIVE (YoY)",
      "detail": "Op margin: -9.8% (year-ago) -> +1.8%",
      "severity": "HIGH"
    },
    {
      "quarter": "2025-06 (Q2)",
      "signal": "OP MARGIN TURNED POSITIVE (QoQ)",
      "detail": "Op margin: -4.0% -> +1.8%",
      "severity": "HIGH"
    },
    {
      "quarter": "2025-03 (Q1)",
      "signal": "GROSS MARGIN INFLECTION",
      "detail": "GM: +58.2% -> +57.3% -> +59.5% (reversal +2.2%)",
      "severity": "MEDIUM"
    },
    {
      "quarter": "2024-12 (Q4)",
      "signal": "FCF MARGIN EXPANSION",
      "detail": "FCF margin: -7.2% -> -2.1% (+5.1%)",
      "severity": "MEDIUM"
    },
    {
      "quarter": "2024-12 (Q4)",
      "signal": "YoY REVENUE GROWTH DECELERATION",
      "detail": "YoY growth: -17.7% vs prior quarter YoY: -9.1% (decel: -8.6%)",
      "severity": "WARNING"
    },
    {
      "quarter": "2024-06 (Q2)",
      "signal": "YoY REVENUE GROWTH DECELERATION",
      "detail": "YoY growth: -8.4% vs prior quarter YoY: +3.9% (decel: -12.4%)",
      "severity": "WARNING"
    },
    {
      "quarter": "2024-03 (Q1)",
      "signal": "YoY REVENUE GROWTH DECELERATION",
      "detail": "YoY growth: +3.9% vs prior quarter YoY: +17.0% (decel: -13.0%)",
      "severity": "WARNING"
    },
    {
      "quarter": "2024-03 (Q1)",
      "signal": "INCREMENTAL MARGIN (YoY)",
      "detail": "YoY Incr OPM: +511.9% vs year-ago OPM: +3.8%",
      "severity": "HIGH"
    },
    {
      "quarter": "2023-12 (Q4)",
      "signal": "FCF TURNED POSITIVE",
      "detail": "FCF margin: -3.2% -> +6.4%",
      "severity": "HIGH"
    },
    {
      "quarter": "2023-12 (Q4)",
      "signal": "OPERATING LEVERAGE",
      "detail": "Rev growth +1.7% vs OpEx growth +0.8% (leverage: 2.2x)",
      "severity": "MEDIUM"
    },
    {
      "quarter": "2023-12 (Q4)",
      "signal": "OP MARGIN TURNED POSITIVE (YoY)",
      "detail": "Op margin: -14.6% (year-ago) -> +2.9%",
      "severity": "HIGH"
    },
    {
      "quarter": "2023-09 (Q3)",
      "signal": "YoY REVENUE GROWTH ACCELERATION",
      "detail": "YoY growth: +20.3% vs prior quarter YoY: +12.2% (accel: +8.1%)",
      "severity": "MEDIUM"
    },
    {
      "quarter": "2023-09 (Q3)",
      "signal": "OP MARGIN TURNED POSITIVE (YoY)",
      "detail": "Op margin: -3.5% (year-ago) -> +2.0%",
      "severity": "HIGH"
    },
    {
      "quarter": "2023-06 (Q2)",
      "signal": "FCF MARGIN EXPANSION",
      "detail": "FCF margin: +5.2% -> +18.1% (+12.8%)",
      "severity": "MEDIUM"
    },
    {
      "quarter": "2023-06 (Q2)",
      "signal": "OPERATING LEVERAGE",
      "detail": "Rev growth +21.6% vs OpEx growth +14.3% (leverage: 1.5x)",
      "severity": "MEDIUM"
    },
    {
      "quarter": "2023-06 (Q2)",
      "signal": "GROSS MARGIN INFLECTION",
      "detail": "GM: +61.3% -> +60.7% -> +64.2% (reversal +3.5%)",
      "severity": "MEDIUM"
    },
    {
      "quarter": "2023-06 (Q2)",
      "signal": "INCREMENTAL MARGIN (YoY)",
      "detail": "YoY Incr OPM: +23.1% vs year-ago OPM: +8.0%",
      "severity": "MEDIUM"
    },
    {
      "quarter": "2023-03 (Q1)",
      "signal": "YoY REVENUE GROWTH ACCELERATION",
      "detail": "YoY growth: +15.9% vs prior quarter YoY: +8.4% (accel: +7.5%)",
      "severity": "MEDIUM"
    },
    {
      "quarter": "2023-03 (Q1)",
      "signal": "OP MARGIN TURNED POSITIVE (YoY)",
      "detail": "Op margin: -3.0% (year-ago) -> +3.8%",
      "severity": "HIGH"
    },
    {
      "quarter": "2023-03 (Q1)",
      "signal": "OP MARGIN TURNED POSITIVE (QoQ)",
      "detail": "Op margin: -14.6% -> +3.8%",
      "severity": "HIGH"
    },
    {
      "quarter": "2022-12 (Q4)",
      "signal": "FCF TURNED POSITIVE",
      "detail": "FCF margin: -10.9% -> +10.9%",
      "severity": "HIGH"
    },
    {
      "quarter": "2022-09 (Q3)",
      "signal": "YoY REVENUE GROWTH DECELERATION",
      "detail": "YoY growth: +12.2% vs prior quarter YoY: +42.0% (decel: -29.8%)",
      "severity": "WARNING"
    },
    {
      "quarter": "2022-06 (Q2)",
      "signal": "FCF MARGIN EXPANSION",
      "detail": "FCF margin: +7.1% -> +17.2% (+10.1%)",
      "severity": "MEDIUM"
    },
    {
      "quarter": "2022-06 (Q2)",
      "signal": "OPERATING LEVERAGE",
      "detail": "Rev growth +25.6% vs OpEx growth +12.2% (leverage: 2.1x)",
      "severity": "MEDIUM"
    },
    {
      "quarter": "2022-06 (Q2)",
      "signal": "YoY REVENUE GROWTH DECELERATION",
      "detail": "YoY growth: +42.0% vs prior quarter YoY: +51.3% (decel: -9.3%)",
      "severity": "WARNING"
    },
    {
      "quarter": "2022-06 (Q2)",
      "signal": "OP MARGIN TURNED POSITIVE (QoQ)",
      "detail": "Op margin: -3.0% -> +8.0%",
      "severity": "HIGH"
    },
    {
      "quarter": "2022-03 (Q1)",
      "signal": "FCF TURNED POSITIVE",
      "detail": "FCF margin: -21.6% -> +7.1%",
      "severity": "HIGH"
    },
    {
      "quarter": "2021-06 (Q2)",
      "signal": "FCF MARGIN EXPANSION",
      "detail": "FCF margin: +29.0% -> +37.4% (+8.4%)",
      "severity": "MEDIUM"
    }
  ],
  "data_quality": {
    "n_quarters": 19,
    "coverage": {
      "revenue": [
        19,
        19
      ],
      "gross_profit": [
        19,
        19
      ],
      "op_income": [
        19,
        19
      ],
      "fcf": [
        19,
        19
      ]
    },
    "gaps": [],
    "warnings": []
  },
  "market_cap": null,
  "source": "SEC EDGAR",
  "last_updated": "2026-02-02T23:01:59.613689",
  "sector": "Healthcare",
  "industry": "Medical Care Facilities"
}