{
  "ticker": "ALAB",
  "name": "Astera Labs,\u00a0Inc.",
  "quarters": [
    {
      "date": "2023-03-31T00:00:00",
      "quarter_label": "2023-03 (Q1)",
      "revenue": 17664000,
      "gross_profit": 4258000,
      "operating_income": -18927000,
      "net_income": -17454000,
      "opex": 23185000,
      "cogs": 13406000,
      "rd": 15267000,
      "sga": null,
      "fcf": -4258000,
      "ocf": -3819000,
      "capex": -439000,
      "gross_margin": 0.24105525362318841,
      "op_margin": -1.071501358695652,
      "fcf_margin": -0.24105525362318841
    },
    {
      "date": "2023-06-30T00:00:00",
      "quarter_label": "2023-06 (Q2)",
      "revenue": 10688000,
      "gross_profit": 8439000,
      "operating_income": -17613000,
      "net_income": -20004000,
      "opex": 26052000,
      "cogs": 2249000,
      "rd": 17860000,
      "sga": null,
      "fcf": -23537000,
      "ocf": -22962000,
      "capex": -575000,
      "gross_margin": 0.7895770958083832,
      "op_margin": -1.6479229041916168,
      "fcf_margin": -2.202189371257485,
      "fcf_margin_change": -1.9611341176342965
    },
    {
      "date": "2023-09-30T00:00:00",
      "quarter_label": "2023-09 (Q3)",
      "revenue": 36928000,
      "gross_profit": 28105000,
      "operating_income": -1977000,
      "net_income": -3124000,
      "opex": 30082000,
      "cogs": 8823000,
      "rd": 20626000,
      "sga": null,
      "fcf": -1070000,
      "ocf": -334000,
      "capex": -736000,
      "gross_margin": 0.7610756065857885,
      "op_margin": -0.05353661178509532,
      "fcf_margin": -0.02897530329289428,
      "op_leverage_ratio": 15.870967741935484,
      "fcf_margin_change": 2.1732140679645906
    },
    {
      "date": "2023-12-31T00:00:00",
      "quarter_label": "2023-12 (Q4)",
      "revenue": 50514000,
      "gross_profit": 39025000,
      "operating_income": 9020000,
      "net_income": 14325000,
      "opex": 30005000,
      "cogs": 11489000,
      "rd": 19654000,
      "sga": null,
      "fcf": 13388000,
      "ocf": 14399000,
      "capex": -1011000,
      "gross_margin": 0.7725581027042008,
      "op_margin": 0.1785643583956923,
      "fcf_margin": 0.2650354357207903,
      "op_leverage_ratio": Infinity,
      "fcf_margin_change": 0.2940107390136846
    },
    {
      "date": "2024-03-31T00:00:00",
      "quarter_label": "2024-03 (Q1)",
      "revenue": 65258000,
      "gross_profit": 50520000,
      "operating_income": -82967000,
      "net_income": -92995000,
      "opex": 133487000,
      "cogs": 14738000,
      "rd": 53558000,
      "sga": null,
      "fcf": 228000,
      "ocf": 3652000,
      "capex": -3424000,
      "gross_margin": 0.7741579576450397,
      "op_margin": -1.2713690275521774,
      "fcf_margin": 0.003493824511937234,
      "incr_op_margin_yoy": -1.3455477581207715,
      "rev_growth_yoy": 2.6944067028985508,
      "op_leverage_ratio": 0.08463156651480112,
      "fcf_margin_change": -0.26154161120885305
    },
    {
      "date": "2024-06-30T00:00:00",
      "quarter_label": "2024-06 (Q2)",
      "revenue": 76850000,
      "gross_profit": 59854000,
      "operating_income": -24347000,
      "net_income": -7546000,
      "opex": 84201000,
      "cogs": 16996000,
      "rd": 40089000,
      "sga": null,
      "fcf": 31137000,
      "ocf": 29813000,
      "capex": 1324000,
      "gross_margin": 0.7788418998048146,
      "op_margin": -0.31681197137280415,
      "fcf_margin": 0.40516590761223165,
      "incr_op_margin_yoy": -0.10178047822012636,
      "rev_growth_yoy": 6.190306886227545,
      "rev_growth_yoy_accel": 3.4959001833289944,
      "op_leverage_ratio": Infinity,
      "fcf_margin_change": 0.4016720831002944
    },
    {
      "date": "2024-09-30T00:00:00",
      "quarter_label": "2024-09 (Q3)",
      "revenue": 113086000,
      "gross_profit": 87877000,
      "operating_income": -8896000,
      "net_income": -7593000,
      "opex": 96773000,
      "cogs": 25209000,
      "rd": 50659000,
      "sga": null,
      "fcf": 46811000,
      "ocf": 63508000,
      "capex": -16697000,
      "gross_margin": 0.7770811594715527,
      "op_margin": -0.07866579417434519,
      "fcf_margin": 0.41394160196664487,
      "incr_op_margin_yoy": -0.09085060006827911,
      "rev_growth_yoy": 2.0623375216637783,
      "rev_growth_yoy_accel": -4.127969364563767,
      "op_leverage_ratio": 3.157979134266003,
      "fcf_margin_change": 0.008775694354413222
    },
    {
      "date": "2024-12-31T00:00:00",
      "quarter_label": "2024-12 (Q4)",
      "revenue": 141096000,
      "gross_profit": 104448000,
      "operating_income": 144000,
      "net_income": 24713000,
      "opex": 104304000,
      "cogs": 36648000,
      "rd": 56524000,
      "sga": null,
      "fcf": 24255000,
      "ocf": 39703000,
      "capex": -15448000,
      "gross_margin": 0.7402619493111073,
      "op_margin": 0.0010205817315870045,
      "fcf_margin": 0.1719042354141861,
      "incr_op_margin_yoy": -0.09798856284913117,
      "rev_growth_yoy": 1.7932058439244565,
      "rev_growth_yoy_accel": -0.2691316777393218,
      "op_leverage_ratio": 3.182774156369884,
      "fcf_margin_change": -0.24203736655245878
    },
    {
      "date": "2025-03-31T00:00:00",
      "quarter_label": "2025-03 (Q1)",
      "revenue": 159442000,
      "gross_profit": 119411000,
      "operating_income": 11285000,
      "net_income": 31819000,
      "opex": 108126000,
      "cogs": 40031000,
      "rd": 64554000,
      "sga": null,
      "fcf": 5965000,
      "ocf": 10504000,
      "capex": -4539000,
      "gross_margin": 0.7489306456266228,
      "op_margin": 0.07077808858393649,
      "fcf_margin": 0.03741172338530625,
      "incr_op_margin_yoy": 1.0007219909963476,
      "rev_growth_yoy": 1.443255999264458,
      "rev_growth_yoy_accel": -0.34994984465999845,
      "op_leverage_ratio": 3.548435931348477,
      "fcf_margin_change": -0.13449251202887985
    },
    {
      "date": "2025-06-30T00:00:00",
      "quarter_label": "2025-06 (Q2)",
      "revenue": 191925000,
      "gross_profit": 145563000,
      "operating_income": 39774000,
      "net_income": 51219000,
      "opex": 105789000,
      "cogs": 46362000,
      "rd": 66724000,
      "sga": null,
      "fcf": 133343000,
      "ocf": 135366000,
      "capex": -2023000,
      "gross_margin": 0.7584368894099257,
      "op_margin": 0.20723720203204377,
      "fcf_margin": 0.694766184707568,
      "incr_op_margin_yoy": 0.557210514881599,
      "rev_growth_yoy": 1.4973975276512688,
      "rev_growth_yoy_accel": 0.054141528386810744,
      "op_leverage_ratio": Infinity,
      "fcf_margin_change": 0.6573544613222617
    },
    {
      "date": "2025-09-30T00:00:00",
      "quarter_label": "2025-09 (Q3)",
      "revenue": 230575000,
      "gross_profit": 175812000,
      "operating_income": 55406000,
      "net_income": 91114000,
      "opex": 120406000,
      "cogs": 54763000,
      "rd": 78928000,
      "sga": null,
      "fcf": 65878000,
      "ocf": 78171000,
      "capex": -12293000,
      "gross_margin": 0.7624937655860349,
      "op_margin": 0.2402949148866963,
      "fcf_margin": 0.2857118074379269,
      "incr_op_margin_yoy": 0.547302300640911,
      "rev_growth_yoy": 1.038934969845958,
      "rev_growth_yoy_accel": -0.45846255780531076,
      "op_leverage_ratio": 1.457471979007672,
      "fcf_margin_change": -0.4090543772696411
    }
  ],
  "signals": [
    {
      "quarter": "2025-09 (Q3)",
      "signal": "YoY REVENUE GROWTH DECELERATION",
      "detail": "YoY growth: +103.9% vs prior quarter YoY: +149.7% (decel: -45.8%)",
      "severity": "WARNING"
    },
    {
      "quarter": "2025-09 (Q3)",
      "signal": "OP MARGIN TURNED POSITIVE (YoY)",
      "detail": "Op margin: -7.9% (year-ago) -> +24.0%",
      "severity": "HIGH"
    },
    {
      "quarter": "2025-06 (Q2)",
      "signal": "FCF MARGIN EXPANSION",
      "detail": "FCF margin: +3.7% -> +69.5% (+65.7%)",
      "severity": "MEDIUM"
    },
    {
      "quarter": "2025-06 (Q2)",
      "signal": "YoY REVENUE GROWTH ACCELERATION",
      "detail": "YoY growth: +149.7% vs prior quarter YoY: +144.3% (accel: +5.4%)",
      "severity": "MEDIUM"
    },
    {
      "quarter": "2025-06 (Q2)",
      "signal": "OP MARGIN TURNED POSITIVE (YoY)",
      "detail": "Op margin: -31.7% (year-ago) -> +20.7%",
      "severity": "HIGH"
    },
    {
      "quarter": "2025-03 (Q1)",
      "signal": "OPERATING LEVERAGE",
      "detail": "Rev growth +13.0% vs OpEx growth +3.7% (leverage: 3.5x)",
      "severity": "MEDIUM"
    },
    {
      "quarter": "2025-03 (Q1)",
      "signal": "YoY REVENUE GROWTH DECELERATION",
      "detail": "YoY growth: +144.3% vs prior quarter YoY: +179.3% (decel: -35.0%)",
      "severity": "WARNING"
    },
    {
      "quarter": "2025-03 (Q1)",
      "signal": "OP MARGIN TURNED POSITIVE (YoY)",
      "detail": "Op margin: -127.1% (year-ago) -> +7.1%",
      "severity": "HIGH"
    },
    {
      "quarter": "2024-12 (Q4)",
      "signal": "OPERATING LEVERAGE",
      "detail": "Rev growth +24.8% vs OpEx growth +7.8% (leverage: 3.2x)",
      "severity": "MEDIUM"
    },
    {
      "quarter": "2024-12 (Q4)",
      "signal": "YoY REVENUE GROWTH DECELERATION",
      "detail": "YoY growth: +179.3% vs prior quarter YoY: +206.2% (decel: -26.9%)",
      "severity": "WARNING"
    },
    {
      "quarter": "2024-12 (Q4)",
      "signal": "OP MARGIN TURNED POSITIVE (QoQ)",
      "detail": "Op margin: -7.9% -> +0.1%",
      "severity": "HIGH"
    },
    {
      "quarter": "2024-09 (Q3)",
      "signal": "OPERATING LEVERAGE",
      "detail": "Rev growth +47.2% vs OpEx growth +14.9% (leverage: 3.2x)",
      "severity": "MEDIUM"
    },
    {
      "quarter": "2024-09 (Q3)",
      "signal": "YoY REVENUE GROWTH DECELERATION",
      "detail": "YoY growth: +206.2% vs prior quarter YoY: +619.0% (decel: -412.8%)",
      "severity": "WARNING"
    },
    {
      "quarter": "2024-06 (Q2)",
      "signal": "FCF MARGIN EXPANSION",
      "detail": "FCF margin: +0.3% -> +40.5% (+40.2%)",
      "severity": "MEDIUM"
    },
    {
      "quarter": "2024-06 (Q2)",
      "signal": "YoY REVENUE GROWTH ACCELERATION",
      "detail": "YoY growth: +619.0% vs prior quarter YoY: +269.4% (accel: +349.6%)",
      "severity": "HIGH"
    },
    {
      "quarter": "2023-12 (Q4)",
      "signal": "FCF TURNED POSITIVE",
      "detail": "FCF margin: -2.9% -> +26.5%",
      "severity": "HIGH"
    },
    {
      "quarter": "2023-12 (Q4)",
      "signal": "OP MARGIN TURNED POSITIVE (QoQ)",
      "detail": "Op margin: -5.4% -> +17.9%",
      "severity": "HIGH"
    },
    {
      "quarter": "2023-09 (Q3)",
      "signal": "FCF MARGIN EXPANSION",
      "detail": "FCF margin: -220.2% -> -2.9% (+217.3%)",
      "severity": "MEDIUM"
    },
    {
      "quarter": "2023-09 (Q3)",
      "signal": "OPERATING LEVERAGE",
      "detail": "Rev growth +245.5% vs OpEx growth +15.5% (leverage: 15.9x)",
      "severity": "MEDIUM"
    }
  ],
  "data_quality": {
    "n_quarters": 11,
    "coverage": {
      "revenue": [
        11,
        11
      ],
      "gross_profit": [
        11,
        11
      ],
      "op_income": [
        11,
        11
      ],
      "fcf": [
        11,
        11
      ]
    },
    "gaps": [],
    "warnings": []
  },
  "market_cap": null,
  "source": "SEC EDGAR",
  "last_updated": "2026-02-02T20:09:57.311749",
  "sector": "Technology",
  "industry": "Semiconductors"
}