{
  "ticker": "ALB-PA",
  "name": "ALBEMARLE CORPORATION",
  "quarters": [
    {
      "date": "2020-12-31T00:00:00",
      "quarter_label": "2020-12 (Q4)",
      "revenue": 879147000,
      "gross_profit": 265420000,
      "operating_income": 125136000,
      "net_income": 84635000,
      "opex": 140284000,
      "cogs": 613727000,
      "rd": 15375000,
      "sga": 124909000,
      "fcf": 108094000,
      "ocf": 337200000,
      "capex": -229106000,
      "gross_margin": 0.3019062796096671,
      "op_margin": 0.1423379707830431,
      "fcf_margin": 0.1229532717509131
    },
    {
      "date": "2021-03-31T00:00:00",
      "quarter_label": "2021-03 (Q1)",
      "revenue": 829291000,
      "gross_profit": 263687000,
      "operating_income": 155864000,
      "net_income": 95677000,
      "opex": 107823000,
      "cogs": 565604000,
      "rd": 14636000,
      "sga": 93187000,
      "fcf": -21734000,
      "ocf": 157949000,
      "capex": -179683000,
      "gross_margin": 0.3179667933210417,
      "op_margin": 0.1879485005866457,
      "fcf_margin": -0.02620792942405018,
      "fcf_margin_change": -0.1491612011749633
    },
    {
      "date": "2021-06-30T00:00:00",
      "quarter_label": "2021-06 (Q2)",
      "revenue": 773896000,
      "gross_profit": 248417000,
      "operating_income": 542333000,
      "net_income": 424600000,
      "opex": -293916000,
      "cogs": 525479000,
      "rd": 13976000,
      "sga": 121516000,
      "fcf": 10672000,
      "ocf": 227904000,
      "capex": -217232000,
      "gross_margin": 0.3209953275375503,
      "op_margin": 0.7007827925199251,
      "fcf_margin": 0.013789966610500635,
      "fcf_margin_change": 0.03999789603455082
    },
    {
      "date": "2021-09-30T00:00:00",
      "quarter_label": "2021-09 (Q3)",
      "revenue": 830566000,
      "gross_profit": 249273000,
      "operating_income": 131523000,
      "net_income": -392781000,
      "opex": 117750000,
      "cogs": 581293000,
      "rd": 13289000,
      "sga": 103477000,
      "fcf": -151091000,
      "ocf": 104733000,
      "capex": -255824000,
      "gross_margin": 0.30012425261809417,
      "op_margin": 0.1583534601705343,
      "fcf_margin": -0.1819132976789322,
      "op_leverage_ratio": Infinity,
      "fcf_margin_change": -0.19570326428943283
    },
    {
      "date": "2021-12-31T00:00:00",
      "quarter_label": "2021-12 (Q4)",
      "revenue": 894204000,
      "gross_profit": 236594000,
      "operating_income": -31286000,
      "net_income": -3824000,
      "opex": 267880000,
      "cogs": 657610000,
      "rd": 12125000,
      "sga": 123302000,
      "fcf": -447257000,
      "ocf": -146329000,
      "capex": -300928000,
      "gross_margin": 0.26458615707377736,
      "op_margin": -0.03498754199265492,
      "fcf_margin": -0.5001733385223058,
      "incr_op_margin_yoy": -10.388656438865643,
      "rev_growth_yoy": 0.017126828619104653,
      "op_leverage_ratio": 0.060094649235847696,
      "fcf_margin_change": -0.31826004084337367
    },
    {
      "date": "2022-03-31T00:00:00",
      "quarter_label": "2022-03 (Q1)",
      "revenue": 1127728000,
      "gross_profit": 449030000,
      "operating_income": 311979000,
      "net_income": 253383000,
      "opex": 137051000,
      "cogs": 678698000,
      "rd": 16083000,
      "sga": 112568000,
      "fcf": -25522000,
      "ocf": 206176000,
      "capex": -231698000,
      "gross_margin": 0.3981722543024559,
      "op_margin": 0.27664383610232257,
      "fcf_margin": -0.022631343728274904,
      "incr_op_margin_yoy": 0.523108729815673,
      "rev_growth_yoy": 0.3598700576757736,
      "rev_growth_yoy_accel": 0.342743229056669,
      "op_leverage_ratio": Infinity,
      "fcf_margin_change": 0.4775419947940309
    },
    {
      "date": "2022-06-30T00:00:00",
      "quarter_label": "2022-06 (Q2)",
      "revenue": 1479593000,
      "gross_profit": 580424000,
      "operating_income": 434096000,
      "net_income": 406773000,
      "opex": 146328000,
      "cogs": 899169000,
      "rd": 17386000,
      "sga": 128942000,
      "fcf": -416774000,
      "ocf": -145865000,
      "capex": -270909000,
      "gross_margin": 0.3922862570990806,
      "op_margin": 0.2933887900253651,
      "fcf_margin": -0.2816815164710836,
      "incr_op_margin_yoy": -0.1533760239876321,
      "rev_growth_yoy": 0.9118757559155235,
      "rev_growth_yoy_accel": 0.5520056982397499,
      "op_leverage_ratio": 4.609420811683726,
      "fcf_margin_change": -0.25905017274280867
    },
    {
      "date": "2022-09-30T00:00:00",
      "quarter_label": "2022-09 (Q3)",
      "revenue": 2091805000,
      "gross_profit": 1043814000,
      "operating_income": 890977000,
      "net_income": 897215000,
      "opex": 152837000,
      "cogs": 1047991000,
      "rd": 18358000,
      "sga": 134479000,
      "fcf": 581964000,
      "ocf": 895291000,
      "capex": -313327000,
      "gross_margin": 0.4990015799751889,
      "op_margin": 0.4259369300675732,
      "fcf_margin": 0.27821140115832976,
      "incr_op_margin_yoy": 0.6021491565040409,
      "rev_growth_yoy": 1.518529532872764,
      "rev_growth_yoy_accel": 0.6066537769572404,
      "op_leverage_ratio": 9.301922893245282,
      "fcf_margin_change": 0.5598929176294134
    },
    {
      "date": "2022-12-31T00:00:00",
      "quarter_label": "2022-12 (Q4)",
      "revenue": 2620978000,
      "gross_profit": 1001319000,
      "operating_income": 833009000,
      "net_income": 1132445000,
      "opex": 168310000,
      "cogs": 1619659000,
      "rd": 20154000,
      "sga": 148156000,
      "fcf": 511102000,
      "ocf": 956814000,
      "capex": -445712000,
      "gross_margin": 0.38204021552260264,
      "op_margin": 0.31782372839451534,
      "fcf_margin": 0.19500430755237166,
      "incr_op_margin_yoy": 0.5005258360387637,
      "rev_growth_yoy": 1.9310738936529024,
      "rev_growth_yoy_accel": 0.41254436078013845,
      "op_leverage_ratio": 2.498794027374311,
      "fcf_margin_change": -0.0832070936059581
    },
    {
      "date": "2023-03-31T00:00:00",
      "quarter_label": "2023-03 (Q1)",
      "revenue": 2580252000,
      "gross_profit": 1276540000,
      "operating_income": 1101763000,
      "net_income": 1238580000,
      "opex": 174777000,
      "cogs": 1303712000,
      "rd": 20471000,
      "sga": 154306000,
      "fcf": 305372000,
      "ocf": 720980000,
      "capex": -415608000,
      "gross_margin": 0.4947346228197866,
      "op_margin": 0.42699821567815854,
      "fcf_margin": 0.11834968057383542,
      "incr_op_margin_yoy": 0.5437321517579056,
      "rev_growth_yoy": 1.2880091653306471,
      "rev_growth_yoy_accel": -0.6430647283222553,
      "fcf_margin_change": -0.07665462697853624
    },
    {
      "date": "2023-06-30T00:00:00",
      "quarter_label": "2023-06 (Q2)",
      "revenue": 2370190000,
      "gross_profit": 558487000,
      "operating_income": 139998000,
      "net_income": 650043000,
      "opex": 418489000,
      "cogs": 1811703000,
      "rd": 21419000,
      "sga": 397070000,
      "fcf": -429980000,
      "ocf": 73707000,
      "capex": -503687000,
      "gross_margin": 0.2356296330673912,
      "op_margin": 0.05906615081491357,
      "fcf_margin": -0.18141161679021514,
      "incr_op_margin_yoy": -0.330225680077521,
      "rev_growth_yoy": 0.6019202578006249,
      "rev_growth_yoy_accel": -0.6860889075300223,
      "fcf_margin_change": -0.29976129736405055
    },
    {
      "date": "2023-09-30T00:00:00",
      "quarter_label": "2023-09 (Q3)",
      "revenue": 2310596000,
      "gross_profit": 54934000,
      "operating_income": -140014000,
      "net_income": 302533000,
      "opex": 194948000,
      "cogs": 2255662000,
      "rd": 21082000,
      "sga": 173866000,
      "fcf": 82955000,
      "ocf": 628853000,
      "capex": -545898000,
      "gross_margin": 0.023774818271995624,
      "op_margin": -0.060596486793883485,
      "fcf_margin": 0.03590199238637996,
      "incr_op_margin_yoy": -4.712218509902144,
      "rev_growth_yoy": 0.10459435750464312,
      "rev_growth_yoy_accel": -0.4973259002959817,
      "fcf_margin_change": 0.2173136091765951
    },
    {
      "date": "2023-12-31T00:00:00",
      "quarter_label": "2023-12 (Q4)",
      "revenue": 2356165000,
      "gross_profit": -704052000,
      "operating_income": -849866000,
      "net_income": -617680000,
      "opex": 145814000,
      "cogs": 3060217000,
      "rd": 22753000,
      "sga": 194251000,
      "fcf": -786306000,
      "ocf": -96957000,
      "capex": -689349000,
      "gross_margin": -0.298812689264122,
      "op_margin": -0.3606988474915806,
      "fcf_margin": -0.33372280803763743,
      "incr_op_margin_yoy": 6.354956138860253,
      "rev_growth_yoy": -0.10103594917622354,
      "rev_growth_yoy_accel": -0.20563030668086665,
      "op_leverage_ratio": Infinity,
      "fcf_margin_change": -0.3696248004240174
    },
    {
      "date": "2024-03-31T00:00:00",
      "quarter_label": "2024-03 (Q1)",
      "revenue": 1360736000,
      "gross_profit": 38938000,
      "operating_income": -179506000,
      "net_income": 2448000,
      "opex": 218444000,
      "cogs": 1321798000,
      "rd": 23532000,
      "sga": 194912000,
      "fcf": -485557000,
      "ocf": 97485000,
      "capex": -583042000,
      "gross_margin": 0.028615396373727158,
      "op_margin": -0.1319183147943466,
      "fcf_margin": -0.35683409566587493,
      "incr_op_margin_yoy": 1.0506373020116178,
      "rev_growth_yoy": -0.47263445585935016,
      "rev_growth_yoy_accel": -0.3715985066831266,
      "fcf_margin_change": -0.023111287628237498
    },
    {
      "date": "2024-06-30T00:00:00",
      "quarter_label": "2024-06 (Q2)",
      "revenue": 1430385000,
      "gross_profit": -10578000,
      "operating_income": -492611000,
      "net_income": -188198000,
      "opex": 482033000,
      "cogs": 1440963000,
      "rd": 20770000,
      "sga": 168948000,
      "fcf": -83888000,
      "ocf": 367663000,
      "capex": -451551000,
      "gross_margin": -0.007395211778647008,
      "op_margin": -0.3443904962649916,
      "fcf_margin": -0.058647147446316904,
      "incr_op_margin_yoy": 0.6731279361144067,
      "rev_growth_yoy": -0.39651040633873236,
      "rev_growth_yoy_accel": 0.0761240495206178,
      "op_leverage_ratio": 0.04241835755340765,
      "fcf_margin_change": 0.29818694821955805
    },
    {
      "date": "2024-09-30T00:00:00",
      "quarter_label": "2024-09 (Q3)",
      "revenue": 1354692000,
      "gross_profit": -104034000,
      "operating_income": -1108830000,
      "net_income": -1068992000,
      "opex": 1004796000,
      "cogs": 1458726000,
      "rd": 22397000,
      "sga": 154253000,
      "fcf": -76019000,
      "ocf": 227107000,
      "capex": -303126000,
      "gross_margin": -0.07679531583562905,
      "op_margin": -0.8185107758811597,
      "fcf_margin": -0.05611533839426231,
      "incr_op_margin_yoy": 1.0135076325656134,
      "rev_growth_yoy": -0.41370451606425357,
      "rev_growth_yoy_accel": -0.01719410972552121,
      "fcf_margin_change": 0.0025318090520545927
    },
    {
      "date": "2024-12-31T00:00:00",
      "quarter_label": "2024-12 (Q4)",
      "revenue": 1231713000,
      "gross_profit": 138213000,
      "operating_income": 4402000,
      "net_income": 75293000,
      "opex": 133811000,
      "cogs": 1093500000,
      "rd": 20021000,
      "sga": 135996000,
      "fcf": -347189000,
      "ocf": -4379000,
      "capex": -342810000,
      "gross_margin": 0.11221201692277341,
      "op_margin": 0.0035738845006913138,
      "fcf_margin": -0.2818749172899856,
      "incr_op_margin_yoy": -0.7597194010949333,
      "rev_growth_yoy": -0.4772382239783716,
      "rev_growth_yoy_accel": -0.06353370791411805,
      "fcf_margin_change": -0.2257595788957233
    },
    {
      "date": "2025-03-31T00:00:00",
      "quarter_label": "2025-03 (Q1)",
      "revenue": 1076881000,
      "gross_profit": 156299000,
      "operating_income": 19761000,
      "net_income": 41348000,
      "opex": 136538000,
      "cogs": 920582000,
      "rd": 14099000,
      "sga": 123502000,
      "fcf": 364583000,
      "ocf": 547207000,
      "capex": -182624000,
      "gross_margin": 0.145140456559267,
      "op_margin": 0.018350216969191584,
      "fcf_margin": 0.3385545849541407,
      "incr_op_margin_yoy": -0.7020027831110954,
      "rev_growth_yoy": -0.2086040201773158,
      "rev_growth_yoy_accel": 0.26863420380105585,
      "fcf_margin_change": 0.6204295022441263
    },
    {
      "date": "2025-06-30T00:00:00",
      "quarter_label": "2025-06 (Q2)",
      "revenue": 1329992000,
      "gross_profit": 196876000,
      "operating_income": 47527000,
      "net_income": 22897000,
      "opex": 149349000,
      "cogs": 1133116000,
      "rd": 12444000,
      "sga": 132457000,
      "fcf": -128655000,
      "ocf": -9027000,
      "capex": -119628000,
      "gross_margin": 0.14802795806290564,
      "op_margin": 0.03573480141233932,
      "fcf_margin": -0.09673366456339587,
      "incr_op_margin_yoy": -5.380235673801958,
      "rev_growth_yoy": -0.07018599887442892,
      "rev_growth_yoy_accel": 0.13841802130288688,
      "op_leverage_ratio": 2.5050350739898195,
      "fcf_margin_change": -0.4352882495175366
    },
    {
      "date": "2025-09-30T00:00:00",
      "quarter_label": "2025-09 (Q3)",
      "revenue": 1307829000,
      "gross_profit": 117610000,
      "operating_income": -216986000,
      "net_income": -160694000,
      "opex": 334596000,
      "cogs": 1190219000,
      "rd": 12674000,
      "sga": 138577000,
      "fcf": 223438000,
      "ocf": 355602000,
      "capex": -132164000,
      "gross_margin": 0.08992765873826013,
      "op_margin": -0.1659131277865837,
      "fcf_margin": 0.17084649445760874,
      "incr_op_margin_yoy": -19.03087723790624,
      "rev_growth_yoy": -0.03459310308173371,
      "rev_growth_yoy_accel": 0.03559289579269521,
      "fcf_margin_change": 0.2675801590210046
    }
  ],
  "signals": [
    {
      "quarter": "2025-09 (Q3)",
      "signal": "FCF TURNED POSITIVE",
      "detail": "FCF margin: -9.7% -> +17.1%",
      "severity": "HIGH"
    },
    {
      "quarter": "2025-06 (Q2)",
      "signal": "OPERATING LEVERAGE",
      "detail": "Rev growth +23.5% vs OpEx growth +9.4% (leverage: 2.5x)",
      "severity": "MEDIUM"
    },
    {
      "quarter": "2025-06 (Q2)",
      "signal": "YoY REVENUE GROWTH ACCELERATION",
      "detail": "YoY growth: -7.0% vs prior quarter YoY: -20.9% (accel: +13.8%)",
      "severity": "MEDIUM"
    },
    {
      "quarter": "2025-06 (Q2)",
      "signal": "OP MARGIN TURNED POSITIVE (YoY)",
      "detail": "Op margin: -34.4% (year-ago) -> +3.6%",
      "severity": "HIGH"
    },
    {
      "quarter": "2025-03 (Q1)",
      "signal": "FCF TURNED POSITIVE",
      "detail": "FCF margin: -28.2% -> +33.9%",
      "severity": "HIGH"
    },
    {
      "quarter": "2025-03 (Q1)",
      "signal": "YoY REVENUE GROWTH ACCELERATION",
      "detail": "YoY growth: -20.9% vs prior quarter YoY: -47.7% (accel: +26.9%)",
      "severity": "HIGH"
    },
    {
      "quarter": "2025-03 (Q1)",
      "signal": "OP MARGIN TURNED POSITIVE (YoY)",
      "detail": "Op margin: -13.2% (year-ago) -> +1.8%",
      "severity": "HIGH"
    },
    {
      "quarter": "2024-12 (Q4)",
      "signal": "GROSS MARGIN INFLECTION",
      "detail": "GM: -0.7% -> -7.7% -> +11.2% (reversal +18.9%)",
      "severity": "HIGH"
    },
    {
      "quarter": "2024-12 (Q4)",
      "signal": "YoY REVENUE GROWTH DECELERATION",
      "detail": "YoY growth: -47.7% vs prior quarter YoY: -41.4% (decel: -6.4%)",
      "severity": "WARNING"
    },
    {
      "quarter": "2024-12 (Q4)",
      "signal": "OP MARGIN TURNED POSITIVE (YoY)",
      "detail": "Op margin: -36.1% (year-ago) -> +0.4%",
      "severity": "HIGH"
    },
    {
      "quarter": "2024-12 (Q4)",
      "signal": "OP MARGIN TURNED POSITIVE (QoQ)",
      "detail": "Op margin: -81.9% -> +0.4%",
      "severity": "HIGH"
    },
    {
      "quarter": "2024-06 (Q2)",
      "signal": "FCF MARGIN EXPANSION",
      "detail": "FCF margin: -35.7% -> -5.9% (+29.8%)",
      "severity": "MEDIUM"
    },
    {
      "quarter": "2024-06 (Q2)",
      "signal": "YoY REVENUE GROWTH ACCELERATION",
      "detail": "YoY growth: -39.7% vs prior quarter YoY: -47.3% (accel: +7.6%)",
      "severity": "MEDIUM"
    },
    {
      "quarter": "2024-03 (Q1)",
      "signal": "GROSS MARGIN INFLECTION",
      "detail": "GM: +2.4% -> -29.9% -> +2.9% (reversal +32.7%)",
      "severity": "HIGH"
    },
    {
      "quarter": "2024-03 (Q1)",
      "signal": "YoY REVENUE GROWTH DECELERATION",
      "detail": "YoY growth: -47.3% vs prior quarter YoY: -10.1% (decel: -37.2%)",
      "severity": "WARNING"
    },
    {
      "quarter": "2023-12 (Q4)",
      "signal": "YoY REVENUE GROWTH DECELERATION",
      "detail": "YoY growth: -10.1% vs prior quarter YoY: +10.5% (decel: -20.6%)",
      "severity": "WARNING"
    },
    {
      "quarter": "2023-09 (Q3)",
      "signal": "FCF TURNED POSITIVE",
      "detail": "FCF margin: -18.1% -> +3.6%",
      "severity": "HIGH"
    },
    {
      "quarter": "2023-09 (Q3)",
      "signal": "YoY REVENUE GROWTH DECELERATION",
      "detail": "YoY growth: +10.5% vs prior quarter YoY: +60.2% (decel: -49.7%)",
      "severity": "WARNING"
    },
    {
      "quarter": "2023-06 (Q2)",
      "signal": "YoY REVENUE GROWTH DECELERATION",
      "detail": "YoY growth: +60.2% vs prior quarter YoY: +128.8% (decel: -68.6%)",
      "severity": "WARNING"
    },
    {
      "quarter": "2023-03 (Q1)",
      "signal": "GROSS MARGIN INFLECTION",
      "detail": "GM: +49.9% -> +38.2% -> +49.5% (reversal +11.3%)",
      "severity": "HIGH"
    },
    {
      "quarter": "2023-03 (Q1)",
      "signal": "YoY REVENUE GROWTH DECELERATION",
      "detail": "YoY growth: +128.8% vs prior quarter YoY: +193.1% (decel: -64.3%)",
      "severity": "WARNING"
    },
    {
      "quarter": "2023-03 (Q1)",
      "signal": "INCREMENTAL MARGIN (YoY)",
      "detail": "YoY Incr OPM: +54.4% vs year-ago OPM: +27.7%",
      "severity": "HIGH"
    },
    {
      "quarter": "2022-12 (Q4)",
      "signal": "OPERATING LEVERAGE",
      "detail": "Rev growth +25.3% vs OpEx growth +10.1% (leverage: 2.5x)",
      "severity": "MEDIUM"
    },
    {
      "quarter": "2022-12 (Q4)",
      "signal": "YoY REVENUE GROWTH ACCELERATION",
      "detail": "YoY growth: +193.1% vs prior quarter YoY: +151.9% (accel: +41.3%)",
      "severity": "HIGH"
    },
    {
      "quarter": "2022-12 (Q4)",
      "signal": "OP MARGIN TURNED POSITIVE (YoY)",
      "detail": "Op margin: -3.5% (year-ago) -> +31.8%",
      "severity": "HIGH"
    },
    {
      "quarter": "2022-09 (Q3)",
      "signal": "FCF TURNED POSITIVE",
      "detail": "FCF margin: -28.2% -> +27.8%",
      "severity": "HIGH"
    },
    {
      "quarter": "2022-09 (Q3)",
      "signal": "OPERATING LEVERAGE",
      "detail": "Rev growth +41.4% vs OpEx growth +4.4% (leverage: 9.3x)",
      "severity": "MEDIUM"
    },
    {
      "quarter": "2022-09 (Q3)",
      "signal": "GROSS MARGIN INFLECTION",
      "detail": "GM: +39.8% -> +39.2% -> +49.9% (reversal +10.7%)",
      "severity": "HIGH"
    },
    {
      "quarter": "2022-09 (Q3)",
      "signal": "YoY REVENUE GROWTH ACCELERATION",
      "detail": "YoY growth: +151.9% vs prior quarter YoY: +91.2% (accel: +60.7%)",
      "severity": "HIGH"
    },
    {
      "quarter": "2022-09 (Q3)",
      "signal": "INCREMENTAL MARGIN (YoY)",
      "detail": "YoY Incr OPM: +60.2% vs year-ago OPM: +15.8%",
      "severity": "HIGH"
    },
    {
      "quarter": "2022-06 (Q2)",
      "signal": "OPERATING LEVERAGE",
      "detail": "Rev growth +31.2% vs OpEx growth +6.8% (leverage: 4.6x)",
      "severity": "MEDIUM"
    },
    {
      "quarter": "2022-06 (Q2)",
      "signal": "YoY REVENUE GROWTH ACCELERATION",
      "detail": "YoY growth: +91.2% vs prior quarter YoY: +36.0% (accel: +55.2%)",
      "severity": "HIGH"
    },
    {
      "quarter": "2022-03 (Q1)",
      "signal": "FCF MARGIN EXPANSION",
      "detail": "FCF margin: -50.0% -> -2.3% (+47.8%)",
      "severity": "MEDIUM"
    },
    {
      "quarter": "2022-03 (Q1)",
      "signal": "GROSS MARGIN INFLECTION",
      "detail": "GM: +30.0% -> +26.5% -> +39.8% (reversal +13.4%)",
      "severity": "HIGH"
    },
    {
      "quarter": "2022-03 (Q1)",
      "signal": "YoY REVENUE GROWTH ACCELERATION",
      "detail": "YoY growth: +36.0% vs prior quarter YoY: +1.7% (accel: +34.3%)",
      "severity": "HIGH"
    },
    {
      "quarter": "2022-03 (Q1)",
      "signal": "INCREMENTAL MARGIN (YoY)",
      "detail": "YoY Incr OPM: +52.3% vs year-ago OPM: +18.8%",
      "severity": "HIGH"
    },
    {
      "quarter": "2022-03 (Q1)",
      "signal": "OP MARGIN TURNED POSITIVE (QoQ)",
      "detail": "Op margin: -3.5% -> +27.7%",
      "severity": "HIGH"
    },
    {
      "quarter": "2021-06 (Q2)",
      "signal": "FCF TURNED POSITIVE",
      "detail": "FCF margin: -2.6% -> +1.4%",
      "severity": "HIGH"
    }
  ],
  "data_quality": {
    "n_quarters": 20,
    "coverage": {
      "revenue": [
        20,
        20
      ],
      "gross_profit": [
        20,
        20
      ],
      "op_income": [
        20,
        20
      ],
      "fcf": [
        20,
        20
      ]
    },
    "gaps": [],
    "warnings": []
  },
  "market_cap": null,
  "source": "SEC EDGAR",
  "last_updated": "2026-02-03T01:10:05.149978",
  "sector": "Basic Materials",
  "industry": "Specialty Chemicals"
}