{
  "ticker": "ALG",
  "name": "Alamo Group Inc.",
  "quarters": [
    {
      "date": "2020-12-31T00:00:00",
      "quarter_label": "2020-12 (Q4)",
      "revenue": 288624000,
      "gross_profit": 66709000,
      "operating_income": 15725000,
      "net_income": 8080000,
      "opex": 50984000,
      "cogs": 221915000,
      "rd": null,
      "sga": 47331000,
      "fcf": 45446000,
      "ocf": 48358000,
      "capex": -2912000,
      "gross_margin": 0.23112769554853374,
      "op_margin": 0.05448264870558235,
      "fcf_margin": 0.15745745329563723
    },
    {
      "date": "2021-03-31T00:00:00",
      "quarter_label": "2021-03 (Q1)",
      "revenue": 311189000,
      "gross_profit": 76426000,
      "operating_income": 25438000,
      "net_income": 17462000,
      "opex": 50988000,
      "cogs": 234763000,
      "rd": null,
      "sga": 47330000,
      "fcf": -12078000,
      "ocf": -8601000,
      "capex": -3477000,
      "gross_margin": 0.24559351390955336,
      "op_margin": 0.08174453467185537,
      "fcf_margin": -0.03881242588908991,
      "op_leverage_ratio": Infinity,
      "fcf_margin_change": -0.19626987918472716
    },
    {
      "date": "2021-06-30T00:00:00",
      "quarter_label": "2021-06 (Q2)",
      "revenue": 347550000,
      "gross_profit": 88140000,
      "operating_income": 33590000,
      "net_income": 26037000,
      "opex": 54550000,
      "cogs": 259410000,
      "rd": null,
      "sga": 50887000,
      "fcf": 12117000,
      "ocf": 17997000,
      "capex": -5880000,
      "gross_margin": 0.25360379801467414,
      "op_margin": 0.09664796432168034,
      "fcf_margin": 0.03486404833836858,
      "op_leverage_ratio": 1.6725751639702235,
      "fcf_margin_change": 0.07367647422745849
    },
    {
      "date": "2021-09-30T00:00:00",
      "quarter_label": "2021-09 (Q3)",
      "revenue": 338311000,
      "gross_profit": 86296000,
      "operating_income": 30043000,
      "net_income": 17519000,
      "opex": 56253000,
      "cogs": 252015000,
      "rd": null,
      "sga": 52586000,
      "fcf": 28764000,
      "ocf": 33991000,
      "capex": -5227000,
      "gross_margin": 0.2550789066864512,
      "op_margin": 0.08880290620169017,
      "fcf_margin": 0.08502236108196305,
      "fcf_margin_change": 0.050158312743594474
    },
    {
      "date": "2021-12-31T00:00:00",
      "quarter_label": "2021-12 (Q4)",
      "revenue": 337173000,
      "gross_profit": 83652000,
      "operating_income": 27867000,
      "net_income": 19227000,
      "opex": 55785000,
      "cogs": 253521000,
      "rd": null,
      "sga": 52136000,
      "fcf": -4399000,
      "ocf": 6280000,
      "capex": -10679000,
      "gross_margin": 0.2480981573257645,
      "op_margin": 0.08264896655426146,
      "fcf_margin": -0.01304671489116863,
      "incr_op_margin_yoy": 0.25009783929638096,
      "rev_growth_yoy": 0.1682084649925162,
      "fcf_margin_change": -0.09806907597313168
    },
    {
      "date": "2022-03-31T00:00:00",
      "quarter_label": "2022-03 (Q1)",
      "revenue": 362005000,
      "gross_profit": 86641000,
      "operating_income": 29119000,
      "net_income": 18470000,
      "opex": 57522000,
      "cogs": 275364000,
      "rd": null,
      "sga": 53635000,
      "fcf": -59343000,
      "ocf": -54985000,
      "capex": -4358000,
      "gross_margin": 0.23933647325313187,
      "op_margin": 0.08043811549564232,
      "fcf_margin": -0.16392867501830086,
      "incr_op_margin_yoy": 0.07243781486146096,
      "rev_growth_yoy": 0.16329626047193185,
      "rev_growth_yoy_accel": -0.004912204520584357,
      "op_leverage_ratio": 2.3652471532745905,
      "fcf_margin_change": -0.15088196012713223
    },
    {
      "date": "2022-06-30T00:00:00",
      "quarter_label": "2022-06 (Q2)",
      "revenue": 396214000,
      "gross_profit": 99717000,
      "operating_income": 40916000,
      "net_income": 28472000,
      "opex": 58801000,
      "cogs": 296497000,
      "rd": null,
      "sga": 55009000,
      "fcf": 989000,
      "ocf": 11596000,
      "capex": -10607000,
      "gross_margin": 0.25167460008985043,
      "op_margin": 0.10326742618887773,
      "fcf_margin": 0.0024961258309903235,
      "incr_op_margin_yoy": 0.15054249547920434,
      "rev_growth_yoy": 0.14002014098690835,
      "rev_growth_yoy_accel": -0.023276119485023505,
      "op_leverage_ratio": 4.250003065305676,
      "fcf_margin_change": 0.16642480084929118
    },
    {
      "date": "2022-09-30T00:00:00",
      "quarter_label": "2022-09 (Q3)",
      "revenue": 368793000,
      "gross_profit": 92365000,
      "operating_income": 35840000,
      "net_income": 25821000,
      "opex": 56525000,
      "cogs": 276428000,
      "rd": null,
      "sga": 52723000,
      "fcf": 13676000,
      "ocf": 22210000,
      "capex": -8534000,
      "gross_margin": 0.2504521506644649,
      "op_margin": 0.09718188794255857,
      "fcf_margin": 0.03708313335665265,
      "incr_op_margin_yoy": 0.19017780985499638,
      "rev_growth_yoy": 0.09010052880337914,
      "rev_growth_yoy_accel": -0.04991961218352921,
      "fcf_margin_change": 0.03458700752566232
    },
    {
      "date": "2022-12-31T00:00:00",
      "quarter_label": "2022-12 (Q4)",
      "revenue": 386604000,
      "gross_profit": 97795000,
      "operating_income": 42717000,
      "net_income": 29165000,
      "opex": 55078000,
      "cogs": 288809000,
      "rd": null,
      "sga": 51282000,
      "fcf": 28067000,
      "ocf": 35709000,
      "capex": -7642000,
      "gross_margin": 0.25295910026797447,
      "op_margin": 0.11049290747121085,
      "fcf_margin": 0.07259883498360079,
      "incr_op_margin_yoy": 0.30041876555198155,
      "rev_growth_yoy": 0.14660426546609603,
      "rev_growth_yoy_accel": 0.056503736662716894,
      "op_leverage_ratio": Infinity,
      "fcf_margin_change": 0.035515701626948136
    },
    {
      "date": "2023-03-31T00:00:00",
      "quarter_label": "2023-03 (Q1)",
      "revenue": 411771000,
      "gross_profit": 112507000,
      "operating_income": 49024000,
      "net_income": 33349000,
      "opex": 63483000,
      "cogs": 299264000,
      "rd": null,
      "sga": 59668000,
      "fcf": -7793000,
      "ocf": 1206000,
      "capex": -8999000,
      "gross_margin": 0.2732271092427587,
      "op_margin": 0.11905646585116485,
      "fcf_margin": -0.018925567852034263,
      "incr_op_margin_yoy": 0.39997186834384924,
      "rev_growth_yoy": 0.1374732393198989,
      "rev_growth_yoy_accel": -0.009131026146197124,
      "op_leverage_ratio": 0.4265849701506425,
      "fcf_margin_change": -0.09152440283563505
    },
    {
      "date": "2023-06-30T00:00:00",
      "quarter_label": "2023-06 (Q2)",
      "revenue": 440694000,
      "gross_profit": 118074000,
      "operating_income": 54392000,
      "net_income": 36374000,
      "opex": 63682000,
      "cogs": 322620000,
      "rd": null,
      "sga": 59858000,
      "fcf": 26739000,
      "ocf": 35978000,
      "capex": -9239000,
      "gross_margin": 0.267927405410557,
      "op_margin": 0.12342350928308532,
      "fcf_margin": 0.060674753910876934,
      "incr_op_margin_yoy": 0.30296762589928056,
      "rev_growth_yoy": 0.11226256517942323,
      "rev_growth_yoy_accel": -0.025210674140475675,
      "op_leverage_ratio": 22.407424717663663,
      "fcf_margin_change": 0.0796003217629112
    },
    {
      "date": "2023-09-30T00:00:00",
      "quarter_label": "2023-09 (Q3)",
      "revenue": 419644000,
      "gross_profit": 114143000,
      "operating_income": 49753000,
      "net_income": 34915000,
      "opex": 64390000,
      "cogs": 305501000,
      "rd": null,
      "sga": 60564000,
      "fcf": 31034000,
      "ocf": 39847000,
      "capex": -8813000,
      "gross_margin": 0.2719995996606648,
      "op_margin": 0.11856001753867564,
      "fcf_margin": 0.07395316029777621,
      "incr_op_margin_yoy": 0.27360327230536274,
      "rev_growth_yoy": 0.137884938163143,
      "rev_growth_yoy_accel": 0.025622372983719777,
      "fcf_margin_change": 0.013278406386899276
    },
    {
      "date": "2023-12-31T00:00:00",
      "quarter_label": "2023-12 (Q4)",
      "revenue": 417542000,
      "gross_profit": 108920000,
      "operating_income": 44798000,
      "net_income": 31523000,
      "opex": 64122000,
      "cogs": 308622000,
      "rd": null,
      "sga": 60068000,
      "fcf": 43429000,
      "ocf": 54123000,
      "capex": -10694000,
      "gross_margin": 0.26085998534279187,
      "op_margin": 0.107289805576445,
      "fcf_margin": 0.10401109349478616,
      "incr_op_margin_yoy": 0.06726355937681815,
      "rev_growth_yoy": 0.08002503854072901,
      "rev_growth_yoy_accel": -0.057859899622414,
      "fcf_margin_change": 0.030057933197009945
    },
    {
      "date": "2024-03-31T00:00:00",
      "quarter_label": "2024-03 (Q1)",
      "revenue": 425586000,
      "gross_profit": 111632000,
      "operating_income": 46979000,
      "net_income": 32120000,
      "opex": 64653000,
      "cogs": 313954000,
      "rd": null,
      "sga": 60594000,
      "fcf": -5529000,
      "ocf": 1124000,
      "capex": -6653000,
      "gross_margin": 0.26230186143341183,
      "op_margin": 0.11038661986061571,
      "fcf_margin": -0.012991498780504998,
      "incr_op_margin_yoy": -0.14802750633369527,
      "rev_growth_yoy": 0.03355020144692074,
      "rev_growth_yoy_accel": -0.04647483709380827,
      "op_leverage_ratio": 2.3264002373643957,
      "fcf_margin_change": -0.11700259227529115
    },
    {
      "date": "2024-06-30T00:00:00",
      "quarter_label": "2024-06 (Q2)",
      "revenue": 416303000,
      "gross_profit": 108181000,
      "operating_income": 43309000,
      "net_income": 28324000,
      "opex": 64872000,
      "cogs": 308122000,
      "rd": null,
      "sga": 60817000,
      "fcf": 28784000,
      "ocf": 33192000,
      "capex": -4408000,
      "gross_margin": 0.25986120686134856,
      "op_margin": 0.10403239947826463,
      "fcf_margin": 0.0691419470914214,
      "incr_op_margin_yoy": 0.45438891394366776,
      "rev_growth_yoy": -0.05534679392049812,
      "rev_growth_yoy_accel": -0.08889699536741885,
      "fcf_margin_change": 0.08213344587192639
    },
    {
      "date": "2024-09-30T00:00:00",
      "quarter_label": "2024-09 (Q3)",
      "revenue": 401301000,
      "gross_profit": 100887000,
      "operating_income": 40079000,
      "net_income": 27405000,
      "opex": 60808000,
      "cogs": 300414000,
      "rd": null,
      "sga": 56747000,
      "fcf": 88399000,
      "ocf": 96326000,
      "capex": -7927000,
      "gross_margin": 0.25139982207868905,
      "op_margin": 0.09987266415982018,
      "fcf_margin": 0.2202810359306356,
      "incr_op_margin_yoy": 0.5273946464591397,
      "rev_growth_yoy": -0.043710859681062995,
      "rev_growth_yoy_accel": 0.011635934239435125,
      "fcf_margin_change": 0.15113908883921423
    },
    {
      "date": "2024-12-31T00:00:00",
      "quarter_label": "2024-12 (Q4)",
      "revenue": 385323000,
      "gross_profit": 91788000,
      "operating_income": 34441000,
      "net_income": 28081000,
      "opex": 57347000,
      "cogs": 293535000,
      "rd": null,
      "sga": 53295000,
      "fcf": 73131000,
      "ocf": 79136000,
      "capex": -6005000,
      "gross_margin": 0.23821054024805163,
      "op_margin": 0.08938215471176131,
      "fcf_margin": 0.18979142174227856,
      "incr_op_margin_yoy": 0.32145628355939043,
      "rev_growth_yoy": -0.07716349492985136,
      "rev_growth_yoy_accel": -0.033452635248788366,
      "fcf_margin_change": -0.03048961418835705
    },
    {
      "date": "2025-03-31T00:00:00",
      "quarter_label": "2025-03 (Q1)",
      "revenue": 390950000,
      "gross_profit": 102841000,
      "operating_income": 44462000,
      "net_income": 31800000,
      "opex": 58379000,
      "cogs": 288109000,
      "rd": null,
      "sga": 54330000,
      "fcf": 8193000,
      "ocf": 14201000,
      "capex": -6008000,
      "gross_margin": 0.2630540989896406,
      "op_margin": 0.11372809822227907,
      "fcf_margin": 0.020956644072131988,
      "incr_op_margin_yoy": 0.07267005427878508,
      "rev_growth_yoy": -0.08138425606105464,
      "rev_growth_yoy_accel": -0.004220761131203274,
      "op_leverage_ratio": 0.8114896564076606,
      "fcf_margin_change": -0.16883477767014657
    },
    {
      "date": "2025-06-30T00:00:00",
      "quarter_label": "2025-06 (Q2)",
      "revenue": 419073000,
      "gross_profit": 108292000,
      "operating_income": 47078000,
      "net_income": 31106000,
      "opex": 61214000,
      "cogs": 310781000,
      "rd": null,
      "sga": 57136000,
      "fcf": 15747000,
      "ocf": 22710000,
      "capex": -6963000,
      "gross_margin": 0.2584084395797391,
      "op_margin": 0.11233842313868944,
      "fcf_margin": 0.03757579228439914,
      "incr_op_margin_yoy": 1.3606498194945849,
      "rev_growth_yoy": 0.006653807443136369,
      "rev_growth_yoy_accel": 0.08803806350419101,
      "op_leverage_ratio": 1.4813033931500914,
      "fcf_margin_change": 0.016619148212267152
    },
    {
      "date": "2025-09-30T00:00:00",
      "quarter_label": "2025-09 (Q3)",
      "revenue": 420042000,
      "gross_profit": 101683000,
      "operating_income": 37542000,
      "net_income": 25383000,
      "opex": 64141000,
      "cogs": 318359000,
      "rd": null,
      "sga": 59931000,
      "fcf": 53084000,
      "ocf": 65513000,
      "capex": -12429000,
      "gross_margin": 0.24207817313506744,
      "op_margin": 0.08937677660805347,
      "fcf_margin": 0.12637783840663552,
      "incr_op_margin_yoy": -0.13537164505629368,
      "rev_growth_yoy": 0.04670060627808054,
      "rev_growth_yoy_accel": 0.04004679883494418,
      "fcf_margin_change": 0.08880204612223638
    }
  ],
  "signals": [
    {
      "quarter": "2025-09 (Q3)",
      "signal": "FCF MARGIN EXPANSION",
      "detail": "FCF margin: +3.8% -> +12.6% (+8.9%)",
      "severity": "MEDIUM"
    },
    {
      "quarter": "2025-06 (Q2)",
      "signal": "YoY REVENUE GROWTH ACCELERATION",
      "detail": "YoY growth: +0.7% vs prior quarter YoY: -8.1% (accel: +8.8%)",
      "severity": "MEDIUM"
    },
    {
      "quarter": "2025-06 (Q2)",
      "signal": "INCREMENTAL MARGIN (YoY)",
      "detail": "YoY Incr OPM: +136.1% vs year-ago OPM: +10.4%",
      "severity": "HIGH"
    },
    {
      "quarter": "2025-03 (Q1)",
      "signal": "GROSS MARGIN INFLECTION",
      "detail": "GM: +25.1% -> +23.8% -> +26.3% (reversal +2.5%)",
      "severity": "MEDIUM"
    },
    {
      "quarter": "2024-12 (Q4)",
      "signal": "INCREMENTAL MARGIN (YoY)",
      "detail": "YoY Incr OPM: +32.1% vs year-ago OPM: +10.7%",
      "severity": "HIGH"
    },
    {
      "quarter": "2024-09 (Q3)",
      "signal": "FCF MARGIN EXPANSION",
      "detail": "FCF margin: +6.9% -> +22.0% (+15.1%)",
      "severity": "MEDIUM"
    },
    {
      "quarter": "2024-09 (Q3)",
      "signal": "INCREMENTAL MARGIN (YoY)",
      "detail": "YoY Incr OPM: +52.7% vs year-ago OPM: +11.9%",
      "severity": "HIGH"
    },
    {
      "quarter": "2024-06 (Q2)",
      "signal": "FCF TURNED POSITIVE",
      "detail": "FCF margin: -1.3% -> +6.9%",
      "severity": "HIGH"
    },
    {
      "quarter": "2024-06 (Q2)",
      "signal": "YoY REVENUE GROWTH DECELERATION",
      "detail": "YoY growth: -5.5% vs prior quarter YoY: +3.4% (decel: -8.9%)",
      "severity": "WARNING"
    },
    {
      "quarter": "2024-06 (Q2)",
      "signal": "INCREMENTAL MARGIN (YoY)",
      "detail": "YoY Incr OPM: +45.4% vs year-ago OPM: +12.3%",
      "severity": "HIGH"
    },
    {
      "quarter": "2024-03 (Q1)",
      "signal": "OPERATING LEVERAGE",
      "detail": "Rev growth +1.9% vs OpEx growth +0.8% (leverage: 2.3x)",
      "severity": "MEDIUM"
    },
    {
      "quarter": "2023-12 (Q4)",
      "signal": "YoY REVENUE GROWTH DECELERATION",
      "detail": "YoY growth: +8.0% vs prior quarter YoY: +13.8% (decel: -5.8%)",
      "severity": "WARNING"
    },
    {
      "quarter": "2023-09 (Q3)",
      "signal": "INCREMENTAL MARGIN (YoY)",
      "detail": "YoY Incr OPM: +27.4% vs year-ago OPM: +9.7%",
      "severity": "MEDIUM"
    },
    {
      "quarter": "2023-06 (Q2)",
      "signal": "FCF TURNED POSITIVE",
      "detail": "FCF margin: -1.9% -> +6.1%",
      "severity": "HIGH"
    },
    {
      "quarter": "2023-06 (Q2)",
      "signal": "OPERATING LEVERAGE",
      "detail": "Rev growth +7.0% vs OpEx growth +0.3% (leverage: 22.4x)",
      "severity": "MEDIUM"
    },
    {
      "quarter": "2023-06 (Q2)",
      "signal": "INCREMENTAL MARGIN (YoY)",
      "detail": "YoY Incr OPM: +30.3% vs year-ago OPM: +10.3%",
      "severity": "MEDIUM"
    },
    {
      "quarter": "2023-03 (Q1)",
      "signal": "INCREMENTAL MARGIN (YoY)",
      "detail": "YoY Incr OPM: +40.0% vs year-ago OPM: +8.0%",
      "severity": "HIGH"
    },
    {
      "quarter": "2022-12 (Q4)",
      "signal": "YoY REVENUE GROWTH ACCELERATION",
      "detail": "YoY growth: +14.7% vs prior quarter YoY: +9.0% (accel: +5.7%)",
      "severity": "MEDIUM"
    },
    {
      "quarter": "2022-12 (Q4)",
      "signal": "INCREMENTAL MARGIN (YoY)",
      "detail": "YoY Incr OPM: +30.0% vs year-ago OPM: +8.3%",
      "severity": "HIGH"
    },
    {
      "quarter": "2022-09 (Q3)",
      "signal": "INCREMENTAL MARGIN (YoY)",
      "detail": "YoY Incr OPM: +19.0% vs year-ago OPM: +8.9%",
      "severity": "MEDIUM"
    },
    {
      "quarter": "2022-06 (Q2)",
      "signal": "FCF TURNED POSITIVE",
      "detail": "FCF margin: -16.4% -> +0.2%",
      "severity": "HIGH"
    },
    {
      "quarter": "2022-06 (Q2)",
      "signal": "OPERATING LEVERAGE",
      "detail": "Rev growth +9.4% vs OpEx growth +2.2% (leverage: 4.3x)",
      "severity": "MEDIUM"
    },
    {
      "quarter": "2022-03 (Q1)",
      "signal": "OPERATING LEVERAGE",
      "detail": "Rev growth +7.4% vs OpEx growth +3.1% (leverage: 2.4x)",
      "severity": "MEDIUM"
    },
    {
      "quarter": "2021-12 (Q4)",
      "signal": "INCREMENTAL MARGIN (YoY)",
      "detail": "YoY Incr OPM: +25.0% vs year-ago OPM: +5.4%",
      "severity": "MEDIUM"
    },
    {
      "quarter": "2021-09 (Q3)",
      "signal": "FCF MARGIN EXPANSION",
      "detail": "FCF margin: +3.5% -> +8.5% (+5.0%)",
      "severity": "MEDIUM"
    },
    {
      "quarter": "2021-06 (Q2)",
      "signal": "FCF TURNED POSITIVE",
      "detail": "FCF margin: -3.9% -> +3.5%",
      "severity": "HIGH"
    },
    {
      "quarter": "2021-06 (Q2)",
      "signal": "OPERATING LEVERAGE",
      "detail": "Rev growth +11.7% vs OpEx growth +7.0% (leverage: 1.7x)",
      "severity": "MEDIUM"
    },
    {
      "quarter": "2021-03 (Q1)",
      "signal": "OPERATING LEVERAGE",
      "detail": "Rev growth +7.8% vs OpEx growth +0.0% (leverage: 996.5x)",
      "severity": "MEDIUM"
    }
  ],
  "data_quality": {
    "n_quarters": 20,
    "coverage": {
      "revenue": [
        20,
        20
      ],
      "gross_profit": [
        20,
        20
      ],
      "op_income": [
        20,
        20
      ],
      "fcf": [
        20,
        20
      ]
    },
    "gaps": [],
    "warnings": []
  },
  "market_cap": null,
  "source": "SEC EDGAR",
  "last_updated": "2026-02-02T21:31:21.743984",
  "sector": "Industrials",
  "industry": "Farm & Heavy Construction Machinery"
}