{
  "ticker": "ALGM",
  "name": "ALLEGRO MICROSYSTEMS, INC.",
  "quarters": [
    {
      "date": "2021-06-25T00:00:00",
      "quarter_label": "2021-06 (Q2)",
      "revenue": 188142000,
      "gross_profit": 94160000,
      "operating_income": 32242000,
      "net_income": 27669000,
      "opex": 61918000,
      "cogs": 93982000,
      "rd": 29554000,
      "sga": 32064000,
      "fcf": 23149000,
      "ocf": 38495000,
      "capex": -15346000,
      "gross_margin": 0.5004730469538965,
      "op_margin": 0.1713705605340647,
      "fcf_margin": 0.12304004422191749
    },
    {
      "date": "2021-09-24T00:00:00",
      "quarter_label": "2021-09 (Q3)",
      "revenue": 193610000,
      "gross_profit": 102532000,
      "operating_income": 38554000,
      "net_income": 33186000,
      "opex": 63978000,
      "cogs": 91078000,
      "rd": 29590000,
      "sga": 34088000,
      "fcf": 12906000,
      "ocf": 31381000,
      "capex": -18475000,
      "gross_margin": 0.529580083673364,
      "op_margin": 0.19913227622540158,
      "fcf_margin": 0.06665977997004287,
      "op_leverage_ratio": 0.8735594154095343,
      "fcf_margin_change": -0.05638026425187462
    },
    {
      "date": "2021-12-24T00:00:00",
      "quarter_label": "2021-12 (Q4)",
      "revenue": 186629000,
      "gross_profit": 101165000,
      "operating_income": 35605000,
      "net_income": 32936000,
      "opex": 65560000,
      "cogs": 85464000,
      "rd": 30297000,
      "sga": 37963000,
      "fcf": 26711000,
      "ocf": 48682000,
      "capex": -21971000,
      "gross_margin": 0.5420647380632163,
      "op_margin": 0.19077956801997545,
      "fcf_margin": 0.14312352313949064,
      "fcf_margin_change": 0.07646374316944778
    },
    {
      "date": "2022-03-25T00:00:00",
      "quarter_label": "2022-03 (Q1)",
      "revenue": 200293000,
      "gross_profit": 109603000,
      "operating_income": 30249000,
      "net_income": 25616000,
      "opex": 79354000,
      "cogs": 90690000,
      "rd": 32432000,
      "sga": 46822000,
      "fcf": 23422000,
      "ocf": 37571000,
      "capex": -14149000,
      "gross_margin": 0.5472133324679345,
      "op_margin": 0.1510237502059483,
      "fcf_margin": 0.11693868482672884,
      "op_leverage_ratio": 0.34797452250767313,
      "fcf_margin_change": -0.026184838312761805
    },
    {
      "date": "2022-06-24T00:00:00",
      "quarter_label": "2022-06 (Q2)",
      "revenue": 217753000,
      "gross_profit": 118374000,
      "operating_income": 14737000,
      "net_income": 10247000,
      "opex": 103637000,
      "cogs": 99379000,
      "rd": 33857000,
      "sga": 69980000,
      "fcf": 22164000,
      "ocf": 36553000,
      "capex": -14389000,
      "gross_margin": 0.5436159318126501,
      "op_margin": 0.06767759801242693,
      "fcf_margin": 0.10178505003375383,
      "incr_op_margin_yoy": -0.5911654452737158,
      "rev_growth_yoy": 0.15738644215539327,
      "op_leverage_ratio": 0.2848688426592381,
      "fcf_margin_change": -0.015153634792975004
    },
    {
      "date": "2022-09-22T00:00:00",
      "quarter_label": "2022-09 (Q3)",
      "revenue": 237666000,
      "gross_profit": null,
      "operating_income": null,
      "net_income": null,
      "opex": null,
      "cogs": null,
      "rd": null,
      "sga": null,
      "fcf": null,
      "ocf": null,
      "capex": null,
      "gross_margin": null,
      "op_margin": null,
      "fcf_margin": null,
      "rev_growth_yoy": 0.22755022984349982,
      "rev_growth_yoy_accel": 0.07016378768810655
    },
    {
      "date": "2022-09-23T00:00:00",
      "quarter_label": "2022-09 (Q3)",
      "revenue": 237666000,
      "gross_profit": 132022000,
      "operating_income": 59838000,
      "net_income": 50614000,
      "opex": 72184000,
      "cogs": 83962000,
      "rd": 35567000,
      "sga": 39117000,
      "fcf": 34420000,
      "ocf": 55251000,
      "capex": -20831000,
      "gross_margin": 0.5554938443025086,
      "op_margin": 0.2517734972608619,
      "fcf_margin": 0.14482509067346613,
      "incr_op_margin_yoy": 0.48311240239694936,
      "rev_growth_yoy": 0.22755022984349982,
      "rev_growth_yoy_accel": 0.0
    },
    {
      "date": "2022-12-23T00:00:00",
      "quarter_label": "2022-12 (Q4)",
      "revenue": 248789000,
      "gross_profit": 142594000,
      "operating_income": 65628000,
      "net_income": 64519000,
      "opex": 76966000,
      "cogs": 84776000,
      "rd": 39593000,
      "sga": 37373000,
      "fcf": 39511000,
      "ocf": 53854000,
      "capex": -14343000,
      "gross_margin": 0.5731523499833192,
      "op_margin": 0.2637897977804485,
      "fcf_margin": 0.158813291584435,
      "incr_op_margin_yoy": 0.4829954954954955,
      "rev_growth_yoy": 0.3330672082045127,
      "rev_growth_yoy_accel": 0.10551697836101287,
      "op_leverage_ratio": 0.7064578461196644,
      "fcf_margin_change": 0.013988200910968862
    },
    {
      "date": "2023-03-31T00:00:00",
      "quarter_label": "2023-03 (Q1)",
      "revenue": 269445000,
      "gross_profit": 153089000,
      "operating_income": 63104000,
      "net_income": 61977000,
      "opex": 89985000,
      "cogs": 100585000,
      "rd": 41833000,
      "sga": 48252000,
      "fcf": 17336000,
      "ocf": 47548000,
      "capex": -30212000,
      "gross_margin": 0.5681641893521869,
      "op_margin": 0.23419992948468146,
      "fcf_margin": 0.06433966115533782,
      "incr_op_margin_yoy": 0.47511279500231374,
      "rev_growth_yoy": 0.34525420259320094,
      "rev_growth_yoy_accel": 0.012186994388688255,
      "op_leverage_ratio": 0.4908359227515552,
      "fcf_margin_change": -0.09447363042909718
    },
    {
      "date": "2023-06-30T00:00:00",
      "quarter_label": "2023-06 (Q2)",
      "revenue": 278293000,
      "gross_profit": 157950000,
      "operating_income": 70746000,
      "net_income": 60850000,
      "opex": 87204000,
      "cogs": 120343000,
      "rd": 42975000,
      "sga": 44229000,
      "fcf": 4753000,
      "ocf": 49663000,
      "capex": -44910000,
      "gross_margin": 0.5675672762160744,
      "op_margin": 0.25421408371752074,
      "fcf_margin": 0.017079121645172533,
      "incr_op_margin_yoy": 0.9251569210439379,
      "rev_growth_yoy": 0.2780214279481798,
      "rev_growth_yoy_accel": -0.06723277464502114,
      "op_leverage_ratio": Infinity,
      "fcf_margin_change": -0.04726053951016529
    },
    {
      "date": "2023-09-29T00:00:00",
      "quarter_label": "2023-09 (Q3)",
      "revenue": 275509000,
      "gross_profit": 159503000,
      "operating_income": 72915000,
      "net_income": 65617000,
      "opex": 86588000,
      "cogs": 114095000,
      "rd": 43428000,
      "sga": 43160000,
      "fcf": 15539000,
      "ocf": 46730000,
      "capex": -31191000,
      "gross_margin": 0.5789393449941744,
      "op_margin": 0.2646556010874418,
      "fcf_margin": 0.056401061308342014,
      "incr_op_margin_yoy": 0.34555928441191236,
      "rev_growth_yoy": 0.15922765561754731,
      "rev_growth_yoy_accel": -0.11879377233063249,
      "fcf_margin_change": 0.03932193966316948
    },
    {
      "date": "2023-12-29T00:00:00",
      "quarter_label": "2023-12 (Q4)",
      "revenue": 254984000,
      "gross_profit": 133828000,
      "operating_income": 36686000,
      "net_income": 33345000,
      "opex": 97142000,
      "cogs": 121156000,
      "rd": 44396000,
      "sga": 52746000,
      "fcf": 38159000,
      "ocf": 72558000,
      "capex": -34399000,
      "gross_margin": 0.5248486179524989,
      "op_margin": 0.14387569416120227,
      "fcf_margin": 0.14965252721739403,
      "incr_op_margin_yoy": -4.6718321226795805,
      "rev_growth_yoy": 0.024900618596481357,
      "rev_growth_yoy_accel": -0.13432703702106596,
      "fcf_margin_change": 0.093251465909052
    },
    {
      "date": "2024-03-29T00:00:00",
      "quarter_label": "2024-03 (Q1)",
      "revenue": 240581000,
      "gross_profit": 123248000,
      "operating_income": 15897000,
      "net_income": -7115000,
      "opex": 107351000,
      "cogs": 117333000,
      "rd": 45839000,
      "sga": 48294000,
      "fcf": -1508000,
      "ocf": 12764000,
      "capex": -14272000,
      "gross_margin": 0.5122931569824716,
      "op_margin": 0.06607753729513137,
      "fcf_margin": -0.006268159164688816,
      "incr_op_margin_yoy": 1.6354975055432373,
      "rev_growth_yoy": -0.10712390283731374,
      "rev_growth_yoy_accel": -0.1320245214337951,
      "fcf_margin_change": -0.15592068638208284
    },
    {
      "date": "2024-06-28T00:00:00",
      "quarter_label": "2024-06 (Q2)",
      "revenue": 166919000,
      "gross_profit": 74771000,
      "operating_income": -10630000,
      "net_income": -17675000,
      "opex": 85401000,
      "cogs": 92148000,
      "rd": 45204000,
      "sga": 40197000,
      "fcf": 23219000,
      "ocf": 34196000,
      "capex": -10977000,
      "gross_margin": 0.44794780702017145,
      "op_margin": -0.06368358305525434,
      "fcf_margin": 0.13910339745625125,
      "incr_op_margin_yoy": 0.7306552696320505,
      "rev_growth_yoy": -0.4002041014326627,
      "rev_growth_yoy_accel": -0.29308019859534895,
      "fcf_margin_change": 0.14537155662094006
    },
    {
      "date": "2024-09-27T00:00:00",
      "quarter_label": "2024-09 (Q3)",
      "revenue": 187391000,
      "gross_profit": 85662000,
      "operating_income": 4067000,
      "net_income": -33675000,
      "opex": 81595000,
      "cogs": 101729000,
      "rd": 43510000,
      "sga": 38085000,
      "fcf": 5575000,
      "ocf": 15547000,
      "capex": -9972000,
      "gross_margin": 0.45712974475828616,
      "op_margin": 0.021703283508813124,
      "fcf_margin": 0.02975062836528969,
      "incr_op_margin_yoy": 0.7813159626863978,
      "rev_growth_yoy": -0.3198371015102955,
      "rev_growth_yoy_accel": 0.08036699992236723,
      "op_leverage_ratio": Infinity,
      "fcf_margin_change": -0.10935276909096156
    },
    {
      "date": "2024-12-27T00:00:00",
      "quarter_label": "2024-12 (Q4)",
      "revenue": 177872000,
      "gross_profit": 81215000,
      "operating_income": -41000,
      "net_income": -6860000,
      "opex": 81256000,
      "cogs": 96657000,
      "rd": 43317000,
      "sga": 37939000,
      "fcf": -21798000,
      "ocf": -8183000,
      "capex": -13615000,
      "gross_margin": 0.45659238103804983,
      "op_margin": -0.00023050283349824592,
      "fcf_margin": -0.12254879913645768,
      "incr_op_margin_yoy": 0.47628125324203757,
      "rev_growth_yoy": -0.3024189753082546,
      "rev_growth_yoy_accel": 0.017418126202040862,
      "fcf_margin_change": -0.15229942750174735
    },
    {
      "date": "2025-03-28T00:00:00",
      "quarter_label": "2025-03 (Q1)",
      "revenue": 192824000,
      "gross_profit": 79879000,
      "operating_income": -13198000,
      "net_income": -14800000,
      "opex": 93077000,
      "cogs": 112945000,
      "rd": 47618000,
      "sga": 45459000,
      "fcf": 14962000,
      "ocf": 20353000,
      "capex": -5391000,
      "gross_margin": 0.4142585985147077,
      "op_margin": -0.06844583661784841,
      "fcf_margin": 0.07759407542629548,
      "incr_op_margin_yoy": 0.609230060514689,
      "rev_growth_yoy": -0.19850694776395475,
      "rev_growth_yoy_accel": 0.10391202754429987,
      "op_leverage_ratio": 0.5778204686276447,
      "fcf_margin_change": 0.20014287456275315
    },
    {
      "date": "2025-06-27T00:00:00",
      "quarter_label": "2025-06 (Q2)",
      "revenue": 203405000,
      "gross_profit": 91302000,
      "operating_income": -2740000,
      "net_income": -13227000,
      "opex": 94042000,
      "cogs": 112103000,
      "rd": 46500000,
      "sga": 47542000,
      "fcf": 51018000,
      "ocf": 61618000,
      "capex": -10600000,
      "gross_margin": 0.44886802192669795,
      "op_margin": -0.013470661979794006,
      "fcf_margin": 0.25081979302377033,
      "incr_op_margin_yoy": 0.21624732774214767,
      "rev_growth_yoy": 0.21858506221580526,
      "rev_growth_yoy_accel": 0.41709200997976004,
      "op_leverage_ratio": 5.292741583562255,
      "fcf_margin_change": 0.17322571759747485
    },
    {
      "date": "2025-09-26T00:00:00",
      "quarter_label": "2025-09 (Q3)",
      "revenue": 214294000,
      "gross_profit": 99292000,
      "operating_income": 6243000,
      "net_income": 6519000,
      "opex": 93049000,
      "cogs": 115002000,
      "rd": 50891000,
      "sga": 42158000,
      "fcf": 13918000,
      "ocf": 20362000,
      "capex": -6444000,
      "gross_margin": 0.46334475066964076,
      "op_margin": 0.029132873528890216,
      "fcf_margin": 0.0649481553379936,
      "incr_op_margin_yoy": 0.08088317288034792,
      "rev_growth_yoy": 0.14356612644150465,
      "rev_growth_yoy_accel": -0.0750189357743006,
      "op_leverage_ratio": Infinity,
      "fcf_margin_change": -0.18587163768577675
    },
    {
      "date": "2025-12-26T00:00:00",
      "quarter_label": "2025-12 (Q4)",
      "revenue": 229210000,
      "gross_profit": 107101000,
      "operating_income": 9574000,
      "net_income": 8299000,
      "opex": 97527000,
      "cogs": 122109000,
      "rd": 52878000,
      "sga": 44649000,
      "fcf": 41259000,
      "ocf": 45375000,
      "capex": -4116000,
      "gross_margin": 0.4672614632869421,
      "op_margin": 0.04176955630208106,
      "fcf_margin": 0.1800052353736748,
      "incr_op_margin_yoy": 0.18728816860804862,
      "rev_growth_yoy": 0.28862327966177925,
      "rev_growth_yoy_accel": 0.1450571532202746,
      "op_leverage_ratio": 1.446338624258918,
      "fcf_margin_change": 0.1150570800356812
    }
  ],
  "signals": [
    {
      "quarter": "2025-12 (Q4)",
      "signal": "FCF MARGIN EXPANSION",
      "detail": "FCF margin: +6.5% -> +18.0% (+11.5%)",
      "severity": "MEDIUM"
    },
    {
      "quarter": "2025-12 (Q4)",
      "signal": "YoY REVENUE GROWTH ACCELERATION",
      "detail": "YoY growth: +28.9% vs prior quarter YoY: +14.4% (accel: +14.5%)",
      "severity": "MEDIUM"
    },
    {
      "quarter": "2025-12 (Q4)",
      "signal": "OP MARGIN TURNED POSITIVE (YoY)",
      "detail": "Op margin: -0.0% (year-ago) -> +4.2%",
      "severity": "HIGH"
    },
    {
      "quarter": "2025-09 (Q3)",
      "signal": "YoY REVENUE GROWTH DECELERATION",
      "detail": "YoY growth: +14.4% vs prior quarter YoY: +21.9% (decel: -7.5%)",
      "severity": "WARNING"
    },
    {
      "quarter": "2025-09 (Q3)",
      "signal": "OP MARGIN TURNED POSITIVE (QoQ)",
      "detail": "Op margin: -1.3% -> +2.9%",
      "severity": "HIGH"
    },
    {
      "quarter": "2025-06 (Q2)",
      "signal": "FCF MARGIN EXPANSION",
      "detail": "FCF margin: +7.8% -> +25.1% (+17.3%)",
      "severity": "MEDIUM"
    },
    {
      "quarter": "2025-06 (Q2)",
      "signal": "OPERATING LEVERAGE",
      "detail": "Rev growth +5.5% vs OpEx growth +1.0% (leverage: 5.3x)",
      "severity": "MEDIUM"
    },
    {
      "quarter": "2025-06 (Q2)",
      "signal": "GROSS MARGIN INFLECTION",
      "detail": "GM: +45.7% -> +41.4% -> +44.9% (reversal +3.5%)",
      "severity": "MEDIUM"
    },
    {
      "quarter": "2025-06 (Q2)",
      "signal": "YoY REVENUE GROWTH ACCELERATION",
      "detail": "YoY growth: +21.9% vs prior quarter YoY: -19.9% (accel: +41.7%)",
      "severity": "HIGH"
    },
    {
      "quarter": "2025-03 (Q1)",
      "signal": "FCF TURNED POSITIVE",
      "detail": "FCF margin: -12.3% -> +7.8%",
      "severity": "HIGH"
    },
    {
      "quarter": "2025-03 (Q1)",
      "signal": "YoY REVENUE GROWTH ACCELERATION",
      "detail": "YoY growth: -19.9% vs prior quarter YoY: -30.2% (accel: +10.4%)",
      "severity": "MEDIUM"
    },
    {
      "quarter": "2024-09 (Q3)",
      "signal": "YoY REVENUE GROWTH ACCELERATION",
      "detail": "YoY growth: -32.0% vs prior quarter YoY: -40.0% (accel: +8.0%)",
      "severity": "MEDIUM"
    },
    {
      "quarter": "2024-09 (Q3)",
      "signal": "INCREMENTAL MARGIN (YoY)",
      "detail": "YoY Incr OPM: +78.1% vs year-ago OPM: +26.5%",
      "severity": "HIGH"
    },
    {
      "quarter": "2024-09 (Q3)",
      "signal": "OP MARGIN TURNED POSITIVE (QoQ)",
      "detail": "Op margin: -6.4% -> +2.2%",
      "severity": "HIGH"
    },
    {
      "quarter": "2024-06 (Q2)",
      "signal": "FCF TURNED POSITIVE",
      "detail": "FCF margin: -0.6% -> +13.9%",
      "severity": "HIGH"
    },
    {
      "quarter": "2024-06 (Q2)",
      "signal": "YoY REVENUE GROWTH DECELERATION",
      "detail": "YoY growth: -40.0% vs prior quarter YoY: -10.7% (decel: -29.3%)",
      "severity": "WARNING"
    },
    {
      "quarter": "2024-03 (Q1)",
      "signal": "YoY REVENUE GROWTH DECELERATION",
      "detail": "YoY growth: -10.7% vs prior quarter YoY: +2.5% (decel: -13.2%)",
      "severity": "WARNING"
    },
    {
      "quarter": "2024-03 (Q1)",
      "signal": "INCREMENTAL MARGIN (YoY)",
      "detail": "YoY Incr OPM: +163.5% vs year-ago OPM: +23.4%",
      "severity": "HIGH"
    },
    {
      "quarter": "2023-12 (Q4)",
      "signal": "FCF MARGIN EXPANSION",
      "detail": "FCF margin: +5.6% -> +15.0% (+9.3%)",
      "severity": "MEDIUM"
    },
    {
      "quarter": "2023-12 (Q4)",
      "signal": "YoY REVENUE GROWTH DECELERATION",
      "detail": "YoY growth: +2.5% vs prior quarter YoY: +15.9% (decel: -13.4%)",
      "severity": "WARNING"
    },
    {
      "quarter": "2023-09 (Q3)",
      "signal": "YoY REVENUE GROWTH DECELERATION",
      "detail": "YoY growth: +15.9% vs prior quarter YoY: +27.8% (decel: -11.9%)",
      "severity": "WARNING"
    },
    {
      "quarter": "2023-06 (Q2)",
      "signal": "YoY REVENUE GROWTH DECELERATION",
      "detail": "YoY growth: +27.8% vs prior quarter YoY: +34.5% (decel: -6.7%)",
      "severity": "WARNING"
    },
    {
      "quarter": "2023-06 (Q2)",
      "signal": "INCREMENTAL MARGIN (YoY)",
      "detail": "YoY Incr OPM: +92.5% vs year-ago OPM: +6.8%",
      "severity": "HIGH"
    },
    {
      "quarter": "2023-03 (Q1)",
      "signal": "INCREMENTAL MARGIN (YoY)",
      "detail": "YoY Incr OPM: +47.5% vs year-ago OPM: +15.1%",
      "severity": "HIGH"
    },
    {
      "quarter": "2022-12 (Q4)",
      "signal": "YoY REVENUE GROWTH ACCELERATION",
      "detail": "YoY growth: +33.3% vs prior quarter YoY: +22.8% (accel: +10.6%)",
      "severity": "MEDIUM"
    },
    {
      "quarter": "2022-12 (Q4)",
      "signal": "INCREMENTAL MARGIN (YoY)",
      "detail": "YoY Incr OPM: +48.3% vs year-ago OPM: +19.1%",
      "severity": "HIGH"
    },
    {
      "quarter": "2022-09 (Q3)",
      "signal": "INCREMENTAL MARGIN (YoY)",
      "detail": "YoY Incr OPM: +48.3% vs year-ago OPM: +19.9%",
      "severity": "HIGH"
    },
    {
      "quarter": "2022-09 (Q3)",
      "signal": "YoY REVENUE GROWTH ACCELERATION",
      "detail": "YoY growth: +22.8% vs prior quarter YoY: +15.7% (accel: +7.0%)",
      "severity": "MEDIUM"
    },
    {
      "quarter": "2021-12 (Q4)",
      "signal": "FCF MARGIN EXPANSION",
      "detail": "FCF margin: +6.7% -> +14.3% (+7.6%)",
      "severity": "MEDIUM"
    }
  ],
  "data_quality": {
    "n_quarters": 20,
    "coverage": {
      "revenue": [
        20,
        20
      ],
      "gross_profit": [
        19,
        20
      ],
      "op_income": [
        19,
        20
      ],
      "fcf": [
        19,
        20
      ]
    },
    "gaps": [],
    "warnings": []
  },
  "market_cap": null,
  "source": "SEC EDGAR",
  "last_updated": "2026-02-03T16:23:17.155137",
  "sector": "Technology",
  "industry": "Semiconductors"
}