{
  "ticker": "ALGN",
  "name": "ALIGN TECHNOLOGY,\u00a0INC.",
  "quarters": [
    {
      "date": "2020-12-31T00:00:00",
      "quarter_label": "2020-12 (Q4)",
      "revenue": 834520000,
      "gross_profit": 610463000,
      "operating_income": 213184000,
      "net_income": 158988000,
      "opex": 397279000,
      "cogs": 224057000,
      "rd": 48887000,
      "sga": 348392000,
      "fcf": 328259000,
      "ocf": 381418000,
      "capex": -53159000,
      "gross_margin": 0.7315139241719791,
      "op_margin": 0.25545702919043284,
      "fcf_margin": 0.39335066864784546
    },
    {
      "date": "2021-03-31T00:00:00",
      "quarter_label": "2021-03 (Q1)",
      "revenue": 894771000,
      "gross_profit": 677098000,
      "operating_income": 225446000,
      "net_income": 200376000,
      "opex": 451652000,
      "cogs": 217673000,
      "rd": 54537000,
      "sga": 397115000,
      "fcf": 183756000,
      "ocf": 227187000,
      "capex": -43431000,
      "gross_margin": 0.7567276990425483,
      "op_margin": 0.2519594399013826,
      "fcf_margin": 0.2053665127725418,
      "op_leverage_ratio": 0.5275210854566263,
      "fcf_margin_change": -0.18798415587530365
    },
    {
      "date": "2021-06-30T00:00:00",
      "quarter_label": "2021-06 (Q2)",
      "revenue": 1010808000,
      "gross_profit": 758538000,
      "operating_income": 268902000,
      "net_income": 199714000,
      "opex": 489636000,
      "cogs": 252270000,
      "rd": 57715000,
      "sga": 431921000,
      "fcf": 193267000,
      "ocf": 317504000,
      "capex": -124237000,
      "gross_margin": 0.7504273808675832,
      "op_margin": 0.26602678253436857,
      "fcf_margin": 0.1912005049425806,
      "op_leverage_ratio": 1.5420122811174033,
      "fcf_margin_change": -0.014166007829961219
    },
    {
      "date": "2021-09-30T00:00:00",
      "quarter_label": "2021-09 (Q3)",
      "revenue": 1015906000,
      "gross_profit": 755156000,
      "operating_income": 261160000,
      "net_income": 180969000,
      "opex": 493996000,
      "cogs": 260750000,
      "rd": 65587000,
      "sga": 428409000,
      "fcf": 230670000,
      "ocf": 355004000,
      "capex": -124334000,
      "gross_margin": 0.7433325524211886,
      "op_margin": 0.25707102822505234,
      "fcf_margin": 0.2270584089472845,
      "fcf_margin_change": 0.0358579040047039
    },
    {
      "date": "2021-12-31T00:00:00",
      "quarter_label": "2021-12 (Q4)",
      "revenue": 1031099000,
      "gross_profit": 744563000,
      "operating_income": 220892000,
      "net_income": 190961000,
      "opex": 523671000,
      "cogs": 286536000,
      "rd": 72476000,
      "sga": 451195000,
      "fcf": 163753000,
      "ocf": 272849000,
      "capex": -109096000,
      "gross_margin": 0.7221062187045085,
      "op_margin": 0.21422967144764954,
      "fcf_margin": 0.15881404210458938,
      "incr_op_margin_yoy": 0.03921069900650629,
      "rev_growth_yoy": 0.2355593634664238,
      "op_leverage_ratio": 0.2489560686474102,
      "fcf_margin_change": -0.06824436684269511
    },
    {
      "date": "2022-03-31T00:00:00",
      "quarter_label": "2022-03 (Q1)",
      "revenue": 973219000,
      "gross_profit": 709346000,
      "operating_income": 198082000,
      "net_income": 134298000,
      "opex": 511264000,
      "cogs": 263873000,
      "rd": 71807000,
      "sga": 439457000,
      "fcf": -56830000,
      "ocf": 30498000,
      "capex": -87328000,
      "gross_margin": 0.7288657537512112,
      "op_margin": 0.203532812244726,
      "fcf_margin": -0.0583938455784361,
      "incr_op_margin_yoy": -0.3488170507852335,
      "rev_growth_yoy": 0.08767382939321905,
      "rev_growth_yoy_accel": -0.14788553407320476,
      "fcf_margin_change": -0.21720788768302549
    },
    {
      "date": "2022-06-30T00:00:00",
      "quarter_label": "2022-06 (Q2)",
      "revenue": 969553000,
      "gross_profit": 687559000,
      "operating_income": 188196000,
      "net_income": 112800000,
      "opex": 499363000,
      "cogs": 281994000,
      "rd": 72965000,
      "sga": 426398000,
      "fcf": 51025000,
      "ocf": 127045000,
      "capex": -76020000,
      "gross_margin": 0.7091505054391044,
      "op_margin": 0.1941059436668238,
      "fcf_margin": 0.052627344766093244,
      "incr_op_margin_yoy": 1.956271967034299,
      "rev_growth_yoy": -0.040813883546628044,
      "rev_growth_yoy_accel": -0.1284877129398471,
      "fcf_margin_change": 0.11102119034452934
    },
    {
      "date": "2022-09-30T00:00:00",
      "quarter_label": "2022-09 (Q3)",
      "revenue": 890348000,
      "gross_profit": 619169000,
      "operating_income": 143656000,
      "net_income": 72700000,
      "opex": 475513000,
      "cogs": 271179000,
      "rd": 76966000,
      "sga": 398547000,
      "fcf": 191134000,
      "ocf": 266482000,
      "capex": -75348000,
      "gross_margin": 0.6954235871816413,
      "op_margin": 0.16134814701667213,
      "fcf_margin": 0.2146733636735299,
      "incr_op_margin_yoy": 0.9358543461985696,
      "rev_growth_yoy": -0.12359214336759504,
      "rev_growth_yoy_accel": -0.082778259820967,
      "fcf_margin_change": 0.16204601890743667
    },
    {
      "date": "2022-12-31T00:00:00",
      "quarter_label": "2022-12 (Q4)",
      "revenue": 901515000,
      "gross_profit": 617701000,
      "operating_income": 112661000,
      "net_income": 41775000,
      "opex": 505040000,
      "cogs": 283814000,
      "rd": 83520000,
      "sga": 410067000,
      "fcf": 91503000,
      "ocf": 144707000,
      "capex": -53204000,
      "gross_margin": 0.6851810563329507,
      "op_margin": 0.12496852520479415,
      "fcf_margin": 0.10149914310909969,
      "incr_op_margin_yoy": 0.8352188541795283,
      "rev_growth_yoy": -0.12567561407779465,
      "rev_growth_yoy_accel": -0.0020834707101996114,
      "op_leverage_ratio": 0.20198531650090465,
      "fcf_margin_change": -0.11317422056443022
    },
    {
      "date": "2023-03-31T00:00:00",
      "quarter_label": "2023-03 (Q1)",
      "revenue": 943147000,
      "gross_profit": 660654000,
      "operating_income": 133516000,
      "net_income": 87798000,
      "opex": 527138000,
      "cogs": 282493000,
      "rd": 87447000,
      "sga": 439691000,
      "fcf": 135776000,
      "ocf": 199895000,
      "capex": -64119000,
      "gross_margin": 0.7004782923552744,
      "op_margin": 0.14156435847222118,
      "fcf_margin": 0.14396059150906487,
      "incr_op_margin_yoy": 2.147047086991221,
      "rev_growth_yoy": -0.03089952004636161,
      "rev_growth_yoy_accel": 0.09477609403143304,
      "op_leverage_ratio": 1.0554243866380402,
      "fcf_margin_change": 0.042461448399965185
    },
    {
      "date": "2023-06-30T00:00:00",
      "quarter_label": "2023-06 (Q2)",
      "revenue": 1002173000,
      "gross_profit": 713609000,
      "operating_income": 171931000,
      "net_income": 111814000,
      "opex": 541678000,
      "cogs": 288564000,
      "rd": 88485000,
      "sga": 453193000,
      "fcf": 193232000,
      "ocf": 251777000,
      "capex": -58545000,
      "gross_margin": 0.7120616899477435,
      "op_margin": 0.17155820402265876,
      "fcf_margin": 0.19281301731337802,
      "incr_op_margin_yoy": -0.49862047823421213,
      "rev_growth_yoy": 0.033644370137578865,
      "rev_growth_yoy_accel": 0.06454389018394047,
      "op_leverage_ratio": 2.2689445571788927,
      "fcf_margin_change": 0.04885242580431315
    },
    {
      "date": "2023-09-30T00:00:00",
      "quarter_label": "2023-09 (Q3)",
      "revenue": 960214000,
      "gross_profit": 663076000,
      "operating_income": 166346000,
      "net_income": 121427000,
      "opex": 496730000,
      "cogs": 297138000,
      "rd": 88738000,
      "sga": 407992000,
      "fcf": 265568000,
      "ocf": 287206000,
      "capex": -21638000,
      "gross_margin": 0.6905502315108923,
      "op_margin": 0.17323846559204512,
      "fcf_margin": 0.27657168089613354,
      "incr_op_margin_yoy": 0.3247645492800504,
      "rev_growth_yoy": 0.07847044077147362,
      "rev_growth_yoy_accel": 0.04482607063389476,
      "fcf_margin_change": 0.08375866358275552
    },
    {
      "date": "2023-12-31T00:00:00",
      "quarter_label": "2023-12 (Q4)",
      "revenue": 956726000,
      "gross_profit": 669524000,
      "operating_income": 171545000,
      "net_income": 124014000,
      "opex": 497979000,
      "cogs": 287202000,
      "rd": 82160000,
      "sga": 402503000,
      "fcf": 13484000,
      "ocf": 46898000,
      "capex": -33414000,
      "gross_margin": 0.699807468386978,
      "op_margin": 0.17930421040088804,
      "fcf_margin": 0.014093899402754812,
      "incr_op_margin_yoy": 1.0665265979605514,
      "rev_growth_yoy": 0.06124246407436371,
      "rev_growth_yoy_accel": -0.01722797669710991,
      "fcf_margin_change": -0.26247778149337875
    },
    {
      "date": "2024-03-31T00:00:00",
      "quarter_label": "2024-03 (Q1)",
      "revenue": 997431000,
      "gross_profit": 697816000,
      "operating_income": 154135000,
      "net_income": 105028000,
      "opex": 543681000,
      "cogs": 299615000,
      "rd": 91859000,
      "sga": 451822000,
      "fcf": 19295000,
      "ocf": 28664000,
      "capex": -9369000,
      "gross_margin": 0.6996133065846158,
      "op_margin": 0.1545319926892186,
      "fcf_margin": 0.019344696525373684,
      "incr_op_margin_yoy": 0.3798356790214428,
      "rev_growth_yoy": 0.057556245208859276,
      "rev_growth_yoy_accel": -0.003686218865504437,
      "op_leverage_ratio": 0.46359207729035484,
      "fcf_margin_change": 0.005250797122618871
    },
    {
      "date": "2024-06-30T00:00:00",
      "quarter_label": "2024-06 (Q2)",
      "revenue": 1028490000,
      "gross_profit": 722628000,
      "operating_income": 147046000,
      "net_income": 96564000,
      "opex": 575582000,
      "cogs": 305862000,
      "rd": 92193000,
      "sga": 452262000,
      "fcf": 106377000,
      "ocf": 159827000,
      "capex": -53450000,
      "gross_margin": 0.7026106233410145,
      "op_margin": 0.14297270756157085,
      "fcf_margin": 0.10343027156316542,
      "incr_op_margin_yoy": -0.945586503020861,
      "rev_growth_yoy": 0.026259937156558798,
      "rev_growth_yoy_accel": -0.03129630805230048,
      "op_leverage_ratio": 0.5306943521606577,
      "fcf_margin_change": 0.08408557503779174
    },
    {
      "date": "2024-09-30T00:00:00",
      "quarter_label": "2024-09 (Q3)",
      "revenue": 977872000,
      "gross_profit": 681774000,
      "operating_income": 162298000,
      "net_income": 115963000,
      "opex": 519476000,
      "cogs": 296098000,
      "rd": 85272000,
      "sga": 434138000,
      "fcf": 233862000,
      "ocf": 263662000,
      "capex": -29800000,
      "gross_margin": 0.6972016787473208,
      "op_margin": 0.16597059737879805,
      "fcf_margin": 0.23915399970548293,
      "incr_op_margin_yoy": -0.2292445350549326,
      "rev_growth_yoy": 0.01838965064037808,
      "rev_growth_yoy_accel": -0.007870286516180717,
      "fcf_margin_change": 0.1357237281423175
    },
    {
      "date": "2024-12-31T00:00:00",
      "quarter_label": "2024-12 (Q4)",
      "revenue": 995219000,
      "gross_profit": 696941000,
      "operating_income": 144149000,
      "net_income": 103807000,
      "opex": 552792000,
      "cogs": 298278000,
      "rd": 94878000,
      "sga": 424971000,
      "fcf": 263117000,
      "ocf": 286078000,
      "capex": -22961000,
      "gross_margin": 0.7002890821015274,
      "op_margin": 0.14484148715006445,
      "fcf_margin": 0.2643810055877149,
      "incr_op_margin_yoy": -0.7117138180967968,
      "rev_growth_yoy": 0.040234090011142164,
      "rev_growth_yoy_accel": 0.021844439370764083,
      "op_leverage_ratio": 0.2766017999909882,
      "fcf_margin_change": 0.02522700588223195
    },
    {
      "date": "2025-03-31T00:00:00",
      "quarter_label": "2025-03 (Q1)",
      "revenue": 979262000,
      "gross_profit": 680108000,
      "operating_income": 131100000,
      "net_income": 93230000,
      "opex": 549008000,
      "cogs": 299154000,
      "rd": 97201000,
      "sga": 447629000,
      "fcf": 27387000,
      "ocf": 52676000,
      "capex": -25289000,
      "gross_margin": 0.6945107642285722,
      "op_margin": 0.13387632727502957,
      "fcf_margin": 0.027966979214959838,
      "incr_op_margin_yoy": 1.2678188122626453,
      "rev_growth_yoy": -0.018215796380902538,
      "rev_growth_yoy_accel": -0.0584498863920447,
      "fcf_margin_change": -0.23641402637275505
    },
    {
      "date": "2025-06-30T00:00:00",
      "quarter_label": "2025-06 (Q2)",
      "revenue": 1012449000,
      "gross_profit": 708117000,
      "operating_income": 163033000,
      "net_income": 124608000,
      "opex": 545084000,
      "cogs": 304332000,
      "rd": 96398000,
      "sga": 448686000,
      "fcf": 107171000,
      "ocf": 128650000,
      "capex": -21479000,
      "gross_margin": 0.6994100443577899,
      "op_margin": 0.1610283579716114,
      "fcf_margin": 0.1058532331011241,
      "incr_op_margin_yoy": -0.996633626332523,
      "rev_growth_yoy": -0.015596651401569291,
      "rev_growth_yoy_accel": 0.0026191449793332468,
      "op_leverage_ratio": Infinity,
      "fcf_margin_change": 0.07788625388616427
    },
    {
      "date": "2025-09-30T00:00:00",
      "quarter_label": "2025-09 (Q3)",
      "revenue": 995692000,
      "gross_profit": 639201000,
      "operating_income": 96298000,
      "net_income": 56753000,
      "opex": 542903000,
      "cogs": 356491000,
      "rd": 93276000,
      "sga": 417800000,
      "fcf": 168959000,
      "ocf": 188720000,
      "capex": -19761000,
      "gross_margin": 0.6419665920786749,
      "op_margin": 0.09671464669797487,
      "fcf_margin": 0.1696900246260892,
      "incr_op_margin_yoy": -3.7037037037037037,
      "rev_growth_yoy": 0.018223243941947413,
      "rev_growth_yoy_accel": 0.033819895343516704,
      "fcf_margin_change": 0.0638367915249651
    }
  ],
  "signals": [
    {
      "quarter": "2025-09 (Q3)",
      "signal": "FCF MARGIN EXPANSION",
      "detail": "FCF margin: +10.6% -> +17.0% (+6.4%)",
      "severity": "MEDIUM"
    },
    {
      "quarter": "2025-06 (Q2)",
      "signal": "FCF MARGIN EXPANSION",
      "detail": "FCF margin: +2.8% -> +10.6% (+7.8%)",
      "severity": "MEDIUM"
    },
    {
      "quarter": "2025-03 (Q1)",
      "signal": "YoY REVENUE GROWTH DECELERATION",
      "detail": "YoY growth: -1.8% vs prior quarter YoY: +4.0% (decel: -5.8%)",
      "severity": "WARNING"
    },
    {
      "quarter": "2025-03 (Q1)",
      "signal": "INCREMENTAL MARGIN (YoY)",
      "detail": "YoY Incr OPM: +126.8% vs year-ago OPM: +15.5%",
      "severity": "HIGH"
    },
    {
      "quarter": "2024-09 (Q3)",
      "signal": "FCF MARGIN EXPANSION",
      "detail": "FCF margin: +10.3% -> +23.9% (+13.6%)",
      "severity": "MEDIUM"
    },
    {
      "quarter": "2024-06 (Q2)",
      "signal": "FCF MARGIN EXPANSION",
      "detail": "FCF margin: +1.9% -> +10.3% (+8.4%)",
      "severity": "MEDIUM"
    },
    {
      "quarter": "2024-03 (Q1)",
      "signal": "INCREMENTAL MARGIN (YoY)",
      "detail": "YoY Incr OPM: +38.0% vs year-ago OPM: +14.2%",
      "severity": "HIGH"
    },
    {
      "quarter": "2023-12 (Q4)",
      "signal": "INCREMENTAL MARGIN (YoY)",
      "detail": "YoY Incr OPM: +106.7% vs year-ago OPM: +12.5%",
      "severity": "HIGH"
    },
    {
      "quarter": "2023-09 (Q3)",
      "signal": "FCF MARGIN EXPANSION",
      "detail": "FCF margin: +19.3% -> +27.7% (+8.4%)",
      "severity": "MEDIUM"
    },
    {
      "quarter": "2023-09 (Q3)",
      "signal": "INCREMENTAL MARGIN (YoY)",
      "detail": "YoY Incr OPM: +32.5% vs year-ago OPM: +16.1%",
      "severity": "MEDIUM"
    },
    {
      "quarter": "2023-06 (Q2)",
      "signal": "OPERATING LEVERAGE",
      "detail": "Rev growth +6.3% vs OpEx growth +2.8% (leverage: 2.3x)",
      "severity": "MEDIUM"
    },
    {
      "quarter": "2023-06 (Q2)",
      "signal": "YoY REVENUE GROWTH ACCELERATION",
      "detail": "YoY growth: +3.4% vs prior quarter YoY: -3.1% (accel: +6.5%)",
      "severity": "MEDIUM"
    },
    {
      "quarter": "2023-03 (Q1)",
      "signal": "YoY REVENUE GROWTH ACCELERATION",
      "detail": "YoY growth: -3.1% vs prior quarter YoY: -12.6% (accel: +9.5%)",
      "severity": "MEDIUM"
    },
    {
      "quarter": "2023-03 (Q1)",
      "signal": "INCREMENTAL MARGIN (YoY)",
      "detail": "YoY Incr OPM: +214.7% vs year-ago OPM: +20.4%",
      "severity": "HIGH"
    },
    {
      "quarter": "2022-12 (Q4)",
      "signal": "INCREMENTAL MARGIN (YoY)",
      "detail": "YoY Incr OPM: +83.5% vs year-ago OPM: +21.4%",
      "severity": "HIGH"
    },
    {
      "quarter": "2022-09 (Q3)",
      "signal": "FCF MARGIN EXPANSION",
      "detail": "FCF margin: +5.3% -> +21.5% (+16.2%)",
      "severity": "MEDIUM"
    },
    {
      "quarter": "2022-09 (Q3)",
      "signal": "YoY REVENUE GROWTH DECELERATION",
      "detail": "YoY growth: -12.4% vs prior quarter YoY: -4.1% (decel: -8.3%)",
      "severity": "WARNING"
    },
    {
      "quarter": "2022-09 (Q3)",
      "signal": "INCREMENTAL MARGIN (YoY)",
      "detail": "YoY Incr OPM: +93.6% vs year-ago OPM: +25.7%",
      "severity": "HIGH"
    },
    {
      "quarter": "2022-06 (Q2)",
      "signal": "FCF TURNED POSITIVE",
      "detail": "FCF margin: -5.8% -> +5.3%",
      "severity": "HIGH"
    },
    {
      "quarter": "2022-06 (Q2)",
      "signal": "YoY REVENUE GROWTH DECELERATION",
      "detail": "YoY growth: -4.1% vs prior quarter YoY: +8.8% (decel: -12.8%)",
      "severity": "WARNING"
    },
    {
      "quarter": "2022-06 (Q2)",
      "signal": "INCREMENTAL MARGIN (YoY)",
      "detail": "YoY Incr OPM: +195.6% vs year-ago OPM: +26.6%",
      "severity": "HIGH"
    },
    {
      "quarter": "2022-03 (Q1)",
      "signal": "YoY REVENUE GROWTH DECELERATION",
      "detail": "YoY growth: +8.8% vs prior quarter YoY: +23.6% (decel: -14.8%)",
      "severity": "WARNING"
    },
    {
      "quarter": "2021-06 (Q2)",
      "signal": "OPERATING LEVERAGE",
      "detail": "Rev growth +13.0% vs OpEx growth +8.4% (leverage: 1.5x)",
      "severity": "MEDIUM"
    }
  ],
  "data_quality": {
    "n_quarters": 20,
    "coverage": {
      "revenue": [
        20,
        20
      ],
      "gross_profit": [
        20,
        20
      ],
      "op_income": [
        20,
        20
      ],
      "fcf": [
        20,
        20
      ]
    },
    "gaps": [],
    "warnings": []
  },
  "market_cap": null,
  "source": "SEC EDGAR",
  "last_updated": "2026-02-02T20:33:07.372321"
}