{
  "ticker": "ALKS",
  "name": "Alkermes plc.",
  "quarters": [
    {
      "date": "2020-12-31T00:00:00",
      "quarter_label": "2020-12 (Q4)",
      "revenue": 279995000,
      "gross_profit": 237073000,
      "operating_income": -30729000,
      "net_income": -42642000,
      "opex": 310724000,
      "cogs": 42922000,
      "rd": 112107000,
      "sga": 145778000,
      "fcf": 61904000,
      "ocf": 67343000,
      "capex": -5439000,
      "gross_margin": 0.8467044054358114,
      "op_margin": -0.10974838836407794,
      "fcf_margin": 0.22108966231539848
    },
    {
      "date": "2021-03-31T00:00:00",
      "quarter_label": "2021-03 (Q1)",
      "revenue": 251430000,
      "gross_profit": 210410000,
      "operating_income": -16432000,
      "net_income": -22418000,
      "opex": 267862000,
      "cogs": 41020000,
      "rd": 92268000,
      "sga": 125168000,
      "fcf": -53132000,
      "ocf": -45146000,
      "capex": -7986000,
      "gross_margin": 0.836853199697729,
      "op_margin": -0.06535417412401066,
      "fcf_margin": -0.21131925386787576,
      "fcf_margin_change": -0.43240891618327426
    },
    {
      "date": "2021-06-30T00:00:00",
      "quarter_label": "2021-06 (Q2)",
      "revenue": 303717000,
      "gross_profit": 250593000,
      "operating_income": 4421000,
      "net_income": 2364000,
      "opex": 299296000,
      "cogs": 53124000,
      "rd": 97473000,
      "sga": 139188000,
      "fcf": 26503000,
      "ocf": 33063000,
      "capex": -6560000,
      "gross_margin": 0.8250871699641442,
      "op_margin": 0.014556313936987393,
      "fcf_margin": 0.08726215523003322,
      "op_leverage_ratio": 1.772099436992497,
      "fcf_margin_change": 0.298581409097909
    },
    {
      "date": "2021-09-30T00:00:00",
      "quarter_label": "2021-09 (Q3)",
      "revenue": 294141000,
      "gross_profit": 244580000,
      "operating_income": -19659000,
      "net_income": -28988000,
      "opex": 313800000,
      "cogs": 49561000,
      "rd": 118411000,
      "sga": 136213000,
      "fcf": 77964000,
      "ocf": 82777000,
      "capex": -4813000,
      "gross_margin": 0.831505978425313,
      "op_margin": -0.06683529327771374,
      "fcf_margin": 0.26505655450957194,
      "fcf_margin_change": 0.17779439927953872
    },
    {
      "date": "2021-12-31T00:00:00",
      "quarter_label": "2021-12 (Q4)",
      "revenue": 324463000,
      "gross_profit": 270781000,
      "operating_income": 2383000,
      "net_income": 873000,
      "opex": 322080000,
      "cogs": 53682000,
      "rd": 98374000,
      "sga": 160408000,
      "fcf": 22360000,
      "ocf": 31021000,
      "capex": -8661000,
      "gross_margin": 0.834551243130958,
      "op_margin": 0.0073444429719259205,
      "fcf_margin": 0.06891386691240604,
      "incr_op_margin_yoy": 0.7446253485652604,
      "rev_growth_yoy": 0.1588171217343167,
      "op_leverage_ratio": 3.9068333046819848,
      "fcf_margin_change": -0.1961426875971659
    },
    {
      "date": "2022-03-31T00:00:00",
      "quarter_label": "2022-03 (Q1)",
      "revenue": 278545000,
      "gross_profit": 223386000,
      "operating_income": -26585000,
      "net_income": -35903000,
      "opex": 305130000,
      "cogs": 55159000,
      "rd": 95953000,
      "sga": 145052000,
      "fcf": 13887000,
      "ocf": 21678000,
      "capex": -7791000,
      "gross_margin": 0.8019745463031108,
      "op_margin": -0.0954423881240015,
      "fcf_margin": 0.04985549911145416,
      "incr_op_margin_yoy": -0.3744421906693712,
      "rev_growth_yoy": 0.10784313725490197,
      "rev_growth_yoy_accel": -0.05097398447941473,
      "fcf_margin_change": -0.01905836780095188
    },
    {
      "date": "2022-06-30T00:00:00",
      "quarter_label": "2022-06 (Q2)",
      "revenue": 276219000,
      "gross_profit": 217859000,
      "operating_income": -34457000,
      "net_income": -30136000,
      "opex": 310676000,
      "cogs": 58360000,
      "rd": 92873000,
      "sga": 150377000,
      "fcf": -12268000,
      "ocf": -2306000,
      "capex": -9962000,
      "gross_margin": 0.7887183720164073,
      "op_margin": -0.12474522027811266,
      "fcf_margin": -0.04441403379202734,
      "incr_op_margin_yoy": 1.4138482798749,
      "rev_growth_yoy": -0.09053823131401931,
      "rev_growth_yoy_accel": -0.19838136856892127,
      "fcf_margin_change": -0.0942695329034815
    },
    {
      "date": "2022-09-30T00:00:00",
      "quarter_label": "2022-09 (Q3)",
      "revenue": 252357000,
      "gross_profit": 201732000,
      "operating_income": -60641000,
      "net_income": -63974000,
      "opex": 312998000,
      "cogs": 50625000,
      "rd": 100430000,
      "sga": 152777000,
      "fcf": -9849000,
      "ocf": 625000,
      "capex": -10474000,
      "gross_margin": 0.7993913384609898,
      "op_margin": -0.24029846606196778,
      "fcf_margin": -0.03902804360489307,
      "incr_op_margin_yoy": 0.9808060501627417,
      "rev_growth_yoy": -0.14205432088692158,
      "rev_growth_yoy_accel": -0.05151608957290227,
      "fcf_margin_change": 0.005385990187134267
    },
    {
      "date": "2022-12-31T00:00:00",
      "quarter_label": "2022-12 (Q4)",
      "revenue": 304674000,
      "gross_profit": 250710000,
      "operating_income": -20582000,
      "net_income": -28254000,
      "opex": 325256000,
      "cogs": 53964000,
      "rd": 104586000,
      "sga": 157541000,
      "fcf": -8981000,
      "ocf": 1047000,
      "capex": -10028000,
      "gross_margin": 0.8228795368164005,
      "op_margin": -0.06755417265667565,
      "fcf_margin": -0.029477408640054617,
      "incr_op_margin_yoy": 1.1604932032947597,
      "rev_growth_yoy": -0.06099000502368529,
      "rev_growth_yoy_accel": 0.08106431586323629,
      "op_leverage_ratio": 5.29357928283276,
      "fcf_margin_change": 0.009550634964838454
    },
    {
      "date": "2023-03-31T00:00:00",
      "quarter_label": "2023-03 (Q1)",
      "revenue": 287595000,
      "gross_profit": 229420000,
      "operating_income": -47494000,
      "net_income": -41845000,
      "opex": 335089000,
      "cogs": 58175000,
      "rd": 93637000,
      "sga": 174477000,
      "fcf": -28162000,
      "ocf": -21302000,
      "capex": -6860000,
      "gross_margin": 0.7977190145864844,
      "op_margin": -0.1651419530937603,
      "fcf_margin": -0.097922425633269,
      "incr_op_margin_yoy": -2.3103867403314915,
      "rev_growth_yoy": 0.032490261896641476,
      "rev_growth_yoy_accel": 0.09348026692032677,
      "fcf_margin_change": -0.06844501699321438
    },
    {
      "date": "2023-06-30T00:00:00",
      "quarter_label": "2023-06 (Q2)",
      "revenue": 617397000,
      "gross_profit": 554137000,
      "operating_income": 239193000,
      "net_income": 237065000,
      "opex": 378204000,
      "cogs": 63260000,
      "rd": 100788000,
      "sga": 205258000,
      "fcf": 206005000,
      "ocf": 215710000,
      "capex": -9705000,
      "gross_margin": 0.8975375649703513,
      "op_margin": 0.3874217075884722,
      "fcf_margin": 0.33366699222704355,
      "incr_op_margin_yoy": 0.8020739907028003,
      "rev_growth_yoy": 1.235172091709839,
      "rev_growth_yoy_accel": 1.2026818298131976,
      "op_leverage_ratio": 8.912586023755733,
      "fcf_margin_change": 0.4315894178603126
    },
    {
      "date": "2023-09-30T00:00:00",
      "quarter_label": "2023-09 (Q3)",
      "revenue": 380938000,
      "gross_profit": 319429000,
      "operating_income": 43848000,
      "net_income": 47758000,
      "opex": 337090000,
      "cogs": 61509000,
      "rd": 97140000,
      "sga": 169446000,
      "fcf": 85255000,
      "ocf": 99708000,
      "capex": -14453000,
      "gross_margin": 0.8385327796124303,
      "op_margin": 0.11510534522678231,
      "fcf_margin": 0.22380282355658926,
      "incr_op_margin_yoy": 0.8126317263048195,
      "rev_growth_yoy": 0.5095202431476044,
      "rev_growth_yoy_accel": -0.7256518485622346,
      "fcf_margin_change": -0.10986416867045429
    },
    {
      "date": "2023-12-31T00:00:00",
      "quarter_label": "2023-12 (Q4)",
      "revenue": 377475000,
      "gross_profit": 307382000,
      "operating_income": 178575000,
      "net_income": 112779000,
      "opex": 198900000,
      "cogs": 70093000,
      "rd": -20759000,
      "sga": 140570000,
      "fcf": 90207000,
      "ocf": 107237000,
      "capex": -17030000,
      "gross_margin": 0.8143108815153322,
      "op_margin": 0.47307768726405725,
      "fcf_margin": 0.23897476654083052,
      "incr_op_margin_yoy": 2.7356354995123695,
      "rev_growth_yoy": 0.23894720258374524,
      "rev_growth_yoy_accel": -0.2705730405638591,
      "fcf_margin_change": 0.015171942984241266
    },
    {
      "date": "2024-03-31T00:00:00",
      "quarter_label": "2024-03 (Q1)",
      "revenue": 350372000,
      "gross_profit": 291728000,
      "operating_income": 43309000,
      "net_income": 36828000,
      "opex": 307063000,
      "cogs": 58644000,
      "rd": 67611000,
      "sga": 179749000,
      "fcf": 12766000,
      "ocf": 21108000,
      "capex": -8342000,
      "gross_margin": 0.8326236114758029,
      "op_margin": 0.12360862169351432,
      "fcf_margin": 0.03643555991917162,
      "incr_op_margin_yoy": 1.4464373894897813,
      "rev_growth_yoy": 0.21828265442723274,
      "rev_growth_yoy_accel": -0.020664548156512502,
      "fcf_margin_change": -0.20253920662165892
    },
    {
      "date": "2024-06-30T00:00:00",
      "quarter_label": "2024-06 (Q2)",
      "revenue": 399131000,
      "gross_profit": 337659000,
      "operating_income": 109883000,
      "net_income": 91358000,
      "opex": 289248000,
      "cogs": 61472000,
      "rd": 59649000,
      "sga": 168113000,
      "fcf": 138919000,
      "ocf": 146030000,
      "capex": -7111000,
      "gross_margin": 0.8459854032886446,
      "op_margin": 0.27530560141908295,
      "fcf_margin": 0.3480536465471236,
      "incr_op_margin_yoy": 0.5924422493654532,
      "rev_growth_yoy": -0.3535261752162709,
      "rev_growth_yoy_accel": -0.5718088296435037,
      "op_leverage_ratio": Infinity,
      "fcf_margin_change": 0.311618086627952
    },
    {
      "date": "2024-09-30T00:00:00",
      "quarter_label": "2024-09 (Q3)",
      "revenue": 378143000,
      "gross_profit": 315044000,
      "operating_income": 104756000,
      "net_income": 92381000,
      "opex": 273387000,
      "cogs": 63099000,
      "rd": 59892000,
      "sga": 150382000,
      "fcf": 73331000,
      "ocf": 81589000,
      "capex": -8258000,
      "gross_margin": 0.8331345549170552,
      "op_margin": 0.2770274737334818,
      "fcf_margin": 0.19392399171741906,
      "incr_op_margin_yoy": -21.791771019677995,
      "rev_growth_yoy": -0.00733715197748715,
      "rev_growth_yoy_accel": 0.34618902323878376,
      "fcf_margin_change": -0.15412965482970456
    },
    {
      "date": "2024-12-31T00:00:00",
      "quarter_label": "2024-12 (Q4)",
      "revenue": 429986000,
      "gross_profit": 367870000,
      "operating_income": 162688000,
      "net_income": 146503000,
      "opex": 267298000,
      "cogs": 62116000,
      "rd": 58174000,
      "sga": 146994000,
      "fcf": 180624000,
      "ocf": 190397000,
      "capex": -9773000,
      "gross_margin": 0.8555394826808315,
      "op_margin": 0.37835650463038334,
      "fcf_margin": 0.4200694906345788,
      "incr_op_margin_yoy": -0.30254613319114093,
      "rev_growth_yoy": 0.13911119941717995,
      "rev_growth_yoy_accel": 0.1464483513946671,
      "op_leverage_ratio": Infinity,
      "fcf_margin_change": 0.22614549891715977
    },
    {
      "date": "2025-03-31T00:00:00",
      "quarter_label": "2025-03 (Q1)",
      "revenue": 306510000,
      "gross_profit": 257313000,
      "operating_income": 13792000,
      "net_income": 22464000,
      "opex": 292718000,
      "cogs": 49197000,
      "rd": 71817000,
      "sga": 171704000,
      "fcf": 88701000,
      "ocf": 98811000,
      "capex": -10110000,
      "gross_margin": 0.8394930018596457,
      "op_margin": 0.04499690059051907,
      "fcf_margin": 0.2893902319663306,
      "incr_op_margin_yoy": 0.6729515297980029,
      "rev_growth_yoy": -0.12518694416220474,
      "rev_growth_yoy_accel": -0.2642981435793847,
      "fcf_margin_change": -0.1306792586682482
    },
    {
      "date": "2025-06-30T00:00:00",
      "quarter_label": "2025-06 (Q2)",
      "revenue": 390657000,
      "gross_profit": 341197000,
      "operating_income": 92978000,
      "net_income": 87098000,
      "opex": 297679000,
      "cogs": 49460000,
      "rd": 77370000,
      "sga": 170849000,
      "fcf": 137186000,
      "ocf": 150202000,
      "capex": -13016000,
      "gross_margin": 0.8733927716641453,
      "op_margin": 0.23800418269735343,
      "fcf_margin": 0.3511673923672173,
      "incr_op_margin_yoy": 1.9949256549445362,
      "rev_growth_yoy": -0.02123112461823311,
      "rev_growth_yoy_accel": 0.10395581954397164,
      "op_leverage_ratio": 16.19847728401725,
      "fcf_margin_change": 0.061777160400886655
    },
    {
      "date": "2025-09-30T00:00:00",
      "quarter_label": "2025-09 (Q3)",
      "revenue": 394185000,
      "gross_profit": 342594000,
      "operating_income": 89082000,
      "net_income": 82761000,
      "opex": 305103000,
      "cogs": 51591000,
      "rd": 81739000,
      "sga": 171773000,
      "fcf": 84358000,
      "ocf": 101672000,
      "capex": -17314000,
      "gross_margin": 0.8691198295216713,
      "op_margin": 0.2259903344876137,
      "fcf_margin": 0.21400611388053833,
      "incr_op_margin_yoy": -0.9770602169305573,
      "rev_growth_yoy": 0.042423104486926905,
      "rev_growth_yoy_accel": 0.06365422910516001,
      "fcf_margin_change": -0.13716127848667894
    }
  ],
  "signals": [
    {
      "quarter": "2025-09 (Q3)",
      "signal": "YoY REVENUE GROWTH ACCELERATION",
      "detail": "YoY growth: +4.2% vs prior quarter YoY: -2.1% (accel: +6.4%)",
      "severity": "MEDIUM"
    },
    {
      "quarter": "2025-06 (Q2)",
      "signal": "FCF MARGIN EXPANSION",
      "detail": "FCF margin: +28.9% -> +35.1% (+6.2%)",
      "severity": "MEDIUM"
    },
    {
      "quarter": "2025-06 (Q2)",
      "signal": "OPERATING LEVERAGE",
      "detail": "Rev growth +27.5% vs OpEx growth +1.7% (leverage: 16.2x)",
      "severity": "MEDIUM"
    },
    {
      "quarter": "2025-06 (Q2)",
      "signal": "GROSS MARGIN INFLECTION",
      "detail": "GM: +85.6% -> +83.9% -> +87.3% (reversal +3.4%)",
      "severity": "MEDIUM"
    },
    {
      "quarter": "2025-06 (Q2)",
      "signal": "YoY REVENUE GROWTH ACCELERATION",
      "detail": "YoY growth: -2.1% vs prior quarter YoY: -12.5% (accel: +10.4%)",
      "severity": "MEDIUM"
    },
    {
      "quarter": "2025-06 (Q2)",
      "signal": "INCREMENTAL MARGIN (YoY)",
      "detail": "YoY Incr OPM: +199.5% vs year-ago OPM: +27.5%",
      "severity": "HIGH"
    },
    {
      "quarter": "2025-03 (Q1)",
      "signal": "YoY REVENUE GROWTH DECELERATION",
      "detail": "YoY growth: -12.5% vs prior quarter YoY: +13.9% (decel: -26.4%)",
      "severity": "WARNING"
    },
    {
      "quarter": "2025-03 (Q1)",
      "signal": "INCREMENTAL MARGIN (YoY)",
      "detail": "YoY Incr OPM: +67.3% vs year-ago OPM: +12.4%",
      "severity": "HIGH"
    },
    {
      "quarter": "2024-12 (Q4)",
      "signal": "FCF MARGIN EXPANSION",
      "detail": "FCF margin: +19.4% -> +42.0% (+22.6%)",
      "severity": "MEDIUM"
    },
    {
      "quarter": "2024-12 (Q4)",
      "signal": "GROSS MARGIN INFLECTION",
      "detail": "GM: +84.6% -> +83.3% -> +85.6% (reversal +2.2%)",
      "severity": "MEDIUM"
    },
    {
      "quarter": "2024-12 (Q4)",
      "signal": "YoY REVENUE GROWTH ACCELERATION",
      "detail": "YoY growth: +13.9% vs prior quarter YoY: -0.7% (accel: +14.6%)",
      "severity": "MEDIUM"
    },
    {
      "quarter": "2024-09 (Q3)",
      "signal": "YoY REVENUE GROWTH ACCELERATION",
      "detail": "YoY growth: -0.7% vs prior quarter YoY: -35.4% (accel: +34.6%)",
      "severity": "HIGH"
    },
    {
      "quarter": "2024-06 (Q2)",
      "signal": "FCF MARGIN EXPANSION",
      "detail": "FCF margin: +3.6% -> +34.8% (+31.2%)",
      "severity": "MEDIUM"
    },
    {
      "quarter": "2024-06 (Q2)",
      "signal": "YoY REVENUE GROWTH DECELERATION",
      "detail": "YoY growth: -35.4% vs prior quarter YoY: +21.8% (decel: -57.2%)",
      "severity": "WARNING"
    },
    {
      "quarter": "2024-06 (Q2)",
      "signal": "INCREMENTAL MARGIN (YoY)",
      "detail": "YoY Incr OPM: +59.2% vs year-ago OPM: +38.7%",
      "severity": "HIGH"
    },
    {
      "quarter": "2024-03 (Q1)",
      "signal": "OP MARGIN TURNED POSITIVE (YoY)",
      "detail": "Op margin: -16.5% (year-ago) -> +12.4%",
      "severity": "HIGH"
    },
    {
      "quarter": "2023-12 (Q4)",
      "signal": "YoY REVENUE GROWTH DECELERATION",
      "detail": "YoY growth: +23.9% vs prior quarter YoY: +51.0% (decel: -27.1%)",
      "severity": "WARNING"
    },
    {
      "quarter": "2023-12 (Q4)",
      "signal": "OP MARGIN TURNED POSITIVE (YoY)",
      "detail": "Op margin: -6.8% (year-ago) -> +47.3%",
      "severity": "HIGH"
    },
    {
      "quarter": "2023-09 (Q3)",
      "signal": "YoY REVENUE GROWTH DECELERATION",
      "detail": "YoY growth: +51.0% vs prior quarter YoY: +123.5% (decel: -72.6%)",
      "severity": "WARNING"
    },
    {
      "quarter": "2023-09 (Q3)",
      "signal": "OP MARGIN TURNED POSITIVE (YoY)",
      "detail": "Op margin: -24.0% (year-ago) -> +11.5%",
      "severity": "HIGH"
    },
    {
      "quarter": "2023-06 (Q2)",
      "signal": "FCF TURNED POSITIVE",
      "detail": "FCF margin: -9.8% -> +33.4%",
      "severity": "HIGH"
    },
    {
      "quarter": "2023-06 (Q2)",
      "signal": "OPERATING LEVERAGE",
      "detail": "Rev growth +114.7% vs OpEx growth +12.9% (leverage: 8.9x)",
      "severity": "MEDIUM"
    },
    {
      "quarter": "2023-06 (Q2)",
      "signal": "GROSS MARGIN INFLECTION",
      "detail": "GM: +82.3% -> +79.8% -> +89.8% (reversal +10.0%)",
      "severity": "HIGH"
    },
    {
      "quarter": "2023-06 (Q2)",
      "signal": "YoY REVENUE GROWTH ACCELERATION",
      "detail": "YoY growth: +123.5% vs prior quarter YoY: +3.2% (accel: +120.3%)",
      "severity": "HIGH"
    },
    {
      "quarter": "2023-06 (Q2)",
      "signal": "OP MARGIN TURNED POSITIVE (YoY)",
      "detail": "Op margin: -12.5% (year-ago) -> +38.7%",
      "severity": "HIGH"
    },
    {
      "quarter": "2023-06 (Q2)",
      "signal": "OP MARGIN TURNED POSITIVE (QoQ)",
      "detail": "Op margin: -16.5% -> +38.7%",
      "severity": "HIGH"
    },
    {
      "quarter": "2023-03 (Q1)",
      "signal": "YoY REVENUE GROWTH ACCELERATION",
      "detail": "YoY growth: +3.2% vs prior quarter YoY: -6.1% (accel: +9.3%)",
      "severity": "MEDIUM"
    },
    {
      "quarter": "2022-12 (Q4)",
      "signal": "OPERATING LEVERAGE",
      "detail": "Rev growth +20.7% vs OpEx growth +3.9% (leverage: 5.3x)",
      "severity": "MEDIUM"
    },
    {
      "quarter": "2022-12 (Q4)",
      "signal": "YoY REVENUE GROWTH ACCELERATION",
      "detail": "YoY growth: -6.1% vs prior quarter YoY: -14.2% (accel: +8.1%)",
      "severity": "MEDIUM"
    },
    {
      "quarter": "2022-09 (Q3)",
      "signal": "YoY REVENUE GROWTH DECELERATION",
      "detail": "YoY growth: -14.2% vs prior quarter YoY: -9.1% (decel: -5.2%)",
      "severity": "WARNING"
    },
    {
      "quarter": "2022-06 (Q2)",
      "signal": "YoY REVENUE GROWTH DECELERATION",
      "detail": "YoY growth: -9.1% vs prior quarter YoY: +10.8% (decel: -19.8%)",
      "severity": "WARNING"
    },
    {
      "quarter": "2022-03 (Q1)",
      "signal": "YoY REVENUE GROWTH DECELERATION",
      "detail": "YoY growth: +10.8% vs prior quarter YoY: +15.9% (decel: -5.1%)",
      "severity": "WARNING"
    },
    {
      "quarter": "2021-12 (Q4)",
      "signal": "OPERATING LEVERAGE",
      "detail": "Rev growth +10.3% vs OpEx growth +2.6% (leverage: 3.9x)",
      "severity": "MEDIUM"
    },
    {
      "quarter": "2021-12 (Q4)",
      "signal": "OP MARGIN TURNED POSITIVE (YoY)",
      "detail": "Op margin: -11.0% (year-ago) -> +0.7%",
      "severity": "HIGH"
    },
    {
      "quarter": "2021-12 (Q4)",
      "signal": "OP MARGIN TURNED POSITIVE (QoQ)",
      "detail": "Op margin: -6.7% -> +0.7%",
      "severity": "HIGH"
    },
    {
      "quarter": "2021-09 (Q3)",
      "signal": "FCF MARGIN EXPANSION",
      "detail": "FCF margin: +8.7% -> +26.5% (+17.8%)",
      "severity": "MEDIUM"
    },
    {
      "quarter": "2021-06 (Q2)",
      "signal": "FCF TURNED POSITIVE",
      "detail": "FCF margin: -21.1% -> +8.7%",
      "severity": "HIGH"
    },
    {
      "quarter": "2021-06 (Q2)",
      "signal": "OPERATING LEVERAGE",
      "detail": "Rev growth +20.8% vs OpEx growth +11.7% (leverage: 1.8x)",
      "severity": "MEDIUM"
    },
    {
      "quarter": "2021-06 (Q2)",
      "signal": "OP MARGIN TURNED POSITIVE (QoQ)",
      "detail": "Op margin: -6.5% -> +1.5%",
      "severity": "HIGH"
    }
  ],
  "data_quality": {
    "n_quarters": 20,
    "coverage": {
      "revenue": [
        20,
        20
      ],
      "gross_profit": [
        20,
        20
      ],
      "op_income": [
        20,
        20
      ],
      "fcf": [
        20,
        20
      ]
    },
    "gaps": [],
    "warnings": []
  },
  "market_cap": null,
  "source": "SEC EDGAR",
  "last_updated": "2026-02-02T20:59:39.306994"
}