{
  "ticker": "ALKT",
  "name": "ALKAMI TECHNOLOGY, INC.",
  "quarters": [
    {
      "date": "2020-12-31T00:00:00",
      "quarter_label": "2020-12 (Q4)",
      "revenue": 33325000,
      "gross_profit": 19253000,
      "operating_income": -11223000,
      "net_income": -12486000,
      "opex": 30476000,
      "cogs": 14072000,
      "rd": 10842000,
      "sga": null,
      "fcf": -15692000,
      "ocf": -15023000,
      "capex": -669000,
      "gross_margin": 0.5777344336084022,
      "op_margin": -0.3367741935483871,
      "fcf_margin": -0.47087771942985746
    },
    {
      "date": "2021-03-31T00:00:00",
      "quarter_label": "2021-03 (Q1)",
      "revenue": 33262000,
      "gross_profit": 17765000,
      "operating_income": -8939000,
      "net_income": -10879000,
      "opex": 26704000,
      "cogs": 15497000,
      "rd": 10913000,
      "sga": null,
      "fcf": -2132000,
      "ocf": -1952000,
      "capex": -180000,
      "gross_margin": 0.5340929589321147,
      "op_margin": -0.26874511454512656,
      "fcf_margin": -0.0640971679393903,
      "fcf_margin_change": 0.40678055149046716
    },
    {
      "date": "2021-06-30T00:00:00",
      "quarter_label": "2021-06 (Q2)",
      "revenue": 36701000,
      "gross_profit": 20521000,
      "operating_income": -9813000,
      "net_income": -11375000,
      "opex": 30334000,
      "cogs": 16180000,
      "rd": 12810000,
      "sga": null,
      "fcf": -10633000,
      "ocf": -10336000,
      "capex": -297000,
      "gross_margin": 0.5591400779270319,
      "op_margin": -0.2673769107108798,
      "fcf_margin": -0.2897196261682243,
      "op_leverage_ratio": 0.7605950784265104,
      "fcf_margin_change": -0.22562245822883398
    },
    {
      "date": "2021-09-30T00:00:00",
      "quarter_label": "2021-09 (Q3)",
      "revenue": 39761000,
      "gross_profit": 22374000,
      "operating_income": -11142000,
      "net_income": -11219000,
      "opex": 33516000,
      "cogs": 17387000,
      "rd": 12877000,
      "sga": null,
      "fcf": -4907000,
      "ocf": -4514000,
      "capex": -393000,
      "gross_margin": 0.5627122054274288,
      "op_margin": -0.2802243404340937,
      "fcf_margin": -0.12341238902442092,
      "op_leverage_ratio": 0.7948277766285388,
      "fcf_margin_change": 0.16630723714380335
    },
    {
      "date": "2021-12-31T00:00:00",
      "quarter_label": "2021-12 (Q4)",
      "revenue": 42435000,
      "gross_profit": 23147000,
      "operating_income": -13022000,
      "net_income": -13349000,
      "opex": 36169000,
      "cogs": 19288000,
      "rd": 12903000,
      "sga": null,
      "fcf": -12407000,
      "ocf": -12157000,
      "capex": -250000,
      "gross_margin": 0.5454695416519383,
      "op_margin": -0.30686932956286084,
      "fcf_margin": -0.2923765759396724,
      "incr_op_margin_yoy": -0.19747530186608123,
      "rev_growth_yoy": 0.27336834208552135,
      "op_leverage_ratio": 0.8496088668050175,
      "fcf_margin_change": -0.1689641869152515
    },
    {
      "date": "2022-03-31T00:00:00",
      "quarter_label": "2022-03 (Q1)",
      "revenue": 44790000,
      "gross_profit": 24810000,
      "operating_income": -13006000,
      "net_income": -13406000,
      "opex": 37816000,
      "cogs": 19980000,
      "rd": 14156000,
      "sga": null,
      "fcf": -8627000,
      "ocf": -8345000,
      "capex": -282000,
      "gross_margin": 0.5539182853315472,
      "op_margin": -0.2903773163652601,
      "fcf_margin": -0.19260995757981692,
      "incr_op_margin_yoy": -0.35279319916724494,
      "rev_growth_yoy": 0.34658168480548374,
      "rev_growth_yoy_accel": 0.07321334271996238,
      "op_leverage_ratio": 1.2187359087497582,
      "fcf_margin_change": 0.09976661835985551
    },
    {
      "date": "2022-06-30T00:00:00",
      "quarter_label": "2022-06 (Q2)",
      "revenue": 50530000,
      "gross_profit": 27273000,
      "operating_income": -19384000,
      "net_income": -20233000,
      "opex": 46657000,
      "cogs": 23257000,
      "rd": 16595000,
      "sga": null,
      "fcf": -11332000,
      "ocf": -11129000,
      "capex": -203000,
      "gross_margin": 0.5397387690480903,
      "op_margin": -0.3836136948347516,
      "fcf_margin": -0.22426281416980012,
      "incr_op_margin_yoy": -0.6920963193289464,
      "rev_growth_yoy": 0.37680172202392304,
      "rev_growth_yoy_accel": 0.0302200372184393,
      "op_leverage_ratio": 0.5481570810699778,
      "fcf_margin_change": -0.03165285658998321
    },
    {
      "date": "2022-09-30T00:00:00",
      "quarter_label": "2022-09 (Q3)",
      "revenue": 53412000,
      "gross_profit": 27568000,
      "operating_income": -19819000,
      "net_income": -20049000,
      "opex": 47387000,
      "cogs": 25844000,
      "rd": 18222000,
      "sga": null,
      "fcf": -5050000,
      "ocf": -4746000,
      "capex": -304000,
      "gross_margin": 0.5161386954242493,
      "op_margin": -0.37105893806635215,
      "fcf_margin": -0.09454804163858309,
      "incr_op_margin_yoy": -0.6356310892974874,
      "rev_growth_yoy": 0.34332637509116976,
      "rev_growth_yoy_accel": -0.03347534693275328,
      "op_leverage_ratio": 3.6453449327539045,
      "fcf_margin_change": 0.12971477253121705
    },
    {
      "date": "2022-12-31T00:00:00",
      "quarter_label": "2022-12 (Q4)",
      "revenue": 55538000,
      "gross_profit": 28673000,
      "operating_income": -5480000,
      "net_income": -4912000,
      "opex": 34153000,
      "cogs": 26865000,
      "rd": 20356000,
      "sga": null,
      "fcf": -14093000,
      "ocf": -13825000,
      "capex": -268000,
      "gross_margin": 0.5162771435773704,
      "op_margin": -0.09867118009290936,
      "fcf_margin": -0.25375418632287805,
      "incr_op_margin_yoy": 0.5755933755628482,
      "rev_growth_yoy": 0.3087781312595735,
      "rev_growth_yoy_accel": -0.03454824383159627,
      "op_leverage_ratio": Infinity,
      "fcf_margin_change": -0.15920614468429495
    },
    {
      "date": "2023-03-31T00:00:00",
      "quarter_label": "2023-03 (Q1)",
      "revenue": 59996000,
      "gross_profit": 32138000,
      "operating_income": -16946000,
      "net_income": -16963000,
      "opex": 49084000,
      "cogs": 27858000,
      "rd": 20549000,
      "sga": null,
      "fcf": -9844000,
      "ocf": -9615000,
      "capex": -229000,
      "gross_margin": 0.5356690446029735,
      "op_margin": -0.2824521634775652,
      "fcf_margin": -0.16407760517367825,
      "incr_op_margin_yoy": -0.25910824674470606,
      "rev_growth_yoy": 0.3394954230855102,
      "rev_growth_yoy_accel": 0.030717291825936688,
      "op_leverage_ratio": 0.1836072350761575,
      "fcf_margin_change": 0.0896765811491998
    },
    {
      "date": "2023-06-30T00:00:00",
      "quarter_label": "2023-06 (Q2)",
      "revenue": 65763000,
      "gross_profit": 35474000,
      "operating_income": -17873000,
      "net_income": -17761000,
      "opex": 53347000,
      "cogs": 30289000,
      "rd": 20866000,
      "sga": null,
      "fcf": -5898000,
      "ocf": -5710000,
      "capex": -188000,
      "gross_margin": 0.5394218633578152,
      "op_margin": -0.2717789638550553,
      "fcf_margin": -0.08968568952146344,
      "incr_op_margin_yoy": 0.09919254250640058,
      "rev_growth_yoy": 0.301464476548585,
      "rev_growth_yoy_accel": -0.03803094653692518,
      "op_leverage_ratio": 1.106756980295676,
      "fcf_margin_change": 0.07439191565221481
    },
    {
      "date": "2023-09-30T00:00:00",
      "quarter_label": "2023-09 (Q3)",
      "revenue": 67703000,
      "gross_profit": 36550000,
      "operating_income": -15787000,
      "net_income": -15476000,
      "opex": 52337000,
      "cogs": 31153000,
      "rd": 21755000,
      "sga": null,
      "fcf": 2771000,
      "ocf": 3128000,
      "capex": -357000,
      "gross_margin": 0.5398579088075861,
      "op_margin": -0.23318021357990046,
      "fcf_margin": 0.040928762388668154,
      "incr_op_margin_yoy": 0.282135609824365,
      "rev_growth_yoy": 0.2675615966449487,
      "rev_growth_yoy_accel": -0.033902879903636274,
      "op_leverage_ratio": Infinity,
      "fcf_margin_change": 0.1306144519101316
    },
    {
      "date": "2023-12-31T00:00:00",
      "quarter_label": "2023-12 (Q4)",
      "revenue": 71369000,
      "gross_profit": 39949000,
      "operating_income": -13099000,
      "net_income": -12713000,
      "opex": 53048000,
      "cogs": 31420000,
      "rd": 21491000,
      "sga": null,
      "fcf": -5589000,
      "ocf": -5305000,
      "capex": -284000,
      "gross_margin": 0.5597528338634421,
      "op_margin": -0.18353907158570248,
      "fcf_margin": -0.07831131163390267,
      "incr_op_margin_yoy": -0.4812709241361885,
      "rev_growth_yoy": 0.2850480751917606,
      "rev_growth_yoy_accel": 0.0174864785468119,
      "op_leverage_ratio": 3.985875888428306,
      "fcf_margin_change": -0.11924007402257084
    },
    {
      "date": "2024-03-31T00:00:00",
      "quarter_label": "2024-03 (Q1)",
      "revenue": 76127000,
      "gross_profit": 44032000,
      "operating_income": -12365000,
      "net_income": -11433000,
      "opex": 56397000,
      "cogs": 32095000,
      "rd": 22820000,
      "sga": null,
      "fcf": 645000,
      "ocf": 951000,
      "capex": -306000,
      "gross_margin": 0.5784018810671641,
      "op_margin": -0.1624259461163582,
      "fcf_margin": 0.008472683804694786,
      "incr_op_margin_yoy": 0.28398735354286775,
      "rev_growth_yoy": 0.2688679245283019,
      "rev_growth_yoy_accel": -0.016180150663458737,
      "op_leverage_ratio": 1.0560116112651625,
      "fcf_margin_change": 0.08678399543859747
    },
    {
      "date": "2024-06-30T00:00:00",
      "quarter_label": "2024-06 (Q2)",
      "revenue": 82160000,
      "gross_profit": 48771000,
      "operating_income": -13207000,
      "net_income": -12317000,
      "opex": 61978000,
      "cogs": 33389000,
      "rd": 23909000,
      "sga": null,
      "fcf": 123000,
      "ocf": 548000,
      "capex": -425000,
      "gross_margin": 0.593610029211295,
      "op_margin": -0.16074732229795521,
      "fcf_margin": 0.0014970788704965921,
      "incr_op_margin_yoy": 0.2845642495578459,
      "rev_growth_yoy": 0.24933473229627603,
      "rev_growth_yoy_accel": -0.019533192232025848,
      "op_leverage_ratio": 0.800826783981041,
      "fcf_margin_change": -0.006975604934198194
    },
    {
      "date": "2024-09-30T00:00:00",
      "quarter_label": "2024-09 (Q3)",
      "revenue": 85906000,
      "gross_profit": 50617000,
      "operating_income": -10428000,
      "net_income": -9442000,
      "opex": 61045000,
      "cogs": 35289000,
      "rd": 24133000,
      "sga": null,
      "fcf": 10682000,
      "ocf": 10987000,
      "capex": -305000,
      "gross_margin": 0.5892137918189649,
      "op_margin": -0.12138849440085675,
      "fcf_margin": 0.12434521453681932,
      "incr_op_margin_yoy": 0.29440202164478385,
      "rev_growth_yoy": 0.26886548601982185,
      "rev_growth_yoy_accel": 0.01953075372354582,
      "op_leverage_ratio": Infinity,
      "fcf_margin_change": 0.12284813566632273
    },
    {
      "date": "2024-12-31T00:00:00",
      "quarter_label": "2024-12 (Q4)",
      "revenue": 89656000,
      "gross_profit": 53210000,
      "operating_income": -8626000,
      "net_income": -7643000,
      "opex": 61836000,
      "cogs": 36446000,
      "rd": 25349000,
      "sga": null,
      "fcf": 5952000,
      "ocf": 6111000,
      "capex": -159000,
      "gross_margin": 0.593490675470688,
      "op_margin": -0.09621218881056483,
      "fcf_margin": 0.06638707950388151,
      "incr_op_margin_yoy": 0.244599989063269,
      "rev_growth_yoy": 0.2562316972354944,
      "rev_growth_yoy_accel": -0.012633788784327471,
      "op_leverage_ratio": 3.368847753886639,
      "fcf_margin_change": -0.05795813503293781
    },
    {
      "date": "2025-03-31T00:00:00",
      "quarter_label": "2025-03 (Q1)",
      "revenue": 97835000,
      "gross_profit": 57760000,
      "operating_income": -15396000,
      "net_income": -7816000,
      "opex": 73156000,
      "cogs": 40075000,
      "rd": 26885000,
      "sga": null,
      "fcf": -6149000,
      "ocf": -5664000,
      "capex": -485000,
      "gross_margin": 0.5903817652169469,
      "op_margin": -0.15736699545152552,
      "fcf_margin": -0.06285071804568917,
      "incr_op_margin_yoy": -0.13962594435231251,
      "rev_growth_yoy": 0.28515506981754174,
      "rev_growth_yoy_accel": 0.028923372582047358,
      "op_leverage_ratio": 0.49832859778766486,
      "fcf_margin_change": -0.12923779754957068
    },
    {
      "date": "2025-06-30T00:00:00",
      "quarter_label": "2025-06 (Q2)",
      "revenue": 112059000,
      "gross_profit": 65618000,
      "operating_income": -15863000,
      "net_income": -13591000,
      "opex": 81481000,
      "cogs": 46441000,
      "rd": 30231000,
      "sga": null,
      "fcf": 760000,
      "ocf": 1157000,
      "capex": -397000,
      "gross_margin": 0.5855665319162227,
      "op_margin": -0.14155935712437198,
      "fcf_margin": 0.006782141550433254,
      "incr_op_margin_yoy": -0.08883240242148567,
      "rev_growth_yoy": 0.36391187925998053,
      "rev_growth_yoy_accel": 0.07875680944243879,
      "op_leverage_ratio": 1.2775949996094116,
      "fcf_margin_change": 0.06963285959612243
    },
    {
      "date": "2025-09-30T00:00:00",
      "quarter_label": "2025-09 (Q3)",
      "revenue": 112954000,
      "gross_profit": 64142000,
      "operating_income": -12881000,
      "net_income": -14804000,
      "opex": 77023000,
      "cogs": 48812000,
      "rd": 30091000,
      "sga": null,
      "fcf": 30533000,
      "ocf": 30807000,
      "capex": -274000,
      "gross_margin": 0.5678594826212441,
      "op_margin": -0.11403757281725305,
      "fcf_margin": 0.2703135789790534,
      "incr_op_margin_yoy": -0.09069062407571725,
      "rev_growth_yoy": 0.3148557725886434,
      "rev_growth_yoy_accel": -0.04905610667133714,
      "fcf_margin_change": 0.2635314374286201
    }
  ],
  "signals": [
    {
      "quarter": "2025-09 (Q3)",
      "signal": "FCF MARGIN EXPANSION",
      "detail": "FCF margin: +0.7% -> +27.0% (+26.4%)",
      "severity": "MEDIUM"
    },
    {
      "quarter": "2025-06 (Q2)",
      "signal": "FCF TURNED POSITIVE",
      "detail": "FCF margin: -6.3% -> +0.7%",
      "severity": "HIGH"
    },
    {
      "quarter": "2025-06 (Q2)",
      "signal": "YoY REVENUE GROWTH ACCELERATION",
      "detail": "YoY growth: +36.4% vs prior quarter YoY: +28.5% (accel: +7.9%)",
      "severity": "MEDIUM"
    },
    {
      "quarter": "2024-12 (Q4)",
      "signal": "OPERATING LEVERAGE",
      "detail": "Rev growth +4.4% vs OpEx growth +1.3% (leverage: 3.4x)",
      "severity": "MEDIUM"
    },
    {
      "quarter": "2024-09 (Q3)",
      "signal": "FCF MARGIN EXPANSION",
      "detail": "FCF margin: +0.1% -> +12.4% (+12.3%)",
      "severity": "MEDIUM"
    },
    {
      "quarter": "2024-03 (Q1)",
      "signal": "FCF TURNED POSITIVE",
      "detail": "FCF margin: -7.8% -> +0.8%",
      "severity": "HIGH"
    },
    {
      "quarter": "2023-12 (Q4)",
      "signal": "OPERATING LEVERAGE",
      "detail": "Rev growth +5.4% vs OpEx growth +1.4% (leverage: 4.0x)",
      "severity": "MEDIUM"
    },
    {
      "quarter": "2023-09 (Q3)",
      "signal": "FCF TURNED POSITIVE",
      "detail": "FCF margin: -9.0% -> +4.1%",
      "severity": "HIGH"
    },
    {
      "quarter": "2023-06 (Q2)",
      "signal": "FCF MARGIN EXPANSION",
      "detail": "FCF margin: -16.4% -> -9.0% (+7.4%)",
      "severity": "MEDIUM"
    },
    {
      "quarter": "2023-03 (Q1)",
      "signal": "FCF MARGIN EXPANSION",
      "detail": "FCF margin: -25.4% -> -16.4% (+9.0%)",
      "severity": "MEDIUM"
    },
    {
      "quarter": "2022-09 (Q3)",
      "signal": "FCF MARGIN EXPANSION",
      "detail": "FCF margin: -22.4% -> -9.5% (+13.0%)",
      "severity": "MEDIUM"
    },
    {
      "quarter": "2022-09 (Q3)",
      "signal": "OPERATING LEVERAGE",
      "detail": "Rev growth +5.7% vs OpEx growth +1.6% (leverage: 3.6x)",
      "severity": "MEDIUM"
    },
    {
      "quarter": "2022-03 (Q1)",
      "signal": "FCF MARGIN EXPANSION",
      "detail": "FCF margin: -29.2% -> -19.3% (+10.0%)",
      "severity": "MEDIUM"
    },
    {
      "quarter": "2022-03 (Q1)",
      "signal": "YoY REVENUE GROWTH ACCELERATION",
      "detail": "YoY growth: +34.7% vs prior quarter YoY: +27.3% (accel: +7.3%)",
      "severity": "MEDIUM"
    },
    {
      "quarter": "2021-09 (Q3)",
      "signal": "FCF MARGIN EXPANSION",
      "detail": "FCF margin: -29.0% -> -12.3% (+16.6%)",
      "severity": "MEDIUM"
    },
    {
      "quarter": "2021-06 (Q2)",
      "signal": "GROSS MARGIN INFLECTION",
      "detail": "GM: +57.8% -> +53.4% -> +55.9% (reversal +2.5%)",
      "severity": "MEDIUM"
    },
    {
      "quarter": "2021-03 (Q1)",
      "signal": "FCF MARGIN EXPANSION",
      "detail": "FCF margin: -47.1% -> -6.4% (+40.7%)",
      "severity": "MEDIUM"
    }
  ],
  "data_quality": {
    "n_quarters": 20,
    "coverage": {
      "revenue": [
        20,
        20
      ],
      "gross_profit": [
        20,
        20
      ],
      "op_income": [
        20,
        20
      ],
      "fcf": [
        20,
        20
      ]
    },
    "gaps": [],
    "warnings": []
  },
  "market_cap": null,
  "source": "SEC EDGAR",
  "last_updated": "2026-02-02T21:33:05.324912",
  "sector": "Technology",
  "industry": "Software - Application"
}