{
  "ticker": "ALLE",
  "name": "Allegion plc",
  "sector": "Industrials",
  "industry": "Security & Protection Services",
  "quarters": [
    {
      "date": "2021-03-31T00:00:00",
      "quarter_label": "2021-03 (Q1)",
      "revenue": 694300000,
      "gross_profit": 297400000,
      "operating_income": 131300000,
      "net_income": 108000000,
      "opex": 166100000,
      "cogs": 396900000,
      "rd": null,
      "sga": 166100000,
      "fcf": 111800000,
      "ocf": 111800000,
      "capex": null,
      "gross_margin": 0.42834509577992225,
      "op_margin": 0.1891113351577128,
      "fcf_margin": 0.16102549330260693
    },
    {
      "date": "2021-06-30T00:00:00",
      "quarter_label": "2021-06 (Q2)",
      "revenue": 746900000,
      "gross_profit": 320500000,
      "operating_income": 145400000,
      "net_income": 118700000,
      "opex": 175100000,
      "cogs": 426400000,
      "rd": null,
      "sga": 175100000,
      "fcf": 155700000,
      "ocf": 155700000,
      "capex": null,
      "gross_margin": 0.42910697549872806,
      "op_margin": 0.19467130807336994,
      "fcf_margin": 0.20846164145133217,
      "op_leverage_ratio": 1.3981884231920239,
      "fcf_margin_change": 0.04743614814872524
    },
    {
      "date": "2021-09-30T00:00:00",
      "quarter_label": "2021-09 (Q3)",
      "revenue": 717000000,
      "gross_profit": 300500000,
      "operating_income": 138400000,
      "net_income": 143500000,
      "opex": 162100000,
      "cogs": 416500000,
      "rd": null,
      "sga": 162100000,
      "fcf": 88900000,
      "ocf": 88900000,
      "capex": null,
      "gross_margin": 0.4191073919107392,
      "op_margin": 0.19302649930264992,
      "fcf_margin": 0.12398884239888423,
      "fcf_margin_change": -0.08447279905244794
    },
    {
      "date": "2021-12-31T00:00:00",
      "quarter_label": "2021-12 (Q4)",
      "revenue": 709200000,
      "gross_profit": 286500000,
      "operating_income": 115100000,
      "net_income": 112800000,
      "opex": 171400000,
      "cogs": 422700000,
      "rd": null,
      "sga": 171400000,
      "fcf": 132200000,
      "ocf": 132200000,
      "capex": null,
      "gross_margin": 0.4039763113367174,
      "op_margin": 0.1622955442752397,
      "fcf_margin": 0.18640721940214325,
      "fcf_margin_change": 0.062418377003259015
    },
    {
      "date": "2022-03-31T00:00:00",
      "quarter_label": "2022-03 (Q1)",
      "revenue": 723600000,
      "gross_profit": 288700000,
      "operating_income": 117000000,
      "net_income": 93000000,
      "opex": 171700000,
      "cogs": 434900000,
      "rd": null,
      "sga": 171700000,
      "fcf": 20500000,
      "ocf": 20500000,
      "capex": null,
      "gross_margin": 0.3989773355444997,
      "op_margin": 0.16169154228855723,
      "fcf_margin": 0.028330569375345494,
      "incr_op_margin_yoy": -0.4880546075085324,
      "rev_growth_yoy": 0.04220077776177445,
      "op_leverage_ratio": 11.60067681895093,
      "fcf_margin_change": -0.15807665002679774
    },
    {
      "date": "2022-06-30T00:00:00",
      "quarter_label": "2022-06 (Q2)",
      "revenue": 773100000,
      "gross_profit": 315000000,
      "operating_income": 147100000,
      "net_income": 115100000,
      "opex": 167900000,
      "cogs": 458100000,
      "rd": null,
      "sga": 167900000,
      "fcf": 88600000,
      "ocf": 88600000,
      "capex": null,
      "gross_margin": 0.4074505238649593,
      "op_margin": 0.1902729271763032,
      "fcf_margin": 0.11460354417281077,
      "incr_op_margin_yoy": 0.0648854961832061,
      "rev_growth_yoy": 0.035078323738117555,
      "rev_growth_yoy_accel": -0.007122454023656896,
      "op_leverage_ratio": null,
      "fcf_margin_change": 0.08627297479746528
    },
    {
      "date": "2022-09-30T00:00:00",
      "quarter_label": "2022-09 (Q3)",
      "revenue": 913700000,
      "gross_profit": 368000000,
      "operating_income": 162900000,
      "net_income": 114600000,
      "opex": 205100000,
      "cogs": 545700000,
      "rd": null,
      "sga": 205100000,
      "fcf": 158000000,
      "ocf": 158000000,
      "capex": null,
      "gross_margin": 0.40275801685454743,
      "op_margin": 0.17828608952610267,
      "fcf_margin": 0.17292327897559373,
      "incr_op_margin_yoy": 0.12455516014234876,
      "rev_growth_yoy": 0.27433751743375173,
      "rev_growth_yoy_accel": 0.23925919369563417,
      "op_leverage_ratio": 0.8208379057641141,
      "fcf_margin_change": 0.05831973480278296
    },
    {
      "date": "2022-12-31T00:00:00",
      "quarter_label": "2022-12 (Q4)",
      "revenue": 861500000,
      "gross_profit": 350700000,
      "operating_income": 159400000,
      "net_income": 135300000,
      "opex": 191300000,
      "cogs": 510800000,
      "rd": null,
      "sga": 191300000,
      "fcf": 192400000,
      "ocf": 192400000,
      "capex": null,
      "gross_margin": 0.4070806732443413,
      "op_margin": 0.18502611723737666,
      "fcf_margin": 0.22333139872315727,
      "incr_op_margin_yoy": 0.29087327642810246,
      "rev_growth_yoy": 0.21474901297236323,
      "rev_growth_yoy_accel": -0.0595885044613885,
      "fcf_margin_change": 0.05040811974756354
    },
    {
      "date": "2023-03-31T00:00:00",
      "quarter_label": "2023-03 (Q1)",
      "revenue": 923000000,
      "gross_profit": 391000000,
      "operating_income": 171000000,
      "net_income": 123500000,
      "opex": 220000000,
      "cogs": 532000000,
      "rd": null,
      "sga": 220000000,
      "fcf": 69000000,
      "ocf": 69000000,
      "capex": null,
      "gross_margin": 0.4236186348862405,
      "op_margin": 0.18526543878656554,
      "fcf_margin": 0.07475622968580715,
      "incr_op_margin_yoy": 0.2708124373119358,
      "rev_growth_yoy": 0.27556661138750693,
      "rev_growth_yoy_accel": 0.0608175984151437,
      "op_leverage_ratio": 0.47583119144349556,
      "fcf_margin_change": -0.14857516903735013
    },
    {
      "date": "2023-06-30T00:00:00",
      "quarter_label": "2023-06 (Q2)",
      "revenue": 912500000,
      "gross_profit": 401900000,
      "operating_income": 184600000,
      "net_income": 142000000,
      "opex": 217300000,
      "cogs": 510600000,
      "rd": null,
      "sga": 217300000,
      "fcf": 161100000,
      "ocf": 161100000,
      "capex": null,
      "gross_margin": 0.44043835616438354,
      "op_margin": 0.2023013698630137,
      "fcf_margin": 0.17654794520547945,
      "incr_op_margin_yoy": 0.26901004304160686,
      "rev_growth_yoy": 0.1803130254818264,
      "rev_growth_yoy_accel": -0.09525358590568053,
      "fcf_margin_change": 0.1017917155196723
    },
    {
      "date": "2023-09-30T00:00:00",
      "quarter_label": "2023-09 (Q3)",
      "revenue": 917900000,
      "gross_profit": 403300000,
      "operating_income": 193100000,
      "net_income": 156300000,
      "opex": 210200000,
      "cogs": 514600000,
      "rd": null,
      "sga": 210200000,
      "fcf": 151000000,
      "ocf": 151000000,
      "capex": null,
      "gross_margin": 0.43937248066238155,
      "op_margin": 0.2103715001634165,
      "fcf_margin": 0.1645059374659549,
      "incr_op_margin_yoy": 7.190476190476191,
      "rev_growth_yoy": 0.004596694757579074,
      "rev_growth_yoy_accel": -0.17571633072424733,
      "fcf_margin_change": -0.012042007739524546
    },
    {
      "date": "2023-12-31T00:00:00",
      "quarter_label": "2023-12 (Q4)",
      "revenue": 897400000,
      "gross_profit": 385300000,
      "operating_income": 159700000,
      "net_income": 118600000,
      "opex": 225600000,
      "cogs": 512100000,
      "rd": null,
      "sga": 218100000,
      "fcf": 219500000,
      "ocf": 219500000,
      "capex": null,
      "gross_margin": 0.42935145977267664,
      "op_margin": 0.1779585469133051,
      "fcf_margin": 0.24459549810563852,
      "incr_op_margin_yoy": 0.008356545961002786,
      "rev_growth_yoy": 0.04167150319210679,
      "rev_growth_yoy_accel": 0.03707480843452771,
      "fcf_margin_change": 0.08008956063968362
    },
    {
      "date": "2024-03-31T00:00:00",
      "quarter_label": "2024-03 (Q1)",
      "revenue": 893900000,
      "gross_profit": 391400000,
      "operating_income": 172100000,
      "net_income": 123800000,
      "opex": 219300000,
      "cogs": 502500000,
      "rd": null,
      "sga": 219300000,
      "fcf": 51100000,
      "ocf": 51100000,
      "capex": null,
      "gross_margin": 0.4378565835104598,
      "op_margin": 0.1925271283141291,
      "fcf_margin": 0.05716523101018011,
      "incr_op_margin_yoy": -0.037800687285223365,
      "rev_growth_yoy": -0.03152762730227519,
      "rev_growth_yoy_accel": -0.07319913049438198,
      "fcf_margin_change": -0.1874302670954584
    },
    {
      "date": "2024-06-30T00:00:00",
      "quarter_label": "2024-06 (Q2)",
      "revenue": 965600000,
      "gross_profit": 428300000,
      "operating_income": 209000000,
      "net_income": 155400000,
      "opex": 219300000,
      "cogs": 537300000,
      "rd": null,
      "sga": 219300000,
      "fcf": 173000000,
      "ocf": 173000000,
      "capex": null,
      "gross_margin": 0.44355840927920465,
      "op_margin": 0.21644573322286662,
      "fcf_margin": 0.17916321458160728,
      "incr_op_margin_yoy": 0.4595103578154426,
      "rev_growth_yoy": 0.05819178082191781,
      "rev_growth_yoy_accel": 0.08971940812419299,
      "op_leverage_ratio": null,
      "fcf_margin_change": 0.12199798357142716
    },
    {
      "date": "2024-09-30T00:00:00",
      "quarter_label": "2024-09 (Q3)",
      "revenue": 967100000,
      "gross_profit": 432100000,
      "operating_income": 215000000,
      "net_income": 174200000,
      "opex": 217100000,
      "cogs": 535000000,
      "rd": null,
      "sga": 217100000,
      "fcf": 231900000,
      "ocf": 231900000,
      "capex": null,
      "gross_margin": 0.4467997104746148,
      "op_margin": 0.2223141350429118,
      "fcf_margin": 0.23978906007651743,
      "incr_op_margin_yoy": 0.4451219512195122,
      "rev_growth_yoy": 0.053600610088244904,
      "rev_growth_yoy_accel": -0.004591170733672906,
      "fcf_margin_change": 0.06062584549491015
    },
    {
      "date": "2024-12-31T00:00:00",
      "quarter_label": "2024-12 (Q4)",
      "revenue": 945600000,
      "gross_profit": 416700000,
      "operating_income": 184600000,
      "net_income": 144100000,
      "opex": 232100000,
      "cogs": 528900000,
      "rd": null,
      "sga": 232100000,
      "fcf": 219000000,
      "ocf": 219000000,
      "capex": null,
      "gross_margin": 0.44067258883248733,
      "op_margin": 0.19521996615905246,
      "fcf_margin": 0.2315989847715736,
      "incr_op_margin_yoy": 0.516597510373444,
      "rev_growth_yoy": 0.053710719857365724,
      "rev_growth_yoy_accel": 0.00011010976912081971,
      "fcf_margin_change": -0.008190075304943839
    },
    {
      "date": "2025-03-31T00:00:00",
      "quarter_label": "2025-03 (Q1)",
      "revenue": 941900000,
      "gross_profit": 422500000,
      "operating_income": 196400000,
      "net_income": 148200000,
      "opex": 226100000,
      "cogs": 519400000,
      "rd": null,
      "sga": 226100000,
      "fcf": 104500000,
      "ocf": 104500000,
      "capex": null,
      "gross_margin": 0.4485614184095976,
      "op_margin": 0.20851470432105318,
      "fcf_margin": 0.11094596029302474,
      "incr_op_margin_yoy": 0.50625,
      "rev_growth_yoy": 0.053697281575120256,
      "rev_growth_yoy_accel": -1.3438282245467614e-05,
      "fcf_margin_change": -0.12065302447854885
    },
    {
      "date": "2025-06-30T00:00:00",
      "quarter_label": "2025-06 (Q2)",
      "revenue": 1022000000,
      "gross_profit": 466500000,
      "operating_income": 219700000,
      "net_income": null,
      "opex": 246800000,
      "cogs": 555500000,
      "rd": null,
      "sga": 246800000,
      "fcf": 209700000,
      "ocf": 209700000,
      "capex": null,
      "gross_margin": 0.45645792563600784,
      "op_margin": 0.2149706457925636,
      "fcf_margin": 0.20518590998043054,
      "incr_op_margin_yoy": 0.18971631205673758,
      "rev_growth_yoy": 0.058409279204639605,
      "rev_growth_yoy_accel": 0.004711997629519349,
      "op_leverage_ratio": 0.9288764153861067,
      "fcf_margin_change": 0.0942399496874058
    },
    {
      "date": "2025-09-30T00:00:00",
      "quarter_label": "2025-09 (Q3)",
      "revenue": 1070200000,
      "gross_profit": 489800000,
      "operating_income": 233800000,
      "net_income": null,
      "opex": 256000000,
      "cogs": 580400000,
      "rd": null,
      "sga": 256000000,
      "fcf": 229500000,
      "ocf": 229500000,
      "capex": null,
      "gross_margin": 0.457671463277892,
      "op_margin": 0.2184638385348533,
      "fcf_margin": 0.21444589796299757,
      "incr_op_margin_yoy": 0.18234723569350145,
      "rev_growth_yoy": 0.10660738289732188,
      "rev_growth_yoy_accel": 0.04819810369268228,
      "op_leverage_ratio": 1.2651833574406535,
      "fcf_margin_change": 0.009259987982567025
    },
    {
      "date": "2025-12-31T00:00:00",
      "quarter_label": "2025-12 (Q4)",
      "revenue": 1033200000,
      "gross_profit": 459500000,
      "operating_income": 209600000,
      "net_income": null,
      "opex": 249900000,
      "cogs": 573700000,
      "rd": null,
      "sga": 249900000,
      "fcf": 240100000,
      "ocf": 240100000,
      "capex": null,
      "gross_margin": 0.444734804490902,
      "op_margin": 0.20286488579171505,
      "fcf_margin": 0.23238482384823847,
      "incr_op_margin_yoy": 0.2853881278538813,
      "rev_growth_yoy": 0.09263959390862944,
      "rev_growth_yoy_accel": -0.013967788988692442,
      "fcf_margin_change": 0.017938925885240903
    }
  ],
  "signals": [
    {
      "quarter": "2025-06 (Q2)",
      "signal": "FCF MARGIN EXPANSION",
      "detail": "FCF margin: +11.1% -> +20.5% (+9.4%)",
      "severity": "MEDIUM"
    },
    {
      "quarter": "2025-03 (Q1)",
      "signal": "INCREMENTAL MARGIN (YoY)",
      "detail": "YoY Incr OPM: +50.6% vs year-ago OPM: +19.3%",
      "severity": "HIGH"
    },
    {
      "quarter": "2024-12 (Q4)",
      "signal": "INCREMENTAL MARGIN (YoY)",
      "detail": "YoY Incr OPM: +51.7% vs year-ago OPM: +17.8%",
      "severity": "HIGH"
    },
    {
      "quarter": "2024-09 (Q3)",
      "signal": "FCF MARGIN EXPANSION",
      "detail": "FCF margin: +17.9% -> +24.0% (+6.1%)",
      "severity": "MEDIUM"
    },
    {
      "quarter": "2024-09 (Q3)",
      "signal": "INCREMENTAL MARGIN (YoY)",
      "detail": "YoY Incr OPM: +44.5% vs year-ago OPM: +21.0%",
      "severity": "HIGH"
    },
    {
      "quarter": "2024-06 (Q2)",
      "signal": "FCF MARGIN EXPANSION",
      "detail": "FCF margin: +5.7% -> +17.9% (+12.2%)",
      "severity": "MEDIUM"
    },
    {
      "quarter": "2024-06 (Q2)",
      "signal": "YoY REVENUE GROWTH ACCELERATION",
      "detail": "YoY growth: +5.8% vs prior quarter YoY: -3.2% (accel: +9.0%)",
      "severity": "MEDIUM"
    },
    {
      "quarter": "2024-06 (Q2)",
      "signal": "INCREMENTAL MARGIN (YoY)",
      "detail": "YoY Incr OPM: +46.0% vs year-ago OPM: +20.2%",
      "severity": "HIGH"
    },
    {
      "quarter": "2024-03 (Q1)",
      "signal": "YoY REVENUE GROWTH DECELERATION",
      "detail": "YoY growth: -3.2% vs prior quarter YoY: +4.2% (decel: -7.3%)",
      "severity": "WARNING"
    },
    {
      "quarter": "2023-12 (Q4)",
      "signal": "FCF MARGIN EXPANSION",
      "detail": "FCF margin: +16.5% -> +24.5% (+8.0%)",
      "severity": "MEDIUM"
    },
    {
      "quarter": "2023-09 (Q3)",
      "signal": "YoY REVENUE GROWTH DECELERATION",
      "detail": "YoY growth: +0.5% vs prior quarter YoY: +18.0% (decel: -17.6%)",
      "severity": "WARNING"
    },
    {
      "quarter": "2023-09 (Q3)",
      "signal": "INCREMENTAL MARGIN (YoY)",
      "detail": "YoY Incr OPM: +719.0% vs year-ago OPM: +17.8%",
      "severity": "HIGH"
    },
    {
      "quarter": "2023-06 (Q2)",
      "signal": "FCF MARGIN EXPANSION",
      "detail": "FCF margin: +7.5% -> +17.7% (+10.2%)",
      "severity": "MEDIUM"
    },
    {
      "quarter": "2023-06 (Q2)",
      "signal": "YoY REVENUE GROWTH DECELERATION",
      "detail": "YoY growth: +18.0% vs prior quarter YoY: +27.6% (decel: -9.5%)",
      "severity": "WARNING"
    },
    {
      "quarter": "2023-03 (Q1)",
      "signal": "YoY REVENUE GROWTH ACCELERATION",
      "detail": "YoY growth: +27.6% vs prior quarter YoY: +21.5% (accel: +6.1%)",
      "severity": "MEDIUM"
    },
    {
      "quarter": "2023-03 (Q1)",
      "signal": "INCREMENTAL MARGIN (YoY)",
      "detail": "YoY Incr OPM: +27.1% vs year-ago OPM: +16.2%",
      "severity": "MEDIUM"
    },
    {
      "quarter": "2022-12 (Q4)",
      "signal": "FCF MARGIN EXPANSION",
      "detail": "FCF margin: +17.3% -> +22.3% (+5.0%)",
      "severity": "MEDIUM"
    },
    {
      "quarter": "2022-12 (Q4)",
      "signal": "YoY REVENUE GROWTH DECELERATION",
      "detail": "YoY growth: +21.5% vs prior quarter YoY: +27.4% (decel: -6.0%)",
      "severity": "WARNING"
    },
    {
      "quarter": "2022-12 (Q4)",
      "signal": "INCREMENTAL MARGIN (YoY)",
      "detail": "YoY Incr OPM: +29.1% vs year-ago OPM: +16.2%",
      "severity": "MEDIUM"
    },
    {
      "quarter": "2022-09 (Q3)",
      "signal": "FCF MARGIN EXPANSION",
      "detail": "FCF margin: +11.5% -> +17.3% (+5.8%)",
      "severity": "MEDIUM"
    },
    {
      "quarter": "2022-09 (Q3)",
      "signal": "YoY REVENUE GROWTH ACCELERATION",
      "detail": "YoY growth: +27.4% vs prior quarter YoY: +3.5% (accel: +23.9%)",
      "severity": "HIGH"
    },
    {
      "quarter": "2022-06 (Q2)",
      "signal": "FCF MARGIN EXPANSION",
      "detail": "FCF margin: +2.8% -> +11.5% (+8.6%)",
      "severity": "MEDIUM"
    },
    {
      "quarter": "2022-03 (Q1)",
      "signal": "OPERATING LEVERAGE",
      "detail": "Rev growth +2.0% vs OpEx growth +0.2% (leverage: 11.6x)",
      "severity": "MEDIUM"
    },
    {
      "quarter": "2021-12 (Q4)",
      "signal": "FCF MARGIN EXPANSION",
      "detail": "FCF margin: +12.4% -> +18.6% (+6.2%)",
      "severity": "MEDIUM"
    }
  ],
  "data_quality": {
    "n_quarters": 20,
    "coverage": {
      "revenue": [
        20,
        20
      ],
      "gross_profit": [
        20,
        20
      ],
      "op_income": [
        20,
        20
      ],
      "fcf": [
        20,
        20
      ]
    },
    "gaps": [],
    "warnings": []
  },
  "market_cap": null,
  "source": "SEC EDGAR",
  "last_updated": "2026-02-24T10:39:07.455830"
}