{
  "ticker": "ALLT",
  "name": "Allot Ltd.",
  "quarters": [
    {
      "date": "2020-06-30T00:00:00",
      "quarter_label": "2020-06 (Q2)",
      "revenue": 32790000,
      "gross_profit": 22952000,
      "operating_income": -3778000,
      "net_income": -3614000,
      "opex": 26730000,
      "cogs": 9838000,
      "rd": 10396000,
      "sga": null,
      "fcf": -3114000,
      "ocf": -769000,
      "capex": -2345000,
      "gross_margin": 0.6999695028972248,
      "op_margin": -0.11521805428484294,
      "fcf_margin": -0.094967978042086
    },
    {
      "date": "2021-06-30T00:00:00",
      "quarter_label": "2021-06 (Q2)",
      "revenue": 35288000,
      "gross_profit": 24466000,
      "operating_income": -3805000,
      "net_income": -3979000,
      "opex": 28271000,
      "cogs": 10822000,
      "rd": 11373000,
      "sga": null,
      "fcf": 1659000,
      "ocf": 3593000,
      "capex": -1934000,
      "gross_margin": 0.6933235094082975,
      "op_margin": -0.10782702335071412,
      "fcf_margin": 0.047013148945817276,
      "incr_op_margin_yoy": -0.010808646917534028,
      "rev_growth_yoy": 0.0761817627325404,
      "op_leverage_ratio": 1.3214396611556165,
      "fcf_margin_change": 0.14198112698790327
    },
    {
      "date": "2022-06-30T00:00:00",
      "quarter_label": "2022-06 (Q2)",
      "revenue": 32772000,
      "gross_profit": 22530000,
      "operating_income": -6473000,
      "net_income": -6233000,
      "opex": 29003000,
      "cogs": 10242000,
      "rd": 12480000,
      "sga": null,
      "fcf": -9084000,
      "ocf": -7803000,
      "capex": -1281000,
      "gross_margin": 0.6874771146100329,
      "op_margin": -0.1975161723422434,
      "fcf_margin": -0.2771878432808495,
      "incr_op_margin_yoy": 1.0604133545310015,
      "rev_growth_yoy": -0.07129902516436182,
      "rev_growth_yoy_accel": -0.14748078789690222,
      "fcf_margin_change": -0.32420099222666676
    },
    {
      "date": "2023-06-30T00:00:00",
      "quarter_label": "2023-06 (Q2)",
      "revenue": 25047000,
      "gross_profit": 17340000,
      "operating_income": -21492000,
      "net_income": -20732000,
      "opex": 38832000,
      "cogs": 7707000,
      "rd": 10752000,
      "sga": null,
      "fcf": -11617000,
      "ocf": -11327000,
      "capex": -290000,
      "gross_margin": 0.6922984788597437,
      "op_margin": -0.8580668343514193,
      "fcf_margin": -0.4638080408831397,
      "incr_op_margin_yoy": 1.9442071197411004,
      "rev_growth_yoy": -0.2357195166605639,
      "rev_growth_yoy_accel": -0.16442049149620208,
      "fcf_margin_change": -0.1866201976022902
    },
    {
      "date": "2024-03-31T00:00:00",
      "quarter_label": "2024-03 (Q1)",
      "revenue": 21890000,
      "gross_profit": 15098000,
      "operating_income": -2743000,
      "net_income": -2510000,
      "opex": 17841000,
      "cogs": 6792000,
      "rd": 7149000,
      "sga": null,
      "fcf": -2738000,
      "ocf": -2309000,
      "capex": -429000,
      "gross_margin": 0.6897213339424395,
      "op_margin": -0.12530835998172682,
      "fcf_margin": -0.12507994518044768,
      "fcf_margin_change": 0.338728095702692
    },
    {
      "date": "2024-06-30T00:00:00",
      "quarter_label": "2024-06 (Q2)",
      "revenue": 22164000,
      "gross_profit": 15175000,
      "operating_income": -3366000,
      "net_income": -3356000,
      "opex": 18541000,
      "cogs": 6989000,
      "rd": 7326000,
      "sga": null,
      "fcf": 217000,
      "ocf": 1174000,
      "capex": -957000,
      "gross_margin": 0.6846688323407327,
      "op_margin": -0.15186789388197075,
      "fcf_margin": 0.009790651506948205,
      "incr_op_margin_yoy": -6.287200832466181,
      "rev_growth_yoy": -0.1151036052221823,
      "op_leverage_ratio": 0.31902590876460224,
      "fcf_margin_change": 0.1348705966873959
    },
    {
      "date": "2025-03-31T00:00:00",
      "quarter_label": "2025-03 (Q1)",
      "revenue": 23150000,
      "gross_profit": 16047000,
      "operating_income": -709000,
      "net_income": -332000,
      "opex": 16756000,
      "cogs": 7103000,
      "rd": 5991000,
      "sga": null,
      "fcf": 1404000,
      "ocf": 1685000,
      "capex": -281000,
      "gross_margin": 0.6931749460043196,
      "op_margin": -0.030626349892008638,
      "fcf_margin": 0.06064794816414687,
      "incr_op_margin_yoy": 1.6142857142857143,
      "rev_growth_yoy": 0.05756052992233897,
      "rev_growth_yoy_accel": 0.17266413514452128,
      "op_leverage_ratio": Infinity,
      "fcf_margin_change": 0.05085729665719867
    },
    {
      "date": "2025-06-30T00:00:00",
      "quarter_label": "2025-06 (Q2)",
      "revenue": 24051000,
      "gross_profit": 17330000,
      "operating_income": -407000,
      "net_income": -1690000,
      "opex": 17737000,
      "cogs": 6721000,
      "rd": 7261000,
      "sga": null,
      "fcf": 3976000,
      "ocf": 4384000,
      "capex": -408000,
      "gross_margin": 0.7205521599933474,
      "op_margin": -0.01692237329009189,
      "fcf_margin": 0.16531537150222445,
      "incr_op_margin_yoy": 1.56809750927398,
      "rev_growth_yoy": 0.08513806172171089,
      "rev_growth_yoy_accel": 0.027577531799371918,
      "op_leverage_ratio": 0.6647757060169132,
      "fcf_margin_change": 0.10466742333807758
    }
  ],
  "signals": [
    {
      "quarter": "2025-06 (Q2)",
      "signal": "FCF MARGIN EXPANSION",
      "detail": "FCF margin: +6.1% -> +16.5% (+10.5%)",
      "severity": "MEDIUM"
    },
    {
      "quarter": "2025-03 (Q1)",
      "signal": "FCF MARGIN EXPANSION",
      "detail": "FCF margin: +1.0% -> +6.1% (+5.1%)",
      "severity": "MEDIUM"
    },
    {
      "quarter": "2025-03 (Q1)",
      "signal": "YoY REVENUE GROWTH ACCELERATION",
      "detail": "YoY growth: +5.8% vs prior quarter YoY: -11.5% (accel: +17.3%)",
      "severity": "HIGH"
    },
    {
      "quarter": "2024-06 (Q2)",
      "signal": "FCF TURNED POSITIVE",
      "detail": "FCF margin: -12.5% -> +1.0%",
      "severity": "HIGH"
    },
    {
      "quarter": "2024-03 (Q1)",
      "signal": "FCF MARGIN EXPANSION",
      "detail": "FCF margin: -46.4% -> -12.5% (+33.9%)",
      "severity": "MEDIUM"
    },
    {
      "quarter": "2023-06 (Q2)",
      "signal": "YoY REVENUE GROWTH DECELERATION",
      "detail": "YoY growth: -23.6% vs prior quarter YoY: -7.1% (decel: -16.4%)",
      "severity": "WARNING"
    },
    {
      "quarter": "2022-06 (Q2)",
      "signal": "YoY REVENUE GROWTH DECELERATION",
      "detail": "YoY growth: -7.1% vs prior quarter YoY: +7.6% (decel: -14.7%)",
      "severity": "WARNING"
    },
    {
      "quarter": "2021-06 (Q2)",
      "signal": "FCF TURNED POSITIVE",
      "detail": "FCF margin: -9.5% -> +4.7%",
      "severity": "HIGH"
    }
  ],
  "data_quality": {
    "n_quarters": 8,
    "coverage": {
      "revenue": [
        8,
        8
      ],
      "gross_profit": [
        8,
        8
      ],
      "op_income": [
        8,
        8
      ],
      "fcf": [
        8,
        8
      ]
    },
    "gaps": [
      [
        "2020-06 (Q2)",
        "2021-06 (Q2)",
        365
      ],
      [
        "2021-06 (Q2)",
        "2022-06 (Q2)",
        365
      ],
      [
        "2022-06 (Q2)",
        "2023-06 (Q2)",
        365
      ],
      [
        "2023-06 (Q2)",
        "2024-03 (Q1)",
        275
      ],
      [
        "2024-06 (Q2)",
        "2025-03 (Q1)",
        274
      ]
    ],
    "warnings": [
      "gap: 3Q missing between 2020-06 (Q2) and 2021-06 (Q2)",
      "gap: 3Q missing between 2021-06 (Q2) and 2022-06 (Q2)",
      "gap: 3Q missing between 2022-06 (Q2) and 2023-06 (Q2)",
      "gap: 2Q missing between 2023-06 (Q2) and 2024-03 (Q1)",
      "gap: 2Q missing between 2024-06 (Q2) and 2025-03 (Q1)"
    ]
  },
  "market_cap": null,
  "source": "SEC EDGAR",
  "last_updated": "2026-02-02T22:24:37.163790",
  "sector": "Technology",
  "industry": "Software - Infrastructure"
}