{
  "ticker": "ALNY",
  "name": "Alnylam Pharmaceuticals, Inc.(Exact name of Registrant as Specified in Its Charter)",
  "quarters": [
    {
      "date": "2020-12-31T00:00:00",
      "quarter_label": "2020-12 (Q4)",
      "revenue": 163562000,
      "gross_profit": 140538000,
      "operating_income": -194222000,
      "net_income": -243540000,
      "opex": 357784000,
      "cogs": 23024000,
      "rd": 168469000,
      "sga": 166291000,
      "fcf": -144812000,
      "ocf": -123144000,
      "capex": -21668000,
      "gross_margin": 0.8592338073635686,
      "op_margin": -1.1874518531199179,
      "fcf_margin": -0.885364571232927
    },
    {
      "date": "2021-03-31T00:00:00",
      "quarter_label": "2021-03 (Q1)",
      "revenue": 177566000,
      "gross_profit": 154543000,
      "operating_income": -186254000,
      "net_income": -200291000,
      "opex": 363820000,
      "cogs": 23023000,
      "rd": 185899000,
      "sga": 146859000,
      "fcf": -252838000,
      "ocf": -235660000,
      "capex": -17178000,
      "gross_margin": 0.8703411689174729,
      "op_margin": -1.0489282858204836,
      "fcf_margin": -1.4239099827669712,
      "op_leverage_ratio": 5.0750622516718575,
      "fcf_margin_change": -0.5385454115340442
    },
    {
      "date": "2021-06-30T00:00:00",
      "quarter_label": "2021-06 (Q2)",
      "revenue": 220553000,
      "gross_profit": 190297000,
      "operating_income": -146160000,
      "net_income": -189559000,
      "opex": 366713000,
      "cogs": 30256000,
      "rd": 182635000,
      "sga": 145323000,
      "fcf": -133102000,
      "ocf": -121856000,
      "capex": -11246000,
      "gross_margin": 0.8628175540573014,
      "op_margin": -0.662697854937362,
      "fcf_margin": -0.6034921311430812,
      "op_leverage_ratio": 30.44496378242832,
      "fcf_margin_change": 0.82041785162389
    },
    {
      "date": "2021-09-30T00:00:00",
      "quarter_label": "2021-09 (Q3)",
      "revenue": 187633000,
      "gross_profit": 159542000,
      "operating_income": -181677000,
      "net_income": -204514000,
      "opex": 369310000,
      "cogs": 28091000,
      "rd": 194572000,
      "sga": 142075000,
      "fcf": -160098000,
      "ocf": -134036000,
      "capex": -26062000,
      "gross_margin": 0.8502875293791604,
      "op_margin": -0.9682571829049261,
      "fcf_margin": -0.853250760793677,
      "fcf_margin_change": -0.2497586296505958
    },
    {
      "date": "2021-12-31T00:00:00",
      "quarter_label": "2021-12 (Q4)",
      "revenue": 258535000,
      "gross_profit": 224900000,
      "operating_income": -194561000,
      "net_income": -258460000,
      "opex": 453096000,
      "cogs": 33635000,
      "rd": 229050000,
      "sga": 186382000,
      "fcf": -172027000,
      "ocf": -150141000,
      "capex": -21886000,
      "gross_margin": 0.8699015607171176,
      "op_margin": -0.752551878855861,
      "fcf_margin": -0.6653915330612876,
      "incr_op_margin_yoy": -0.0035694355237804428,
      "rev_growth_yoy": 0.5806544307357455,
      "op_leverage_ratio": 1.665592948491694,
      "fcf_margin_change": 0.1878592277323894
    },
    {
      "date": "2022-03-31T00:00:00",
      "quarter_label": "2022-03 (Q1)",
      "revenue": 213259000,
      "gross_profit": 189802000,
      "operating_income": -146732000,
      "net_income": -240341000,
      "opex": 359991000,
      "cogs": 23457000,
      "rd": 169893000,
      "sga": 154471000,
      "fcf": -189052000,
      "ocf": -171193000,
      "capex": -17859000,
      "gross_margin": 0.8900069868094664,
      "op_margin": -0.6880459910249977,
      "fcf_margin": -0.8864901364069043,
      "incr_op_margin_yoy": 1.107275936458129,
      "rev_growth_yoy": 0.20101258123739904,
      "rev_growth_yoy_accel": -0.37964184949834645,
      "fcf_margin_change": -0.2210986033456167
    },
    {
      "date": "2022-06-30T00:00:00",
      "quarter_label": "2022-06 (Q2)",
      "revenue": 224818000,
      "gross_profit": 190780000,
      "operating_income": -191686000,
      "net_income": -277402000,
      "opex": 416504000,
      "cogs": 34038000,
      "rd": 205712000,
      "sga": 169984000,
      "fcf": -138874000,
      "ocf": -122819000,
      "capex": -16055000,
      "gross_margin": 0.8485975322260673,
      "op_margin": -0.8526274586554458,
      "fcf_margin": -0.6177174425535322,
      "incr_op_margin_yoy": -10.67432590855803,
      "rev_growth_yoy": 0.019337755550819985,
      "rev_growth_yoy_accel": -0.18167482568657906,
      "op_leverage_ratio": 0.34526787836883455,
      "fcf_margin_change": 0.2687726938533721
    },
    {
      "date": "2022-09-30T00:00:00",
      "quarter_label": "2022-09 (Q3)",
      "revenue": 264306000,
      "gross_profit": 227799000,
      "operating_income": -258040000,
      "net_income": -405920000,
      "opex": 522346000,
      "cogs": 36507000,
      "rd": 245371000,
      "sga": 235859000,
      "fcf": -131794000,
      "ocf": -115284000,
      "capex": -16510000,
      "gross_margin": 0.8618760073551112,
      "op_margin": -0.976292630511604,
      "fcf_margin": -0.498641725878338,
      "incr_op_margin_yoy": -0.9959568557380043,
      "rev_growth_yoy": 0.4086328097935864,
      "rev_growth_yoy_accel": 0.38929505424276645,
      "op_leverage_ratio": 0.6911864202054595,
      "fcf_margin_change": 0.11907571667519423
    },
    {
      "date": "2022-12-31T00:00:00",
      "quarter_label": "2022-12 (Q4)",
      "revenue": 335035000,
      "gross_profit": 288863000,
      "operating_income": -188614000,
      "net_income": -207493000,
      "opex": 523649000,
      "cogs": 46172000,
      "rd": 262039000,
      "sga": 210344000,
      "fcf": -153613000,
      "ocf": -131978000,
      "capex": -21635000,
      "gross_margin": 0.862187532645843,
      "op_margin": -0.5629680481143761,
      "fcf_margin": -0.4584983658423747,
      "incr_op_margin_yoy": 0.07773856209150327,
      "rev_growth_yoy": 0.29589804088421295,
      "rev_growth_yoy_accel": -0.11273476890937345,
      "op_leverage_ratio": 107.27644011009613,
      "fcf_margin_change": 0.040143360035963305
    },
    {
      "date": "2023-03-31T00:00:00",
      "quarter_label": "2023-03 (Q1)",
      "revenue": 319290000,
      "gross_profit": 277858000,
      "operating_income": -149807000,
      "net_income": -174101000,
      "opex": 469097000,
      "cogs": 41432000,
      "rd": 230569000,
      "sga": 183659000,
      "fcf": -180366000,
      "ocf": -166475000,
      "capex": -13891000,
      "gross_margin": 0.8702370885401985,
      "op_margin": -0.4691878856212221,
      "fcf_margin": -0.56489711547496,
      "incr_op_margin_yoy": -0.029000952551612263,
      "rev_growth_yoy": 0.4971935533787554,
      "rev_growth_yoy_accel": 0.20129551249454247,
      "fcf_margin_change": -0.10639874963258533
    },
    {
      "date": "2023-06-30T00:00:00",
      "quarter_label": "2023-06 (Q2)",
      "revenue": 318754000,
      "gross_profit": 243418000,
      "operating_income": -229831000,
      "net_income": -276024000,
      "opex": 548585000,
      "cogs": 75336000,
      "rd": 248526000,
      "sga": 214689000,
      "fcf": -74905000,
      "ocf": -58986000,
      "capex": -15919000,
      "gross_margin": 0.7636547306073022,
      "op_margin": -0.7210293831606819,
      "fcf_margin": -0.23499312949798276,
      "incr_op_margin_yoy": -0.4060743484925907,
      "rev_growth_yoy": 0.4178313124393954,
      "rev_growth_yoy_accel": -0.07936224093936001,
      "fcf_margin_change": 0.32990398597697723
    },
    {
      "date": "2023-09-30T00:00:00",
      "quarter_label": "2023-09 (Q3)",
      "revenue": 750530000,
      "gross_profit": 671057000,
      "operating_income": 213867000,
      "net_income": 147753000,
      "opex": 536663000,
      "cogs": 79473000,
      "rd": 253179000,
      "sga": 199175000,
      "fcf": 342320000,
      "ocf": 359412000,
      "capex": -17092000,
      "gross_margin": 0.8941108283479674,
      "op_margin": 0.2849546320600109,
      "fcf_margin": 0.45610435292393375,
      "incr_op_margin_yoy": 0.9705547237487249,
      "rev_growth_yoy": 1.8396252828161297,
      "rev_growth_yoy_accel": 1.4217939703767342,
      "op_leverage_ratio": Infinity,
      "fcf_margin_change": 0.6910974824219165
    },
    {
      "date": "2023-12-31T00:00:00",
      "quarter_label": "2023-12 (Q4)",
      "revenue": 439718000,
      "gross_profit": 367743000,
      "operating_income": -116404000,
      "net_income": -137870000,
      "opex": 556122000,
      "cogs": 71975000,
      "rd": 272141000,
      "sga": 198123000,
      "fcf": -45104000,
      "ocf": -29795000,
      "capex": -15309000,
      "gross_margin": 0.8363155476919298,
      "op_margin": -0.26472420960706633,
      "fcf_margin": -0.10257483205145115,
      "incr_op_margin_yoy": 0.6897968151466809,
      "rev_growth_yoy": 0.31245392272449146,
      "rev_growth_yoy_accel": -1.5271713600916383,
      "fcf_margin_change": -0.5586791849753849
    },
    {
      "date": "2024-03-31T00:00:00",
      "quarter_label": "2024-03 (Q1)",
      "revenue": 494333000,
      "gross_profit": 439720000,
      "operating_income": -43435000,
      "net_income": -65935000,
      "opex": 537768000,
      "cogs": 54613000,
      "rd": 260995000,
      "sga": 210797000,
      "fcf": -94488000,
      "ocf": -81515000,
      "capex": -12973000,
      "gross_margin": 0.8895218405406882,
      "op_margin": -0.0878658717908778,
      "fcf_margin": -0.19114240805287125,
      "incr_op_margin_yoy": 0.6076906817182064,
      "rev_growth_yoy": 0.5482257508847755,
      "rev_growth_yoy_accel": 0.23577182816028408,
      "op_leverage_ratio": Infinity,
      "fcf_margin_change": -0.0885675760014201
    },
    {
      "date": "2024-06-30T00:00:00",
      "quarter_label": "2024-06 (Q2)",
      "revenue": 659825000,
      "gross_profit": 592554000,
      "operating_income": 48614000,
      "net_income": -16889000,
      "opex": 611211000,
      "cogs": 67271000,
      "rd": 294142000,
      "sga": 248397000,
      "fcf": 116140000,
      "ocf": 124158000,
      "capex": -8018000,
      "gross_margin": 0.898047209487364,
      "op_margin": 0.0736771113552836,
      "fcf_margin": 0.17601636797635736,
      "incr_op_margin_yoy": 0.8163842718964673,
      "rev_growth_yoy": 1.0700132390495491,
      "rev_growth_yoy_accel": 0.5217874881647736,
      "op_leverage_ratio": 2.451330948550794,
      "fcf_margin_change": 0.36715877602922864
    },
    {
      "date": "2024-09-30T00:00:00",
      "quarter_label": "2024-09 (Q3)",
      "revenue": 500919000,
      "gross_profit": 418939000,
      "operating_income": -76905000,
      "net_income": -111570000,
      "opex": 577824000,
      "cogs": 81980000,
      "rd": 270926000,
      "sga": 220993000,
      "fcf": 39515000,
      "ocf": 43707000,
      "capex": -4192000,
      "gross_margin": 0.8363408055993085,
      "op_margin": -0.15352781587442282,
      "fcf_margin": 0.07888500935280954,
      "incr_op_margin_yoy": 1.1649005853107435,
      "rev_growth_yoy": -0.33257964371843896,
      "rev_growth_yoy_accel": -1.402592882767988,
      "fcf_margin_change": -0.09713135862354783
    },
    {
      "date": "2024-12-31T00:00:00",
      "quarter_label": "2024-12 (Q4)",
      "revenue": 593166000,
      "gross_profit": 490517000,
      "operating_income": -105159000,
      "net_income": -83763000,
      "opex": 698325000,
      "cogs": 102649000,
      "rd": 300169000,
      "sga": 295339000,
      "fcf": -103756000,
      "ocf": -94662000,
      "capex": -9094000,
      "gross_margin": 0.8269472626549735,
      "op_margin": -0.17728426781036,
      "fcf_margin": -0.1749189940084226,
      "incr_op_margin_yoy": 0.0732821542151087,
      "rev_growth_yoy": 0.3489691120217958,
      "rev_growth_yoy_accel": 0.6815487557402348,
      "op_leverage_ratio": 0.8830588993532658,
      "fcf_margin_change": -0.2538040033612321
    },
    {
      "date": "2025-03-31T00:00:00",
      "quarter_label": "2025-03 (Q1)",
      "revenue": 594189000,
      "gross_profit": 524006000,
      "operating_income": 18077000,
      "net_income": -57479000,
      "opex": 576112000,
      "cogs": 70183000,
      "rd": 265122000,
      "sga": 239949000,
      "fcf": -127284000,
      "ocf": -118314000,
      "capex": -8970000,
      "gross_margin": 0.8818843835883868,
      "op_margin": 0.03042297989360288,
      "fcf_margin": -0.21421466906994238,
      "incr_op_margin_yoy": 0.6160070501522192,
      "rev_growth_yoy": 0.20200148482905247,
      "rev_growth_yoy_accel": -0.14696762719274334,
      "fcf_margin_change": -0.03929567506151979
    },
    {
      "date": "2025-06-30T00:00:00",
      "quarter_label": "2025-06 (Q2)",
      "revenue": 773689000,
      "gross_profit": 631660000,
      "operating_income": -16199000,
      "net_income": -66277000,
      "opex": 789888000,
      "cogs": 142029000,
      "rd": 323621000,
      "sga": 323314000,
      "fcf": 139437000,
      "ocf": 153730000,
      "capex": -14293000,
      "gross_margin": 0.8164262384498164,
      "op_margin": -0.02093735338100968,
      "fcf_margin": 0.18022357820778118,
      "incr_op_margin_yoy": -0.5692141502142908,
      "rev_growth_yoy": 0.1725669685143788,
      "rev_growth_yoy_accel": -0.02943451631467367,
      "op_leverage_ratio": 0.8141188679229581,
      "fcf_margin_change": 0.3944382472777236
    },
    {
      "date": "2025-09-30T00:00:00",
      "quarter_label": "2025-09 (Q3)",
      "revenue": 1249026000,
      "gross_profit": 1051795000,
      "operating_income": 367982000,
      "net_income": 251084000,
      "opex": 881044000,
      "cogs": 197231000,
      "rd": 358814000,
      "sga": 322076000,
      "fcf": 312967000,
      "ocf": 325109000,
      "capex": -12142000,
      "gross_margin": 0.842092158209677,
      "op_margin": 0.29461516413589467,
      "fcf_margin": 0.25056884324265466,
      "incr_op_margin_yoy": 0.5946836481947101,
      "rev_growth_yoy": 1.493469003970702,
      "rev_growth_yoy_accel": 1.320902035456323,
      "op_leverage_ratio": 5.3237230543690925,
      "fcf_margin_change": 0.07034526503487348
    }
  ],
  "signals": [
    {
      "quarter": "2025-09 (Q3)",
      "signal": "FCF MARGIN EXPANSION",
      "detail": "FCF margin: +18.0% -> +25.1% (+7.0%)",
      "severity": "MEDIUM"
    },
    {
      "quarter": "2025-09 (Q3)",
      "signal": "OPERATING LEVERAGE",
      "detail": "Rev growth +61.4% vs OpEx growth +11.5% (leverage: 5.3x)",
      "severity": "MEDIUM"
    },
    {
      "quarter": "2025-09 (Q3)",
      "signal": "GROSS MARGIN INFLECTION",
      "detail": "GM: +88.2% -> +81.6% -> +84.2% (reversal +2.6%)",
      "severity": "MEDIUM"
    },
    {
      "quarter": "2025-09 (Q3)",
      "signal": "YoY REVENUE GROWTH ACCELERATION",
      "detail": "YoY growth: +149.3% vs prior quarter YoY: +17.3% (accel: +132.1%)",
      "severity": "HIGH"
    },
    {
      "quarter": "2025-09 (Q3)",
      "signal": "OP MARGIN TURNED POSITIVE (YoY)",
      "detail": "Op margin: -15.4% (year-ago) -> +29.5%",
      "severity": "HIGH"
    },
    {
      "quarter": "2025-09 (Q3)",
      "signal": "OP MARGIN TURNED POSITIVE (QoQ)",
      "detail": "Op margin: -2.1% -> +29.5%",
      "severity": "HIGH"
    },
    {
      "quarter": "2025-06 (Q2)",
      "signal": "FCF TURNED POSITIVE",
      "detail": "FCF margin: -21.4% -> +18.0%",
      "severity": "HIGH"
    },
    {
      "quarter": "2025-03 (Q1)",
      "signal": "GROSS MARGIN INFLECTION",
      "detail": "GM: +83.6% -> +82.7% -> +88.2% (reversal +5.5%)",
      "severity": "HIGH"
    },
    {
      "quarter": "2025-03 (Q1)",
      "signal": "YoY REVENUE GROWTH DECELERATION",
      "detail": "YoY growth: +20.2% vs prior quarter YoY: +34.9% (decel: -14.7%)",
      "severity": "WARNING"
    },
    {
      "quarter": "2025-03 (Q1)",
      "signal": "OP MARGIN TURNED POSITIVE (YoY)",
      "detail": "Op margin: -8.8% (year-ago) -> +3.0%",
      "severity": "HIGH"
    },
    {
      "quarter": "2025-03 (Q1)",
      "signal": "OP MARGIN TURNED POSITIVE (QoQ)",
      "detail": "Op margin: -17.7% -> +3.0%",
      "severity": "HIGH"
    },
    {
      "quarter": "2024-12 (Q4)",
      "signal": "YoY REVENUE GROWTH ACCELERATION",
      "detail": "YoY growth: +34.9% vs prior quarter YoY: -33.3% (accel: +68.2%)",
      "severity": "HIGH"
    },
    {
      "quarter": "2024-09 (Q3)",
      "signal": "YoY REVENUE GROWTH DECELERATION",
      "detail": "YoY growth: -33.3% vs prior quarter YoY: +107.0% (decel: -140.3%)",
      "severity": "WARNING"
    },
    {
      "quarter": "2024-06 (Q2)",
      "signal": "FCF TURNED POSITIVE",
      "detail": "FCF margin: -19.1% -> +17.6%",
      "severity": "HIGH"
    },
    {
      "quarter": "2024-06 (Q2)",
      "signal": "OPERATING LEVERAGE",
      "detail": "Rev growth +33.5% vs OpEx growth +13.7% (leverage: 2.5x)",
      "severity": "MEDIUM"
    },
    {
      "quarter": "2024-06 (Q2)",
      "signal": "YoY REVENUE GROWTH ACCELERATION",
      "detail": "YoY growth: +107.0% vs prior quarter YoY: +54.8% (accel: +52.2%)",
      "severity": "HIGH"
    },
    {
      "quarter": "2024-06 (Q2)",
      "signal": "OP MARGIN TURNED POSITIVE (YoY)",
      "detail": "Op margin: -72.1% (year-ago) -> +7.4%",
      "severity": "HIGH"
    },
    {
      "quarter": "2024-06 (Q2)",
      "signal": "OP MARGIN TURNED POSITIVE (QoQ)",
      "detail": "Op margin: -8.8% -> +7.4%",
      "severity": "HIGH"
    },
    {
      "quarter": "2024-03 (Q1)",
      "signal": "GROSS MARGIN INFLECTION",
      "detail": "GM: +89.4% -> +83.6% -> +89.0% (reversal +5.3%)",
      "severity": "HIGH"
    },
    {
      "quarter": "2024-03 (Q1)",
      "signal": "YoY REVENUE GROWTH ACCELERATION",
      "detail": "YoY growth: +54.8% vs prior quarter YoY: +31.2% (accel: +23.6%)",
      "severity": "HIGH"
    },
    {
      "quarter": "2023-12 (Q4)",
      "signal": "YoY REVENUE GROWTH DECELERATION",
      "detail": "YoY growth: +31.2% vs prior quarter YoY: +184.0% (decel: -152.7%)",
      "severity": "WARNING"
    },
    {
      "quarter": "2023-09 (Q3)",
      "signal": "FCF TURNED POSITIVE",
      "detail": "FCF margin: -23.5% -> +45.6%",
      "severity": "HIGH"
    },
    {
      "quarter": "2023-09 (Q3)",
      "signal": "GROSS MARGIN INFLECTION",
      "detail": "GM: +87.0% -> +76.4% -> +89.4% (reversal +13.0%)",
      "severity": "HIGH"
    },
    {
      "quarter": "2023-09 (Q3)",
      "signal": "YoY REVENUE GROWTH ACCELERATION",
      "detail": "YoY growth: +184.0% vs prior quarter YoY: +41.8% (accel: +142.2%)",
      "severity": "HIGH"
    },
    {
      "quarter": "2023-09 (Q3)",
      "signal": "OP MARGIN TURNED POSITIVE (YoY)",
      "detail": "Op margin: -97.6% (year-ago) -> +28.5%",
      "severity": "HIGH"
    },
    {
      "quarter": "2023-09 (Q3)",
      "signal": "OP MARGIN TURNED POSITIVE (QoQ)",
      "detail": "Op margin: -72.1% -> +28.5%",
      "severity": "HIGH"
    },
    {
      "quarter": "2023-06 (Q2)",
      "signal": "FCF MARGIN EXPANSION",
      "detail": "FCF margin: -56.5% -> -23.5% (+33.0%)",
      "severity": "MEDIUM"
    },
    {
      "quarter": "2023-06 (Q2)",
      "signal": "YoY REVENUE GROWTH DECELERATION",
      "detail": "YoY growth: +41.8% vs prior quarter YoY: +49.7% (decel: -7.9%)",
      "severity": "WARNING"
    },
    {
      "quarter": "2023-03 (Q1)",
      "signal": "YoY REVENUE GROWTH ACCELERATION",
      "detail": "YoY growth: +49.7% vs prior quarter YoY: +29.6% (accel: +20.1%)",
      "severity": "HIGH"
    },
    {
      "quarter": "2022-12 (Q4)",
      "signal": "OPERATING LEVERAGE",
      "detail": "Rev growth +26.8% vs OpEx growth +0.2% (leverage: 107.3x)",
      "severity": "MEDIUM"
    },
    {
      "quarter": "2022-12 (Q4)",
      "signal": "YoY REVENUE GROWTH DECELERATION",
      "detail": "YoY growth: +29.6% vs prior quarter YoY: +40.9% (decel: -11.3%)",
      "severity": "WARNING"
    },
    {
      "quarter": "2022-09 (Q3)",
      "signal": "FCF MARGIN EXPANSION",
      "detail": "FCF margin: -61.8% -> -49.9% (+11.9%)",
      "severity": "MEDIUM"
    },
    {
      "quarter": "2022-09 (Q3)",
      "signal": "YoY REVENUE GROWTH ACCELERATION",
      "detail": "YoY growth: +40.9% vs prior quarter YoY: +1.9% (accel: +38.9%)",
      "severity": "HIGH"
    },
    {
      "quarter": "2022-06 (Q2)",
      "signal": "FCF MARGIN EXPANSION",
      "detail": "FCF margin: -88.6% -> -61.8% (+26.9%)",
      "severity": "MEDIUM"
    },
    {
      "quarter": "2022-06 (Q2)",
      "signal": "YoY REVENUE GROWTH DECELERATION",
      "detail": "YoY growth: +1.9% vs prior quarter YoY: +20.1% (decel: -18.2%)",
      "severity": "WARNING"
    },
    {
      "quarter": "2022-03 (Q1)",
      "signal": "YoY REVENUE GROWTH DECELERATION",
      "detail": "YoY growth: +20.1% vs prior quarter YoY: +58.1% (decel: -38.0%)",
      "severity": "WARNING"
    },
    {
      "quarter": "2021-12 (Q4)",
      "signal": "FCF MARGIN EXPANSION",
      "detail": "FCF margin: -85.3% -> -66.5% (+18.8%)",
      "severity": "MEDIUM"
    },
    {
      "quarter": "2021-12 (Q4)",
      "signal": "OPERATING LEVERAGE",
      "detail": "Rev growth +37.8% vs OpEx growth +22.7% (leverage: 1.7x)",
      "severity": "MEDIUM"
    },
    {
      "quarter": "2021-06 (Q2)",
      "signal": "FCF MARGIN EXPANSION",
      "detail": "FCF margin: -142.4% -> -60.3% (+82.0%)",
      "severity": "MEDIUM"
    },
    {
      "quarter": "2021-06 (Q2)",
      "signal": "OPERATING LEVERAGE",
      "detail": "Rev growth +24.2% vs OpEx growth +0.8% (leverage: 30.4x)",
      "severity": "MEDIUM"
    },
    {
      "quarter": "2021-03 (Q1)",
      "signal": "OPERATING LEVERAGE",
      "detail": "Rev growth +8.6% vs OpEx growth +1.7% (leverage: 5.1x)",
      "severity": "MEDIUM"
    }
  ],
  "data_quality": {
    "n_quarters": 20,
    "coverage": {
      "revenue": [
        20,
        20
      ],
      "gross_profit": [
        20,
        20
      ],
      "op_income": [
        20,
        20
      ],
      "fcf": [
        20,
        20
      ]
    },
    "gaps": [],
    "warnings": []
  },
  "market_cap": null,
  "source": "SEC EDGAR",
  "last_updated": "2026-02-02T20:00:55.337817",
  "sector": "Healthcare",
  "industry": "Biotechnology"
}