{
  "ticker": "ALOT",
  "name": "AstroNova, Inc.",
  "quarters": [
    {
      "date": "2021-01-31T00:00:00",
      "quarter_label": "2021-01 (Q1)",
      "revenue": 29438000,
      "gross_profit": 10983000,
      "operating_income": 1148000,
      "net_income": 837000,
      "opex": 9835000,
      "cogs": 18455000,
      "rd": 1361000,
      "sga": null,
      "fcf": 3392000,
      "ocf": 3877000,
      "capex": -485000,
      "gross_margin": 0.37308920442964877,
      "op_margin": 0.03899721448467967,
      "fcf_margin": 0.11522521910455874
    },
    {
      "date": "2021-05-01T00:00:00",
      "quarter_label": "2021-05 (Q2)",
      "revenue": 29078000,
      "gross_profit": 10888000,
      "operating_income": 735000,
      "net_income": 593000,
      "opex": 10153000,
      "cogs": 18190000,
      "rd": 1717000,
      "sga": null,
      "fcf": 3365000,
      "ocf": 3909000,
      "capex": -544000,
      "gross_margin": 0.37444115826397967,
      "op_margin": 0.025276841598459315,
      "fcf_margin": 0.11572322718206204,
      "fcf_margin_change": 0.0004980080775033036
    },
    {
      "date": "2021-07-31T00:00:00",
      "quarter_label": "2021-07 (Q3)",
      "revenue": 29845000,
      "gross_profit": 12716000,
      "operating_income": 3452000,
      "net_income": 7019000,
      "opex": 9264000,
      "cogs": 17129000,
      "rd": 1539000,
      "sga": null,
      "fcf": 966000,
      "ocf": 1584000,
      "capex": -618000,
      "gross_margin": 0.426068018093483,
      "op_margin": 0.11566426537108393,
      "fcf_margin": 0.032367230691908194,
      "op_leverage_ratio": Infinity,
      "fcf_margin_change": -0.08335599649015385
    },
    {
      "date": "2021-10-30T00:00:00",
      "quarter_label": "2021-10 (Q4)",
      "revenue": 28857000,
      "gross_profit": 10385000,
      "operating_income": 296000,
      "net_income": -425000,
      "opex": 10089000,
      "cogs": 18472000,
      "rd": 1948000,
      "sga": null,
      "fcf": -1990000,
      "ocf": -1645000,
      "capex": -345000,
      "gross_margin": 0.35987801919811485,
      "op_margin": 0.010257476522161,
      "fcf_margin": -0.06896073742939321,
      "fcf_margin_change": -0.1013279681213014
    },
    {
      "date": "2022-01-31T00:00:00",
      "quarter_label": "2022-01 (Q1)",
      "revenue": 29700000,
      "gross_profit": 9751000,
      "operating_income": -226000,
      "net_income": -758000,
      "opex": 9977000,
      "cogs": 19949000,
      "rd": 1550000,
      "sga": null,
      "fcf": -2743000,
      "ocf": -2454000,
      "capex": -289000,
      "gross_margin": 0.32831649831649834,
      "op_margin": -0.007609427609427609,
      "fcf_margin": -0.09235690235690236,
      "rev_growth_yoy": 0.00890006114545825,
      "op_leverage_ratio": Infinity,
      "fcf_margin_change": -0.02339616492750915
    },
    {
      "date": "2022-04-30T00:00:00",
      "quarter_label": "2022-04 (Q2)",
      "revenue": 31010000,
      "gross_profit": 10729000,
      "operating_income": 764000,
      "net_income": 425000,
      "opex": 9965000,
      "cogs": 20281000,
      "rd": 1522000,
      "sga": null,
      "fcf": -1664000,
      "ocf": -1614000,
      "capex": -50000,
      "gross_margin": 0.34598516607545954,
      "op_margin": 0.024637213801999354,
      "fcf_margin": -0.05366010964205095,
      "incr_op_margin_yoy": 0.015010351966873706,
      "rev_growth_yoy": 0.06644198363023592,
      "rev_growth_yoy_accel": 0.057541922484777665,
      "op_leverage_ratio": Infinity,
      "fcf_margin_change": 0.03869679271485141
    },
    {
      "date": "2022-07-30T00:00:00",
      "quarter_label": "2022-07 (Q3)",
      "revenue": 32259000,
      "gross_profit": 11382000,
      "operating_income": 1235000,
      "net_income": 584000,
      "opex": 10147000,
      "cogs": 20877000,
      "rd": 1595000,
      "sga": null,
      "fcf": -2318000,
      "ocf": -2205000,
      "capex": -113000,
      "gross_margin": 0.3528317678787315,
      "op_margin": 0.03828388976719675,
      "fcf_margin": -0.07185591617843083,
      "incr_op_margin_yoy": -0.9183927091963546,
      "rev_growth_yoy": 0.08088457027977886,
      "rev_growth_yoy_accel": 0.01444258664954294,
      "op_leverage_ratio": 2.2052944636788556,
      "fcf_margin_change": -0.01819580653637988
    },
    {
      "date": "2022-10-29T00:00:00",
      "quarter_label": "2022-10 (Q4)",
      "revenue": 39405000,
      "gross_profit": 12482000,
      "operating_income": 1346000,
      "net_income": 289000,
      "opex": 11136000,
      "cogs": 26923000,
      "rd": 1903000,
      "sga": null,
      "fcf": -3695000,
      "ocf": -3636000,
      "capex": -59000,
      "gross_margin": 0.31676183225479,
      "op_margin": 0.034158101763735564,
      "fcf_margin": -0.09376982616419235,
      "incr_op_margin_yoy": 0.09954493742889647,
      "rev_growth_yoy": 0.36552656201268324,
      "rev_growth_yoy_accel": 0.2846419917329044,
      "op_leverage_ratio": 2.2727594913903206,
      "fcf_margin_change": -0.021913909985761523
    },
    {
      "date": "2023-01-31T00:00:00",
      "quarter_label": "2023-01 (Q1)",
      "revenue": 39853000,
      "gross_profit": 13562000,
      "operating_income": 2097000,
      "net_income": 1363000,
      "opex": 11465000,
      "cogs": 26291000,
      "rd": 1801000,
      "sga": null,
      "fcf": 4512000,
      "ocf": 4519000,
      "capex": -7000,
      "gross_margin": 0.3403006047223546,
      "op_margin": 0.052618372519007355,
      "fcf_margin": 0.11321606905377261,
      "incr_op_margin_yoy": 0.22879936964444006,
      "rev_growth_yoy": 0.34185185185185185,
      "rev_growth_yoy_accel": -0.02367471016083139,
      "op_leverage_ratio": 0.3848221010942018,
      "fcf_margin_change": 0.20698589521796495
    },
    {
      "date": "2023-04-29T00:00:00",
      "quarter_label": "2023-04 (Q2)",
      "revenue": 35419000,
      "gross_profit": 12385000,
      "operating_income": 1461000,
      "net_income": 848000,
      "opex": 10924000,
      "cogs": 23034000,
      "rd": 1788000,
      "sga": null,
      "fcf": 2594000,
      "ocf": 2642000,
      "capex": -48000,
      "gross_margin": 0.3496710804935204,
      "op_margin": 0.0412490471216014,
      "fcf_margin": 0.0732375278805161,
      "incr_op_margin_yoy": 0.15808573372646859,
      "rev_growth_yoy": 0.14217994195420833,
      "rev_growth_yoy_accel": -0.19967190989764352,
      "fcf_margin_change": -0.03997854117325651
    },
    {
      "date": "2023-07-29T00:00:00",
      "quarter_label": "2023-07 (Q3)",
      "revenue": 35524000,
      "gross_profit": 9710000,
      "operating_income": -1198000,
      "net_income": -1617000,
      "opex": 10908000,
      "cogs": 25814000,
      "rd": 1557000,
      "sga": null,
      "fcf": 1630000,
      "ocf": 2076000,
      "capex": -446000,
      "gross_margin": 0.2733363359981984,
      "op_margin": -0.03372367976579214,
      "fcf_margin": 0.04588447246931652,
      "incr_op_margin_yoy": -0.7451761102603369,
      "rev_growth_yoy": 0.10121206485011934,
      "rev_growth_yoy_accel": -0.04096787710408899,
      "fcf_margin_change": -0.027353055411199582
    },
    {
      "date": "2023-10-28T00:00:00",
      "quarter_label": "2023-10 (Q4)",
      "revenue": 37549000,
      "gross_profit": 14779000,
      "operating_income": 4618000,
      "net_income": 2752000,
      "opex": 10161000,
      "cogs": 22770000,
      "rd": 1683000,
      "sga": null,
      "fcf": 399000,
      "ocf": 1184000,
      "capex": -785000,
      "gross_margin": 0.39359237263309277,
      "op_margin": 0.12298596500572585,
      "fcf_margin": 0.010626115209459639,
      "incr_op_margin_yoy": -1.7629310344827587,
      "rev_growth_yoy": -0.04710062174850907,
      "rev_growth_yoy_accel": -0.1483126865986284,
      "op_leverage_ratio": Infinity,
      "fcf_margin_change": -0.035258357259856876
    },
    {
      "date": "2024-01-31T00:00:00",
      "quarter_label": "2024-01 (Q1)",
      "revenue": 39593000,
      "gross_profit": 14746000,
      "operating_income": 3914000,
      "net_income": 2711000,
      "opex": 10832000,
      "cogs": 24847000,
      "rd": 1878000,
      "sga": null,
      "fcf": 6856000,
      "ocf": 6452000,
      "capex": 404000,
      "gross_margin": 0.3724395726517314,
      "op_margin": 0.0988558583588008,
      "fcf_margin": 0.17316192256206905,
      "rev_growth_yoy": -0.006523975610368103,
      "rev_growth_yoy_accel": 0.040576646138140965,
      "op_leverage_ratio": 0.8243211582568375,
      "fcf_margin_change": 0.16253580735260942
    },
    {
      "date": "2024-04-27T00:00:00",
      "quarter_label": "2024-04 (Q2)",
      "revenue": 32961000,
      "gross_profit": 11972000,
      "operating_income": 1346000,
      "net_income": 1181000,
      "opex": 10626000,
      "cogs": 20989000,
      "rd": 1603000,
      "sga": null,
      "fcf": 6412000,
      "ocf": 6904000,
      "capex": -492000,
      "gross_margin": 0.3632171354024453,
      "op_margin": 0.040836139680228145,
      "fcf_margin": 0.19453293286004672,
      "incr_op_margin_yoy": 0.0467860048820179,
      "rev_growth_yoy": -0.06939778085208503,
      "rev_growth_yoy_accel": -0.06287380524171693,
      "fcf_margin_change": 0.021371010297977666
    },
    {
      "date": "2024-08-03T00:00:00",
      "quarter_label": "2024-08 (Q3)",
      "revenue": 40539000,
      "gross_profit": 14326000,
      "operating_income": 1061000,
      "net_income": -311000,
      "opex": 13265000,
      "cogs": 26213000,
      "rd": 1412000,
      "sga": null,
      "fcf": -176000,
      "ocf": 162000,
      "capex": -338000,
      "gross_margin": 0.3533880954142924,
      "op_margin": 0.026172327881792842,
      "fcf_margin": -0.004341498310269124,
      "incr_op_margin_yoy": 0.45044865403788636,
      "rev_growth_yoy": 0.14117216529670082,
      "rev_growth_yoy_accel": 0.21056994614878585,
      "op_leverage_ratio": 0.9257306500882765,
      "fcf_margin_change": -0.19887443117031584
    },
    {
      "date": "2024-11-02T00:00:00",
      "quarter_label": "2024-11 (Q4)",
      "revenue": 40422000,
      "gross_profit": 13714000,
      "operating_income": 1264000,
      "net_income": 240000,
      "opex": 12450000,
      "cogs": 26708000,
      "rd": 1843000,
      "sga": null,
      "fcf": -4998000,
      "ocf": -4742000,
      "capex": -256000,
      "gross_margin": 0.33927069417643857,
      "op_margin": 0.03127010044035426,
      "fcf_margin": -0.12364553955766662,
      "incr_op_margin_yoy": -1.167420814479638,
      "rev_growth_yoy": 0.07651335588164798,
      "rev_growth_yoy_accel": -0.06465880941505284,
      "fcf_margin_change": -0.11930404124739749
    },
    {
      "date": "2025-01-31T00:00:00",
      "quarter_label": "2025-01 (Q1)",
      "revenue": 37361000,
      "gross_profit": 12736000,
      "operating_income": -12311000,
      "net_income": -15599000,
      "opex": 25047000,
      "cogs": 24625000,
      "rd": 1751000,
      "sga": null,
      "fcf": 2445000,
      "ocf": 2524000,
      "capex": -79000,
      "gross_margin": 0.34089023313080485,
      "op_margin": -0.32951473461631114,
      "fcf_margin": 0.06544257380691094,
      "incr_op_margin_yoy": 7.26926523297491,
      "rev_growth_yoy": -0.05637360139418584,
      "rev_growth_yoy_accel": -0.13288695727583383,
      "fcf_margin_change": 0.18908811336457756
    },
    {
      "date": "2025-04-30T00:00:00",
      "quarter_label": "2025-04 (Q2)",
      "revenue": 37708000,
      "gross_profit": 12652000,
      "operating_income": 571000,
      "net_income": -376000,
      "opex": 12081000,
      "cogs": 25056000,
      "rd": 1543000,
      "sga": null,
      "fcf": 4335000,
      "ocf": 4395000,
      "capex": -60000,
      "gross_margin": 0.33552561790601465,
      "op_margin": 0.015142675294367244,
      "fcf_margin": 0.11496234220854991,
      "incr_op_margin_yoy": -0.16326100695175902,
      "rev_growth_yoy": 0.1440186887533752,
      "rev_growth_yoy_accel": 0.20039229014756105,
      "fcf_margin_change": 0.049519768401638964
    },
    {
      "date": "2025-07-31T00:00:00",
      "quarter_label": "2025-07 (Q3)",
      "revenue": 36102000,
      "gross_profit": 11633000,
      "operating_income": -708000,
      "net_income": -1243000,
      "opex": 12341000,
      "cogs": 24469000,
      "rd": 1576000,
      "sga": null,
      "fcf": 202000,
      "ocf": 249000,
      "capex": -47000,
      "gross_margin": 0.3222259154617473,
      "op_margin": -0.019611101878012297,
      "fcf_margin": 0.0055952578804498365,
      "incr_op_margin_yoy": 0.39869281045751637,
      "rev_growth_yoy": -0.10945015910604602,
      "rev_growth_yoy_accel": -0.25346884785942125,
      "fcf_margin_change": -0.10936708432810008
    },
    {
      "date": "2025-10-31T00:00:00",
      "quarter_label": "2025-10 (Q4)",
      "revenue": 39169000,
      "gross_profit": 14197000,
      "operating_income": 1287000,
      "net_income": 378000,
      "opex": 12910000,
      "cogs": 24972000,
      "rd": 1898000,
      "sga": null,
      "fcf": 3335000,
      "ocf": 3421000,
      "capex": -86000,
      "gross_margin": 0.36245500268069136,
      "op_margin": 0.032857616993030206,
      "fcf_margin": 0.08514386376981797,
      "incr_op_margin_yoy": -0.018355945730247406,
      "rev_growth_yoy": -0.03099797140171194,
      "rev_growth_yoy_accel": 0.07845218770433408,
      "op_leverage_ratio": 1.8425555925853123,
      "fcf_margin_change": 0.07954860588936814
    }
  ],
  "signals": [
    {
      "quarter": "2025-10 (Q4)",
      "signal": "FCF MARGIN EXPANSION",
      "detail": "FCF margin: +0.6% -> +8.5% (+8.0%)",
      "severity": "MEDIUM"
    },
    {
      "quarter": "2025-10 (Q4)",
      "signal": "OPERATING LEVERAGE",
      "detail": "Rev growth +8.5% vs OpEx growth +4.6% (leverage: 1.8x)",
      "severity": "MEDIUM"
    },
    {
      "quarter": "2025-10 (Q4)",
      "signal": "GROSS MARGIN INFLECTION",
      "detail": "GM: +33.6% -> +32.2% -> +36.2% (reversal +4.0%)",
      "severity": "MEDIUM"
    },
    {
      "quarter": "2025-10 (Q4)",
      "signal": "YoY REVENUE GROWTH ACCELERATION",
      "detail": "YoY growth: -3.1% vs prior quarter YoY: -10.9% (accel: +7.8%)",
      "severity": "MEDIUM"
    },
    {
      "quarter": "2025-10 (Q4)",
      "signal": "OP MARGIN TURNED POSITIVE (QoQ)",
      "detail": "Op margin: -2.0% -> +3.3%",
      "severity": "HIGH"
    },
    {
      "quarter": "2025-07 (Q3)",
      "signal": "YoY REVENUE GROWTH DECELERATION",
      "detail": "YoY growth: -10.9% vs prior quarter YoY: +14.4% (decel: -25.3%)",
      "severity": "WARNING"
    },
    {
      "quarter": "2025-04 (Q2)",
      "signal": "YoY REVENUE GROWTH ACCELERATION",
      "detail": "YoY growth: +14.4% vs prior quarter YoY: -5.6% (accel: +20.0%)",
      "severity": "HIGH"
    },
    {
      "quarter": "2025-04 (Q2)",
      "signal": "OP MARGIN TURNED POSITIVE (QoQ)",
      "detail": "Op margin: -33.0% -> +1.5%",
      "severity": "HIGH"
    },
    {
      "quarter": "2025-01 (Q1)",
      "signal": "FCF TURNED POSITIVE",
      "detail": "FCF margin: -12.4% -> +6.5%",
      "severity": "HIGH"
    },
    {
      "quarter": "2025-01 (Q1)",
      "signal": "YoY REVENUE GROWTH DECELERATION",
      "detail": "YoY growth: -5.6% vs prior quarter YoY: +7.7% (decel: -13.3%)",
      "severity": "WARNING"
    },
    {
      "quarter": "2024-11 (Q4)",
      "signal": "YoY REVENUE GROWTH DECELERATION",
      "detail": "YoY growth: +7.7% vs prior quarter YoY: +14.1% (decel: -6.5%)",
      "severity": "WARNING"
    },
    {
      "quarter": "2024-08 (Q3)",
      "signal": "YoY REVENUE GROWTH ACCELERATION",
      "detail": "YoY growth: +14.1% vs prior quarter YoY: -6.9% (accel: +21.1%)",
      "severity": "HIGH"
    },
    {
      "quarter": "2024-08 (Q3)",
      "signal": "OP MARGIN TURNED POSITIVE (YoY)",
      "detail": "Op margin: -3.4% (year-ago) -> +2.6%",
      "severity": "HIGH"
    },
    {
      "quarter": "2024-04 (Q2)",
      "signal": "YoY REVENUE GROWTH DECELERATION",
      "detail": "YoY growth: -6.9% vs prior quarter YoY: -0.7% (decel: -6.3%)",
      "severity": "WARNING"
    },
    {
      "quarter": "2024-01 (Q1)",
      "signal": "FCF MARGIN EXPANSION",
      "detail": "FCF margin: +1.1% -> +17.3% (+16.3%)",
      "severity": "MEDIUM"
    },
    {
      "quarter": "2023-10 (Q4)",
      "signal": "GROSS MARGIN INFLECTION",
      "detail": "GM: +35.0% -> +27.3% -> +39.4% (reversal +12.0%)",
      "severity": "HIGH"
    },
    {
      "quarter": "2023-10 (Q4)",
      "signal": "YoY REVENUE GROWTH DECELERATION",
      "detail": "YoY growth: -4.7% vs prior quarter YoY: +10.1% (decel: -14.8%)",
      "severity": "WARNING"
    },
    {
      "quarter": "2023-10 (Q4)",
      "signal": "OP MARGIN TURNED POSITIVE (QoQ)",
      "detail": "Op margin: -3.4% -> +12.3%",
      "severity": "HIGH"
    },
    {
      "quarter": "2023-04 (Q2)",
      "signal": "YoY REVENUE GROWTH DECELERATION",
      "detail": "YoY growth: +14.2% vs prior quarter YoY: +34.2% (decel: -20.0%)",
      "severity": "WARNING"
    },
    {
      "quarter": "2023-04 (Q2)",
      "signal": "INCREMENTAL MARGIN (YoY)",
      "detail": "YoY Incr OPM: +15.8% vs year-ago OPM: +2.5%",
      "severity": "MEDIUM"
    },
    {
      "quarter": "2023-01 (Q1)",
      "signal": "FCF TURNED POSITIVE",
      "detail": "FCF margin: -9.4% -> +11.3%",
      "severity": "HIGH"
    },
    {
      "quarter": "2023-01 (Q1)",
      "signal": "GROSS MARGIN INFLECTION",
      "detail": "GM: +35.3% -> +31.7% -> +34.0% (reversal +2.4%)",
      "severity": "MEDIUM"
    },
    {
      "quarter": "2023-01 (Q1)",
      "signal": "OP MARGIN TURNED POSITIVE (YoY)",
      "detail": "Op margin: -0.8% (year-ago) -> +5.3%",
      "severity": "HIGH"
    },
    {
      "quarter": "2022-10 (Q4)",
      "signal": "OPERATING LEVERAGE",
      "detail": "Rev growth +22.2% vs OpEx growth +9.7% (leverage: 2.3x)",
      "severity": "MEDIUM"
    },
    {
      "quarter": "2022-10 (Q4)",
      "signal": "YoY REVENUE GROWTH ACCELERATION",
      "detail": "YoY growth: +36.6% vs prior quarter YoY: +8.1% (accel: +28.5%)",
      "severity": "HIGH"
    },
    {
      "quarter": "2022-07 (Q3)",
      "signal": "OPERATING LEVERAGE",
      "detail": "Rev growth +4.0% vs OpEx growth +1.8% (leverage: 2.2x)",
      "severity": "MEDIUM"
    },
    {
      "quarter": "2022-04 (Q2)",
      "signal": "YoY REVENUE GROWTH ACCELERATION",
      "detail": "YoY growth: +6.6% vs prior quarter YoY: +0.9% (accel: +5.8%)",
      "severity": "MEDIUM"
    },
    {
      "quarter": "2022-04 (Q2)",
      "signal": "OP MARGIN TURNED POSITIVE (QoQ)",
      "detail": "Op margin: -0.8% -> +2.5%",
      "severity": "HIGH"
    }
  ],
  "data_quality": {
    "n_quarters": 20,
    "coverage": {
      "revenue": [
        20,
        20
      ],
      "gross_profit": [
        20,
        20
      ],
      "op_income": [
        20,
        20
      ],
      "fcf": [
        20,
        20
      ]
    },
    "gaps": [],
    "warnings": []
  },
  "market_cap": null,
  "source": "SEC EDGAR",
  "last_updated": "2026-02-02T23:31:07.682635",
  "sector": "Technology",
  "industry": "Computer Hardware"
}