{
  "ticker": "ALRM",
  "name": "ALARM.COM HOLDINGS, INC.",
  "sector": "Technology",
  "industry": "Software - Application",
  "quarters": [
    {
      "date": "2021-03-31T00:00:00",
      "quarter_label": "2021-03 (Q1)",
      "revenue": 172498000,
      "gross_profit": 106736000,
      "operating_income": 15003000,
      "net_income": 14830000,
      "opex": 91733000,
      "cogs": 65762000,
      "rd": 42467000,
      "sga": null,
      "fcf": 17163000,
      "ocf": 21232000,
      "capex": -4069000,
      "gross_margin": 0.6187665943952974,
      "op_margin": 0.08697492144836462,
      "fcf_margin": 0.09949680576006678
    },
    {
      "date": "2021-06-30T00:00:00",
      "quarter_label": "2021-06 (Q2)",
      "revenue": 188857000,
      "gross_profit": 111490000,
      "operating_income": 16725000,
      "net_income": 14745000,
      "opex": 94765000,
      "cogs": 77367000,
      "rd": 43491000,
      "sga": null,
      "fcf": 20764000,
      "ocf": 24076000,
      "capex": -3312000,
      "gross_margin": 0.5903408398947352,
      "op_margin": 0.08855906850156467,
      "fcf_margin": 0.10994562023118021,
      "op_leverage_ratio": 2.8692546100721876,
      "fcf_margin_change": 0.010448814471113427
    },
    {
      "date": "2021-09-30T00:00:00",
      "quarter_label": "2021-09 (Q3)",
      "revenue": 192324000,
      "gross_profit": 111940000,
      "operating_income": 19084000,
      "net_income": 13538000,
      "opex": 92856000,
      "cogs": 80384000,
      "rd": 44143000,
      "sga": null,
      "fcf": 36328000,
      "ocf": 37886000,
      "capex": -1558000,
      "gross_margin": 0.5820386431230632,
      "op_margin": 0.09922838543291529,
      "fcf_margin": 0.18888958216343255,
      "op_leverage_ratio": null,
      "fcf_margin_change": 0.07894396193225234
    },
    {
      "date": "2021-12-31T00:00:00",
      "quarter_label": "2021-12 (Q4)",
      "revenue": 195290000,
      "gross_profit": 112904000,
      "operating_income": 10760000,
      "net_income": 9146000,
      "opex": 102144000,
      "cogs": 82386000,
      "rd": 47612000,
      "sga": null,
      "fcf": 17840000,
      "ocf": 19963000,
      "capex": -2123000,
      "gross_margin": 0.5781350811613498,
      "op_margin": 0.05509754723744175,
      "fcf_margin": 0.09135132367248706,
      "op_leverage_ratio": 0.15417907238468762,
      "fcf_margin_change": -0.09753825849094548
    },
    {
      "date": "2022-03-31T00:00:00",
      "quarter_label": "2022-03 (Q1)",
      "revenue": 205437000,
      "gross_profit": 115350000,
      "operating_income": 8913000,
      "net_income": 9079000,
      "opex": 106437000,
      "cogs": 90087000,
      "rd": 51490000,
      "sga": null,
      "fcf": -16132000,
      "ocf": -13961000,
      "capex": -2171000,
      "gross_margin": 0.5614860030082215,
      "op_margin": 0.0433855634574103,
      "fcf_margin": -0.07852528999157893,
      "incr_op_margin_yoy": -0.18488721576247003,
      "rev_growth_yoy": 0.19095293858479517,
      "op_leverage_ratio": 1.23625945882271,
      "fcf_margin_change": -0.16987661366406598
    },
    {
      "date": "2022-06-30T00:00:00",
      "quarter_label": "2022-06 (Q2)",
      "revenue": 212845000,
      "gross_profit": 125509000,
      "operating_income": 11336000,
      "net_income": 10842000,
      "opex": 114173000,
      "cogs": 87336000,
      "rd": 54156000,
      "sga": null,
      "fcf": 2088000,
      "ocf": 26219000,
      "capex": -24131000,
      "gross_margin": 0.5896732363926801,
      "op_margin": 0.053259414127651575,
      "fcf_margin": 0.009809955601494044,
      "incr_op_margin_yoy": -0.22465399366349842,
      "rev_growth_yoy": 0.1270167375315715,
      "rev_growth_yoy_accel": -0.06393620105322367,
      "op_leverage_ratio": 0.49613340953883256,
      "fcf_margin_change": 0.08833524559307297
    },
    {
      "date": "2022-09-30T00:00:00",
      "quarter_label": "2022-09 (Q3)",
      "revenue": 216138000,
      "gross_profit": 130552000,
      "operating_income": 16316000,
      "net_income": 18332000,
      "opex": 114236000,
      "cogs": 85586000,
      "rd": 55581000,
      "sga": null,
      "fcf": 8415000,
      "ocf": 10197000,
      "capex": -1782000,
      "gross_margin": 0.6040215047793539,
      "op_margin": 0.0754888080763216,
      "fcf_margin": 0.03893345917885795,
      "incr_op_margin_yoy": -0.11623414798017973,
      "rev_growth_yoy": 0.12382229986897111,
      "rev_growth_yoy_accel": -0.0031944376626003856,
      "op_leverage_ratio": null,
      "fcf_margin_change": 0.02912350357736391
    },
    {
      "date": "2022-12-31T00:00:00",
      "quarter_label": "2022-12 (Q4)",
      "revenue": 208139000,
      "gross_profit": 128567000,
      "operating_income": 14472000,
      "net_income": 18085000,
      "opex": 114095000,
      "cogs": 79572000,
      "rd": 57408000,
      "sga": null,
      "fcf": 33890000,
      "ocf": 34446000,
      "capex": -556000,
      "gross_margin": 0.6176977884971101,
      "op_margin": 0.06953045801123288,
      "fcf_margin": 0.16282388211723897,
      "incr_op_margin_yoy": 0.28889407736010586,
      "rev_growth_yoy": 0.0657944595217369,
      "rev_growth_yoy_accel": -0.05802784034723421,
      "fcf_margin_change": 0.12389042293838101
    },
    {
      "date": "2023-03-31T00:00:00",
      "quarter_label": "2023-03 (Q1)",
      "revenue": 209716000,
      "gross_profit": 133544000,
      "operating_income": 8819000,
      "net_income": 14416000,
      "opex": 124725000,
      "cogs": 76172000,
      "rd": 61908000,
      "sga": null,
      "fcf": -5919000,
      "ocf": -3521000,
      "capex": -2398000,
      "gross_margin": 0.6367849854088387,
      "op_margin": 0.042052108565870036,
      "fcf_margin": -0.028223883728470886,
      "incr_op_margin_yoy": -0.02196774947417621,
      "rev_growth_yoy": 0.02082876989052605,
      "rev_growth_yoy_accel": -0.04496568963121085,
      "fcf_margin_change": -0.19104776584570987
    },
    {
      "date": "2023-06-30T00:00:00",
      "quarter_label": "2023-06 (Q2)",
      "revenue": 223875000,
      "gross_profit": 137508000,
      "operating_income": 16159000,
      "net_income": 15799000,
      "opex": 121349000,
      "cogs": 86367000,
      "rd": 60918000,
      "sga": null,
      "fcf": 35793000,
      "ocf": 36788000,
      "capex": -995000,
      "gross_margin": 0.6142177554438861,
      "op_margin": 0.072178671133445,
      "fcf_margin": 0.15987939698492462,
      "incr_op_margin_yoy": 0.4372620126926564,
      "rev_growth_yoy": 0.05182174822053607,
      "rev_growth_yoy_accel": 0.03099297833001002,
      "op_leverage_ratio": null,
      "fcf_margin_change": 0.1881032807133955
    },
    {
      "date": "2023-09-30T00:00:00",
      "quarter_label": "2023-09 (Q3)",
      "revenue": 221854000,
      "gross_profit": 140449000,
      "operating_income": 16171000,
      "net_income": 19524000,
      "opex": 124278000,
      "cogs": 81405000,
      "rd": 61014000,
      "sga": null,
      "fcf": 60870000,
      "ocf": 62826000,
      "capex": -1956000,
      "gross_margin": 0.6330694961551291,
      "op_margin": 0.07289027919262217,
      "fcf_margin": 0.2743696304777016,
      "incr_op_margin_yoy": -0.025367389783065082,
      "rev_growth_yoy": 0.0264460668646883,
      "rev_growth_yoy_accel": -0.02537568135584777,
      "fcf_margin_change": 0.11449023349277695
    },
    {
      "date": "2023-12-31T00:00:00",
      "quarter_label": "2023-12 (Q4)",
      "revenue": 226237000,
      "gross_profit": 145022000,
      "operating_income": 25680000,
      "net_income": 31304000,
      "opex": 119342000,
      "cogs": 81215000,
      "rd": 61274000,
      "sga": null,
      "fcf": 37704000,
      "ocf": 39872000,
      "capex": -2168000,
      "gross_margin": 0.6410180474458201,
      "op_margin": 0.11350928451137524,
      "fcf_margin": 0.16665708968913132,
      "incr_op_margin_yoy": 0.6192949497182009,
      "rev_growth_yoy": 0.08695150836700474,
      "rev_growth_yoy_accel": 0.060505441502316445,
      "op_leverage_ratio": null,
      "fcf_margin_change": -0.10771254078857026
    },
    {
      "date": "2024-03-31T00:00:00",
      "quarter_label": "2024-03 (Q1)",
      "revenue": 223283000,
      "gross_profit": 146768000,
      "operating_income": 18725000,
      "net_income": 23595000,
      "opex": 128043000,
      "cogs": 76515000,
      "rd": 65956000,
      "sga": null,
      "fcf": 46787000,
      "ocf": 49853000,
      "capex": -3066000,
      "gross_margin": 0.6573182911372563,
      "op_margin": 0.0838621838653189,
      "fcf_margin": 0.20954125482011618,
      "incr_op_margin_yoy": 0.7301540502690351,
      "rev_growth_yoy": 0.06469225047206699,
      "rev_growth_yoy_accel": -0.022259257894937753,
      "fcf_margin_change": 0.042884165130984864
    },
    {
      "date": "2024-06-30T00:00:00",
      "quarter_label": "2024-06 (Q2)",
      "revenue": 233807000,
      "gross_profit": 152525000,
      "operating_income": 25774000,
      "net_income": 33511000,
      "opex": 126751000,
      "cogs": 81282000,
      "rd": 65730000,
      "sga": null,
      "fcf": 20971000,
      "ocf": 22963000,
      "capex": -1992000,
      "gross_margin": 0.6523542922153742,
      "op_margin": 0.11023622047244094,
      "fcf_margin": 0.08969363620421972,
      "incr_op_margin_yoy": 0.9680829641562626,
      "rev_growth_yoy": 0.044364042434394194,
      "rev_growth_yoy_accel": -0.020328208037672796,
      "op_leverage_ratio": null,
      "fcf_margin_change": -0.11984761861589646
    },
    {
      "date": "2024-09-30T00:00:00",
      "quarter_label": "2024-09 (Q3)",
      "revenue": 240497000,
      "gross_profit": 155749000,
      "operating_income": 33194000,
      "net_income": 36682000,
      "opex": 122555000,
      "cogs": 84748000,
      "rd": 62221000,
      "sga": null,
      "fcf": 74530000,
      "ocf": 77337000,
      "capex": -2807000,
      "gross_margin": 0.6476130679384774,
      "op_margin": 0.13802251171532284,
      "fcf_margin": 0.3098999155914627,
      "incr_op_margin_yoy": 0.9131041141447191,
      "rev_growth_yoy": 0.08403274225391473,
      "rev_growth_yoy_accel": 0.039668699819520536,
      "op_leverage_ratio": null,
      "fcf_margin_change": 0.22020627938724296
    },
    {
      "date": "2024-12-31T00:00:00",
      "quarter_label": "2024-12 (Q4)",
      "revenue": 242240000,
      "gross_profit": 158636000,
      "operating_income": 30855000,
      "net_income": 30328000,
      "opex": 127781000,
      "cogs": 83604000,
      "rd": 61971000,
      "sga": null,
      "fcf": 53992000,
      "ocf": 56260000,
      "capex": -2268000,
      "gross_margin": 0.6548712021136064,
      "op_margin": 0.127373678996037,
      "fcf_margin": 0.22288639365918098,
      "incr_op_margin_yoy": 0.32337686683746797,
      "rev_growth_yoy": 0.07073555607615023,
      "rev_growth_yoy_accel": -0.0132971861777645,
      "fcf_margin_change": -0.0870135219322817
    },
    {
      "date": "2025-03-31T00:00:00",
      "quarter_label": "2025-03 (Q1)",
      "revenue": 238822000,
      "gross_profit": 160588000,
      "operating_income": 29647000,
      "net_income": null,
      "opex": 130941000,
      "cogs": 78234000,
      "rd": 68367000,
      "sga": null,
      "fcf": 17942000,
      "ocf": 24057000,
      "capex": -6115000,
      "gross_margin": 0.6724171140012226,
      "op_margin": 0.12413847970454983,
      "fcf_margin": 0.0751270820946144,
      "incr_op_margin_yoy": 0.7028766329879658,
      "rev_growth_yoy": 0.06959329639963634,
      "rev_growth_yoy_accel": -0.0011422596765138932,
      "fcf_margin_change": -0.14775931156456656
    },
    {
      "date": "2025-06-30T00:00:00",
      "quarter_label": "2025-06 (Q2)",
      "revenue": 254308000,
      "gross_profit": 166846000,
      "operating_income": 32022000,
      "net_income": null,
      "opex": 134824000,
      "cogs": 87462000,
      "rd": 69070000,
      "sga": null,
      "fcf": 18164000,
      "ocf": 22716000,
      "capex": -4552000,
      "gross_margin": 0.6560784560454253,
      "op_margin": 0.12591817795743743,
      "fcf_margin": 0.07142520093744593,
      "incr_op_margin_yoy": 0.3047656211892103,
      "rev_growth_yoy": 0.08768343120608023,
      "rev_growth_yoy_accel": 0.01809013480644389,
      "op_leverage_ratio": 2.186619348626906,
      "fcf_margin_change": -0.003701881157168463
    },
    {
      "date": "2025-09-30T00:00:00",
      "quarter_label": "2025-09 (Q3)",
      "revenue": 256400000,
      "gross_profit": 168838000,
      "operating_income": 37021000,
      "net_income": null,
      "opex": 131817000,
      "cogs": 87562000,
      "rd": 66637000,
      "sga": null,
      "fcf": 65874000,
      "ocf": 70628000,
      "capex": -4754000,
      "gross_margin": 0.6584945397815912,
      "op_margin": 0.14438767550702028,
      "fcf_margin": 0.2569188767550702,
      "incr_op_margin_yoy": 0.2406464189146702,
      "rev_growth_yoy": 0.06612556497586249,
      "rev_growth_yoy_accel": -0.021557866230217743,
      "fcf_margin_change": 0.18549367581762427
    },
    {
      "date": "2025-12-31T00:00:00",
      "quarter_label": "2025-12 (Q4)",
      "revenue": 261657000,
      "gross_profit": 172620000,
      "operating_income": 34948000,
      "net_income": null,
      "opex": 137672000,
      "cogs": 89037000,
      "rd": 66155000,
      "sga": null,
      "fcf": 35069000,
      "ocf": 35929000,
      "capex": -860000,
      "gross_margin": 0.6597186392873112,
      "op_margin": 0.13356416988653083,
      "fcf_margin": 0.13402660735237354,
      "incr_op_margin_yoy": 0.2107946644692795,
      "rev_growth_yoy": 0.08015604359313078,
      "rev_growth_yoy_accel": 0.014030478617268291,
      "op_leverage_ratio": 0.4615985970096361,
      "fcf_margin_change": -0.12289226940269665
    }
  ],
  "signals": [
    {
      "quarter": "2025-09 (Q3)",
      "signal": "FCF MARGIN EXPANSION",
      "detail": "FCF margin: +7.1% -> +25.7% (+18.5%)",
      "severity": "MEDIUM"
    },
    {
      "quarter": "2025-09 (Q3)",
      "signal": "INCREMENTAL MARGIN (YoY)",
      "detail": "YoY Incr OPM: +24.1% vs year-ago OPM: +13.8%",
      "severity": "MEDIUM"
    },
    {
      "quarter": "2025-06 (Q2)",
      "signal": "OPERATING LEVERAGE",
      "detail": "Rev growth +6.5% vs OpEx growth +3.0% (leverage: 2.2x)",
      "severity": "MEDIUM"
    },
    {
      "quarter": "2025-06 (Q2)",
      "signal": "INCREMENTAL MARGIN (YoY)",
      "detail": "YoY Incr OPM: +30.5% vs year-ago OPM: +11.0%",
      "severity": "MEDIUM"
    },
    {
      "quarter": "2025-03 (Q1)",
      "signal": "INCREMENTAL MARGIN (YoY)",
      "detail": "YoY Incr OPM: +70.3% vs year-ago OPM: +8.4%",
      "severity": "HIGH"
    },
    {
      "quarter": "2024-12 (Q4)",
      "signal": "INCREMENTAL MARGIN (YoY)",
      "detail": "YoY Incr OPM: +32.3% vs year-ago OPM: +11.4%",
      "severity": "HIGH"
    },
    {
      "quarter": "2024-09 (Q3)",
      "signal": "FCF MARGIN EXPANSION",
      "detail": "FCF margin: +9.0% -> +31.0% (+22.0%)",
      "severity": "MEDIUM"
    },
    {
      "quarter": "2024-09 (Q3)",
      "signal": "INCREMENTAL MARGIN (YoY)",
      "detail": "YoY Incr OPM: +91.3% vs year-ago OPM: +7.3%",
      "severity": "HIGH"
    },
    {
      "quarter": "2024-06 (Q2)",
      "signal": "INCREMENTAL MARGIN (YoY)",
      "detail": "YoY Incr OPM: +96.8% vs year-ago OPM: +7.2%",
      "severity": "HIGH"
    },
    {
      "quarter": "2024-03 (Q1)",
      "signal": "INCREMENTAL MARGIN (YoY)",
      "detail": "YoY Incr OPM: +73.0% vs year-ago OPM: +4.2%",
      "severity": "HIGH"
    },
    {
      "quarter": "2023-12 (Q4)",
      "signal": "YoY REVENUE GROWTH ACCELERATION",
      "detail": "YoY growth: +8.7% vs prior quarter YoY: +2.6% (accel: +6.1%)",
      "severity": "MEDIUM"
    },
    {
      "quarter": "2023-12 (Q4)",
      "signal": "INCREMENTAL MARGIN (YoY)",
      "detail": "YoY Incr OPM: +61.9% vs year-ago OPM: +7.0%",
      "severity": "HIGH"
    },
    {
      "quarter": "2023-09 (Q3)",
      "signal": "FCF MARGIN EXPANSION",
      "detail": "FCF margin: +16.0% -> +27.4% (+11.4%)",
      "severity": "MEDIUM"
    },
    {
      "quarter": "2023-06 (Q2)",
      "signal": "FCF TURNED POSITIVE",
      "detail": "FCF margin: -2.8% -> +16.0%",
      "severity": "HIGH"
    },
    {
      "quarter": "2023-06 (Q2)",
      "signal": "INCREMENTAL MARGIN (YoY)",
      "detail": "YoY Incr OPM: +43.7% vs year-ago OPM: +5.3%",
      "severity": "HIGH"
    },
    {
      "quarter": "2022-12 (Q4)",
      "signal": "FCF MARGIN EXPANSION",
      "detail": "FCF margin: +3.9% -> +16.3% (+12.4%)",
      "severity": "MEDIUM"
    },
    {
      "quarter": "2022-12 (Q4)",
      "signal": "YoY REVENUE GROWTH DECELERATION",
      "detail": "YoY growth: +6.6% vs prior quarter YoY: +12.4% (decel: -5.8%)",
      "severity": "WARNING"
    },
    {
      "quarter": "2022-12 (Q4)",
      "signal": "INCREMENTAL MARGIN (YoY)",
      "detail": "YoY Incr OPM: +28.9% vs year-ago OPM: +5.5%",
      "severity": "HIGH"
    },
    {
      "quarter": "2022-09 (Q3)",
      "signal": "OPERATING LEVERAGE",
      "detail": "Rev growth +1.5% vs OpEx growth +0.1% (leverage: 28.0x)",
      "severity": "MEDIUM"
    },
    {
      "quarter": "2022-06 (Q2)",
      "signal": "FCF TURNED POSITIVE",
      "detail": "FCF margin: -7.9% -> +1.0%",
      "severity": "HIGH"
    },
    {
      "quarter": "2022-06 (Q2)",
      "signal": "GROSS MARGIN INFLECTION",
      "detail": "GM: +57.8% -> +56.1% -> +59.0% (reversal +2.8%)",
      "severity": "MEDIUM"
    },
    {
      "quarter": "2022-06 (Q2)",
      "signal": "YoY REVENUE GROWTH DECELERATION",
      "detail": "YoY growth: +12.7% vs prior quarter YoY: +19.1% (decel: -6.4%)",
      "severity": "WARNING"
    },
    {
      "quarter": "2021-09 (Q3)",
      "signal": "FCF MARGIN EXPANSION",
      "detail": "FCF margin: +11.0% -> +18.9% (+7.9%)",
      "severity": "MEDIUM"
    },
    {
      "quarter": "2021-06 (Q2)",
      "signal": "OPERATING LEVERAGE",
      "detail": "Rev growth +9.5% vs OpEx growth +3.3% (leverage: 2.9x)",
      "severity": "MEDIUM"
    }
  ],
  "data_quality": {
    "n_quarters": 20,
    "coverage": {
      "revenue": [
        20,
        20
      ],
      "gross_profit": [
        20,
        20
      ],
      "op_income": [
        20,
        20
      ],
      "fcf": [
        20,
        20
      ]
    },
    "gaps": [],
    "warnings": []
  },
  "market_cap": null,
  "source": "SEC EDGAR",
  "last_updated": "2026-02-24T10:25:44.514727"
}