{
  "ticker": "ALSN",
  "name": "ALLISON TRANSMISSION HOLDINGS, INC.",
  "quarters": [
    {
      "date": "2020-12-31T00:00:00",
      "quarter_label": "2020-12 (Q4)",
      "revenue": 535000000,
      "gross_profit": 253000000,
      "operating_income": 133000000,
      "net_income": 60000000,
      "opex": 120000000,
      "cogs": 282000000,
      "rd": 40000000,
      "sga": 80000000,
      "fcf": 128000000,
      "ocf": 159000000,
      "capex": -31000000,
      "gross_margin": 0.47289719626168225,
      "op_margin": 0.2485981308411215,
      "fcf_margin": 0.23925233644859814
    },
    {
      "date": "2021-03-31T00:00:00",
      "quarter_label": "2021-03 (Q1)",
      "revenue": 588000000,
      "gross_profit": 291000000,
      "operating_income": 180000000,
      "net_income": 120000000,
      "opex": 111000000,
      "cogs": 297000000,
      "rd": 38000000,
      "sga": 73000000,
      "fcf": 107000000,
      "ocf": 131000000,
      "capex": -24000000,
      "gross_margin": 0.49489795918367346,
      "op_margin": 0.30612244897959184,
      "fcf_margin": 0.18197278911564627,
      "op_leverage_ratio": Infinity,
      "fcf_margin_change": -0.057279547332951875
    },
    {
      "date": "2021-06-30T00:00:00",
      "quarter_label": "2021-06 (Q2)",
      "revenue": 603000000,
      "gross_profit": 288000000,
      "operating_income": 167000000,
      "net_income": 110000000,
      "opex": 121000000,
      "cogs": 315000000,
      "rd": 41000000,
      "sga": 80000000,
      "fcf": 95000000,
      "ocf": 140000000,
      "capex": -45000000,
      "gross_margin": 0.47761194029850745,
      "op_margin": 0.2769485903814262,
      "fcf_margin": 0.15754560530679934,
      "op_leverage_ratio": 0.28316326530612246,
      "fcf_margin_change": -0.024427183808846925
    },
    {
      "date": "2021-09-30T00:00:00",
      "quarter_label": "2021-09 (Q3)",
      "revenue": 567000000,
      "gross_profit": 261000000,
      "operating_income": 146000000,
      "net_income": 94000000,
      "opex": 115000000,
      "cogs": 306000000,
      "rd": 42000000,
      "sga": 73000000,
      "fcf": 153000000,
      "ocf": 196000000,
      "capex": -43000000,
      "gross_margin": 0.4603174603174603,
      "op_margin": 0.25749559082892415,
      "fcf_margin": 0.2698412698412698,
      "fcf_margin_change": 0.11229566453447049
    },
    {
      "date": "2021-12-31T00:00:00",
      "quarter_label": "2021-12 (Q4)",
      "revenue": 644000000,
      "gross_profit": 305000000,
      "operating_income": 176000000,
      "net_income": 118000000,
      "opex": 129000000,
      "cogs": 339000000,
      "rd": 50000000,
      "sga": 79000000,
      "fcf": 105000000,
      "ocf": 168000000,
      "capex": -63000000,
      "gross_margin": 0.47360248447204967,
      "op_margin": 0.2732919254658385,
      "fcf_margin": 0.16304347826086957,
      "incr_op_margin_yoy": 0.3944954128440367,
      "rev_growth_yoy": 0.20373831775700935,
      "op_leverage_ratio": 1.1155202821869488,
      "fcf_margin_change": -0.10679779158040026
    },
    {
      "date": "2022-03-31T00:00:00",
      "quarter_label": "2022-03 (Q1)",
      "revenue": 677000000,
      "gross_profit": 320000000,
      "operating_income": 202000000,
      "net_income": 129000000,
      "opex": 118000000,
      "cogs": 357000000,
      "rd": 43000000,
      "sga": 75000000,
      "fcf": 142000000,
      "ocf": 162000000,
      "capex": -20000000,
      "gross_margin": 0.4726735598227474,
      "op_margin": 0.2983751846381093,
      "fcf_margin": 0.20974889217134415,
      "incr_op_margin_yoy": 0.24719101123595505,
      "rev_growth_yoy": 0.15136054421768708,
      "rev_growth_yoy_accel": -0.05237777353932227,
      "op_leverage_ratio": Infinity,
      "fcf_margin_change": 0.046705413910474586
    },
    {
      "date": "2022-06-30T00:00:00",
      "quarter_label": "2022-06 (Q2)",
      "revenue": 664000000,
      "gross_profit": 311000000,
      "operating_income": 187000000,
      "net_income": 122000000,
      "opex": 124000000,
      "cogs": 353000000,
      "rd": 46000000,
      "sga": 78000000,
      "fcf": 34000000,
      "ocf": 64000000,
      "capex": -30000000,
      "gross_margin": 0.4683734939759036,
      "op_margin": 0.2816265060240964,
      "fcf_margin": 0.05120481927710843,
      "incr_op_margin_yoy": 0.32786885245901637,
      "rev_growth_yoy": 0.1011608623548922,
      "rev_growth_yoy_accel": -0.05019968186279487,
      "fcf_margin_change": -0.15854407289423572
    },
    {
      "date": "2022-09-30T00:00:00",
      "quarter_label": "2022-09 (Q3)",
      "revenue": 710000000,
      "gross_profit": 328000000,
      "operating_income": 203000000,
      "net_income": 139000000,
      "opex": 125000000,
      "cogs": 382000000,
      "rd": 47000000,
      "sga": 78000000,
      "fcf": 182000000,
      "ocf": 207000000,
      "capex": -25000000,
      "gross_margin": 0.4619718309859155,
      "op_margin": 0.2859154929577465,
      "fcf_margin": 0.2563380281690141,
      "incr_op_margin_yoy": 0.3986013986013986,
      "rev_growth_yoy": 0.25220458553791886,
      "rev_growth_yoy_accel": 0.15104372318302667,
      "op_leverage_ratio": 8.590361445783133,
      "fcf_margin_change": 0.20513320889190564
    },
    {
      "date": "2022-12-31T00:00:00",
      "quarter_label": "2022-12 (Q4)",
      "revenue": 718000000,
      "gross_profit": 338000000,
      "operating_income": 192000000,
      "net_income": 141000000,
      "opex": 146000000,
      "cogs": 380000000,
      "rd": 49000000,
      "sga": 97000000,
      "fcf": 132000000,
      "ocf": 224000000,
      "capex": -92000000,
      "gross_margin": 0.47075208913649025,
      "op_margin": 0.26740947075208915,
      "fcf_margin": 0.18384401114206128,
      "incr_op_margin_yoy": 0.21621621621621623,
      "rev_growth_yoy": 0.11490683229813664,
      "rev_growth_yoy_accel": -0.13729775323978222,
      "op_leverage_ratio": 0.0670690811535882,
      "fcf_margin_change": -0.0724940170269528
    },
    {
      "date": "2023-03-31T00:00:00",
      "quarter_label": "2023-03 (Q1)",
      "revenue": 741000000,
      "gross_profit": 361000000,
      "operating_income": 230000000,
      "net_income": 170000000,
      "opex": 131000000,
      "cogs": 380000000,
      "rd": 44000000,
      "sga": 87000000,
      "fcf": 169000000,
      "ocf": 193000000,
      "capex": -24000000,
      "gross_margin": 0.48717948717948717,
      "op_margin": 0.31039136302294196,
      "fcf_margin": 0.22807017543859648,
      "incr_op_margin_yoy": 0.4375,
      "rev_growth_yoy": 0.09453471196454949,
      "rev_growth_yoy_accel": -0.02037212033358715,
      "op_leverage_ratio": Infinity,
      "fcf_margin_change": 0.0442261642965352
    },
    {
      "date": "2023-06-30T00:00:00",
      "quarter_label": "2023-06 (Q2)",
      "revenue": 783000000,
      "gross_profit": 381000000,
      "operating_income": 242000000,
      "net_income": 175000000,
      "opex": 139000000,
      "cogs": 402000000,
      "rd": 47000000,
      "sga": 92000000,
      "fcf": 122000000,
      "ocf": 141000000,
      "capex": -19000000,
      "gross_margin": 0.48659003831417624,
      "op_margin": 0.3090676883780332,
      "fcf_margin": 0.1558109833971903,
      "incr_op_margin_yoy": 0.46218487394957986,
      "rev_growth_yoy": 0.17921686746987953,
      "rev_growth_yoy_accel": 0.08468215550533004,
      "op_leverage_ratio": 0.9281376518218624,
      "fcf_margin_change": -0.07225919204140618
    },
    {
      "date": "2023-09-30T00:00:00",
      "quarter_label": "2023-09 (Q3)",
      "revenue": 736000000,
      "gross_profit": 357000000,
      "operating_income": 222000000,
      "net_income": 158000000,
      "opex": 135000000,
      "cogs": 379000000,
      "rd": 49000000,
      "sga": 86000000,
      "fcf": 182000000,
      "ocf": 212000000,
      "capex": -30000000,
      "gross_margin": 0.485054347826087,
      "op_margin": 0.3016304347826087,
      "fcf_margin": 0.24728260869565216,
      "incr_op_margin_yoy": 0.7307692307692307,
      "rev_growth_yoy": 0.036619718309859155,
      "rev_growth_yoy_accel": -0.14259714916002036,
      "fcf_margin_change": 0.09147162529846187
    },
    {
      "date": "2023-12-31T00:00:00",
      "quarter_label": "2023-12 (Q4)",
      "revenue": 775000000,
      "gross_profit": 371000000,
      "operating_income": 225000000,
      "net_income": 170000000,
      "opex": 146000000,
      "cogs": 404000000,
      "rd": 54000000,
      "sga": 92000000,
      "fcf": 186000000,
      "ocf": 238000000,
      "capex": -52000000,
      "gross_margin": 0.47870967741935483,
      "op_margin": 0.2903225806451613,
      "fcf_margin": 0.24,
      "incr_op_margin_yoy": 0.5789473684210527,
      "rev_growth_yoy": 0.07938718662952646,
      "rev_growth_yoy_accel": 0.0427674683196673,
      "op_leverage_ratio": 0.6503211462450592,
      "fcf_margin_change": -0.007282608695652171
    },
    {
      "date": "2024-03-31T00:00:00",
      "quarter_label": "2024-03 (Q1)",
      "revenue": 789000000,
      "gross_profit": 366000000,
      "operating_income": 234000000,
      "net_income": 169000000,
      "opex": 132000000,
      "cogs": 423000000,
      "rd": 46000000,
      "sga": 86000000,
      "fcf": 162000000,
      "ocf": 173000000,
      "capex": -11000000,
      "gross_margin": 0.46387832699619774,
      "op_margin": 0.2965779467680608,
      "fcf_margin": 0.20532319391634982,
      "incr_op_margin_yoy": 0.08333333333333333,
      "rev_growth_yoy": 0.06477732793522267,
      "rev_growth_yoy_accel": -0.014609858694303784,
      "op_leverage_ratio": Infinity,
      "fcf_margin_change": -0.034676806083650175
    },
    {
      "date": "2024-06-30T00:00:00",
      "quarter_label": "2024-06 (Q2)",
      "revenue": 816000000,
      "gross_profit": 394000000,
      "operating_income": 263000000,
      "net_income": 187000000,
      "opex": 131000000,
      "cogs": 422000000,
      "rd": 49000000,
      "sga": 82000000,
      "fcf": 150000000,
      "ocf": 171000000,
      "capex": -21000000,
      "gross_margin": 0.48284313725490197,
      "op_margin": 0.32230392156862747,
      "fcf_margin": 0.18382352941176472,
      "incr_op_margin_yoy": 0.6363636363636364,
      "rev_growth_yoy": 0.0421455938697318,
      "rev_growth_yoy_accel": -0.02263173406549087,
      "op_leverage_ratio": Infinity,
      "fcf_margin_change": -0.021499664504585098
    },
    {
      "date": "2024-09-30T00:00:00",
      "quarter_label": "2024-09 (Q3)",
      "revenue": 824000000,
      "gross_profit": 396000000,
      "operating_income": 260000000,
      "net_income": 200000000,
      "opex": 136000000,
      "cogs": 428000000,
      "rd": 51000000,
      "sga": 85000000,
      "fcf": 210000000,
      "ocf": 246000000,
      "capex": -36000000,
      "gross_margin": 0.48058252427184467,
      "op_margin": 0.3155339805825243,
      "fcf_margin": 0.25485436893203883,
      "incr_op_margin_yoy": 0.4318181818181818,
      "rev_growth_yoy": 0.11956521739130435,
      "rev_growth_yoy_accel": 0.07741962352157256,
      "fcf_margin_change": 0.07103083952027411
    },
    {
      "date": "2024-12-31T00:00:00",
      "quarter_label": "2024-12 (Q4)",
      "revenue": 796000000,
      "gross_profit": 373000000,
      "operating_income": 235000000,
      "net_income": 175000000,
      "opex": 138000000,
      "cogs": 423000000,
      "rd": 54000000,
      "sga": 84000000,
      "fcf": 136000000,
      "ocf": 211000000,
      "capex": -75000000,
      "gross_margin": 0.4685929648241206,
      "op_margin": 0.2952261306532663,
      "fcf_margin": 0.1708542713567839,
      "incr_op_margin_yoy": 0.47619047619047616,
      "rev_growth_yoy": 0.027096774193548386,
      "rev_growth_yoy_accel": -0.09246844319775596,
      "fcf_margin_change": -0.08400009757525492
    },
    {
      "date": "2025-03-31T00:00:00",
      "quarter_label": "2025-03 (Q1)",
      "revenue": 766000000,
      "gross_profit": 378000000,
      "operating_income": 249000000,
      "net_income": 192000000,
      "opex": 129000000,
      "cogs": 388000000,
      "rd": 43000000,
      "sga": 86000000,
      "fcf": 155000000,
      "ocf": 181000000,
      "capex": -26000000,
      "gross_margin": 0.4934725848563969,
      "op_margin": 0.32506527415143605,
      "fcf_margin": 0.20234986945169714,
      "incr_op_margin_yoy": -0.6521739130434783,
      "rev_growth_yoy": -0.029150823827629912,
      "rev_growth_yoy_accel": -0.0562475980211783,
      "fcf_margin_change": 0.03149559809491323
    },
    {
      "date": "2025-06-30T00:00:00",
      "quarter_label": "2025-06 (Q2)",
      "revenue": 814000000,
      "gross_profit": 402000000,
      "operating_income": 256000000,
      "net_income": 195000000,
      "opex": 146000000,
      "cogs": 412000000,
      "rd": 44000000,
      "sga": 102000000,
      "fcf": 153000000,
      "ocf": 184000000,
      "capex": -31000000,
      "gross_margin": 0.49385749385749383,
      "op_margin": 0.3144963144963145,
      "fcf_margin": 0.18796068796068796,
      "incr_op_margin_yoy": 3.5,
      "rev_growth_yoy": -0.0024509803921568627,
      "rev_growth_yoy_accel": 0.026699843435473047,
      "op_leverage_ratio": 0.47550299493165404,
      "fcf_margin_change": -0.014389181491009179
    },
    {
      "date": "2025-09-30T00:00:00",
      "quarter_label": "2025-09 (Q3)",
      "revenue": 693000000,
      "gross_profit": 329000000,
      "operating_income": 204000000,
      "net_income": 137000000,
      "opex": 125000000,
      "cogs": 364000000,
      "rd": 43000000,
      "sga": 82000000,
      "fcf": 184000000,
      "ocf": 228000000,
      "capex": -44000000,
      "gross_margin": 0.47474747474747475,
      "op_margin": 0.2943722943722944,
      "fcf_margin": 0.26551226551226553,
      "incr_op_margin_yoy": 0.42748091603053434,
      "rev_growth_yoy": -0.15898058252427186,
      "rev_growth_yoy_accel": -0.156529602132115,
      "fcf_margin_change": 0.07755157755157757
    }
  ],
  "signals": [
    {
      "quarter": "2025-09 (Q3)",
      "signal": "FCF MARGIN EXPANSION",
      "detail": "FCF margin: +18.8% -> +26.6% (+7.8%)",
      "severity": "MEDIUM"
    },
    {
      "quarter": "2025-09 (Q3)",
      "signal": "YoY REVENUE GROWTH DECELERATION",
      "detail": "YoY growth: -15.9% vs prior quarter YoY: -0.2% (decel: -15.7%)",
      "severity": "WARNING"
    },
    {
      "quarter": "2025-09 (Q3)",
      "signal": "INCREMENTAL MARGIN (YoY)",
      "detail": "YoY Incr OPM: +42.7% vs year-ago OPM: +31.6%",
      "severity": "MEDIUM"
    },
    {
      "quarter": "2025-06 (Q2)",
      "signal": "INCREMENTAL MARGIN (YoY)",
      "detail": "YoY Incr OPM: +350.0% vs year-ago OPM: +32.2%",
      "severity": "HIGH"
    },
    {
      "quarter": "2025-03 (Q1)",
      "signal": "GROSS MARGIN INFLECTION",
      "detail": "GM: +48.1% -> +46.9% -> +49.3% (reversal +2.5%)",
      "severity": "MEDIUM"
    },
    {
      "quarter": "2025-03 (Q1)",
      "signal": "YoY REVENUE GROWTH DECELERATION",
      "detail": "YoY growth: -2.9% vs prior quarter YoY: +2.7% (decel: -5.6%)",
      "severity": "WARNING"
    },
    {
      "quarter": "2024-12 (Q4)",
      "signal": "YoY REVENUE GROWTH DECELERATION",
      "detail": "YoY growth: +2.7% vs prior quarter YoY: +12.0% (decel: -9.2%)",
      "severity": "WARNING"
    },
    {
      "quarter": "2024-12 (Q4)",
      "signal": "INCREMENTAL MARGIN (YoY)",
      "detail": "YoY Incr OPM: +47.6% vs year-ago OPM: +29.0%",
      "severity": "MEDIUM"
    },
    {
      "quarter": "2024-09 (Q3)",
      "signal": "FCF MARGIN EXPANSION",
      "detail": "FCF margin: +18.4% -> +25.5% (+7.1%)",
      "severity": "MEDIUM"
    },
    {
      "quarter": "2024-09 (Q3)",
      "signal": "YoY REVENUE GROWTH ACCELERATION",
      "detail": "YoY growth: +12.0% vs prior quarter YoY: +4.2% (accel: +7.7%)",
      "severity": "MEDIUM"
    },
    {
      "quarter": "2024-09 (Q3)",
      "signal": "INCREMENTAL MARGIN (YoY)",
      "detail": "YoY Incr OPM: +43.2% vs year-ago OPM: +30.2%",
      "severity": "MEDIUM"
    },
    {
      "quarter": "2024-06 (Q2)",
      "signal": "INCREMENTAL MARGIN (YoY)",
      "detail": "YoY Incr OPM: +63.6% vs year-ago OPM: +30.9%",
      "severity": "HIGH"
    },
    {
      "quarter": "2023-12 (Q4)",
      "signal": "INCREMENTAL MARGIN (YoY)",
      "detail": "YoY Incr OPM: +57.9% vs year-ago OPM: +26.7%",
      "severity": "HIGH"
    },
    {
      "quarter": "2023-09 (Q3)",
      "signal": "FCF MARGIN EXPANSION",
      "detail": "FCF margin: +15.6% -> +24.7% (+9.1%)",
      "severity": "MEDIUM"
    },
    {
      "quarter": "2023-09 (Q3)",
      "signal": "YoY REVENUE GROWTH DECELERATION",
      "detail": "YoY growth: +3.7% vs prior quarter YoY: +17.9% (decel: -14.3%)",
      "severity": "WARNING"
    },
    {
      "quarter": "2023-09 (Q3)",
      "signal": "INCREMENTAL MARGIN (YoY)",
      "detail": "YoY Incr OPM: +73.1% vs year-ago OPM: +28.6%",
      "severity": "HIGH"
    },
    {
      "quarter": "2023-06 (Q2)",
      "signal": "YoY REVENUE GROWTH ACCELERATION",
      "detail": "YoY growth: +17.9% vs prior quarter YoY: +9.5% (accel: +8.5%)",
      "severity": "MEDIUM"
    },
    {
      "quarter": "2023-06 (Q2)",
      "signal": "INCREMENTAL MARGIN (YoY)",
      "detail": "YoY Incr OPM: +46.2% vs year-ago OPM: +28.2%",
      "severity": "MEDIUM"
    },
    {
      "quarter": "2023-03 (Q1)",
      "signal": "INCREMENTAL MARGIN (YoY)",
      "detail": "YoY Incr OPM: +43.8% vs year-ago OPM: +29.8%",
      "severity": "MEDIUM"
    },
    {
      "quarter": "2022-12 (Q4)",
      "signal": "YoY REVENUE GROWTH DECELERATION",
      "detail": "YoY growth: +11.5% vs prior quarter YoY: +25.2% (decel: -13.7%)",
      "severity": "WARNING"
    },
    {
      "quarter": "2022-09 (Q3)",
      "signal": "FCF MARGIN EXPANSION",
      "detail": "FCF margin: +5.1% -> +25.6% (+20.5%)",
      "severity": "MEDIUM"
    },
    {
      "quarter": "2022-09 (Q3)",
      "signal": "OPERATING LEVERAGE",
      "detail": "Rev growth +6.9% vs OpEx growth +0.8% (leverage: 8.6x)",
      "severity": "MEDIUM"
    },
    {
      "quarter": "2022-09 (Q3)",
      "signal": "YoY REVENUE GROWTH ACCELERATION",
      "detail": "YoY growth: +25.2% vs prior quarter YoY: +10.1% (accel: +15.1%)",
      "severity": "HIGH"
    },
    {
      "quarter": "2022-09 (Q3)",
      "signal": "INCREMENTAL MARGIN (YoY)",
      "detail": "YoY Incr OPM: +39.9% vs year-ago OPM: +25.7%",
      "severity": "MEDIUM"
    },
    {
      "quarter": "2022-06 (Q2)",
      "signal": "YoY REVENUE GROWTH DECELERATION",
      "detail": "YoY growth: +10.1% vs prior quarter YoY: +15.1% (decel: -5.0%)",
      "severity": "WARNING"
    },
    {
      "quarter": "2022-03 (Q1)",
      "signal": "YoY REVENUE GROWTH DECELERATION",
      "detail": "YoY growth: +15.1% vs prior quarter YoY: +20.4% (decel: -5.2%)",
      "severity": "WARNING"
    },
    {
      "quarter": "2021-12 (Q4)",
      "signal": "INCREMENTAL MARGIN (YoY)",
      "detail": "YoY Incr OPM: +39.4% vs year-ago OPM: +24.9%",
      "severity": "MEDIUM"
    },
    {
      "quarter": "2021-09 (Q3)",
      "signal": "FCF MARGIN EXPANSION",
      "detail": "FCF margin: +15.8% -> +27.0% (+11.2%)",
      "severity": "MEDIUM"
    }
  ],
  "data_quality": {
    "n_quarters": 20,
    "coverage": {
      "revenue": [
        20,
        20
      ],
      "gross_profit": [
        20,
        20
      ],
      "op_income": [
        20,
        20
      ],
      "fcf": [
        20,
        20
      ]
    },
    "gaps": [],
    "warnings": []
  },
  "market_cap": null,
  "source": "SEC EDGAR",
  "last_updated": "2026-02-02T20:41:18.728424"
}