{
  "ticker": "ALTG",
  "name": "ALTA EQUIPMENT GROUP INC.",
  "quarters": [
    {
      "date": "2020-12-31T00:00:00",
      "quarter_label": "2020-12 (Q4)",
      "revenue": 280400000,
      "gross_profit": 64400000,
      "operating_income": -500000,
      "net_income": -3200000,
      "opex": 64900000,
      "cogs": 216000000,
      "rd": null,
      "sga": null,
      "fcf": 9400000,
      "ocf": 9800000,
      "capex": -400000,
      "gross_margin": 0.2296718972895863,
      "op_margin": -0.001783166904422254,
      "fcf_margin": 0.033523537803138374
    },
    {
      "date": "2021-03-31T00:00:00",
      "quarter_label": "2021-03 (Q1)",
      "revenue": 268800000,
      "gross_profit": 67300000,
      "operating_income": 400000,
      "net_income": -5700000,
      "opex": 66900000,
      "cogs": 201500000,
      "rd": null,
      "sga": null,
      "fcf": -900000,
      "ocf": 600000,
      "capex": -1500000,
      "gross_margin": 0.25037202380952384,
      "op_margin": 0.001488095238095238,
      "fcf_margin": -0.0033482142857142855,
      "fcf_margin_change": -0.03687175208885266
    },
    {
      "date": "2021-06-30T00:00:00",
      "quarter_label": "2021-06 (Q2)",
      "revenue": 292700000,
      "gross_profit": 76900000,
      "operating_income": 3200000,
      "net_income": -14600000,
      "opex": 73700000,
      "cogs": 215800000,
      "rd": null,
      "sga": null,
      "fcf": 7800000,
      "ocf": 9600000,
      "capex": -1800000,
      "gross_margin": 0.26272634096344377,
      "op_margin": 0.01093269559275709,
      "fcf_margin": 0.026648445507345405,
      "op_leverage_ratio": 0.8747538077731093,
      "fcf_margin_change": 0.02999665979305969
    },
    {
      "date": "2021-09-30T00:00:00",
      "quarter_label": "2021-09 (Q3)",
      "revenue": 295000000,
      "gross_profit": 81100000,
      "operating_income": 6000000,
      "net_income": 200000,
      "opex": 75100000,
      "cogs": 213900000,
      "rd": null,
      "sga": null,
      "fcf": -7800000,
      "ocf": -4100000,
      "capex": -3700000,
      "gross_margin": 0.27491525423728813,
      "op_margin": 0.020338983050847456,
      "fcf_margin": -0.026440677966101694,
      "fcf_margin_change": -0.0530891234734471
    },
    {
      "date": "2021-12-31T00:00:00",
      "quarter_label": "2021-12 (Q4)",
      "revenue": 356300000,
      "gross_profit": 89100000,
      "operating_income": 8400000,
      "net_income": -700000,
      "opex": 80700000,
      "cogs": 267200000,
      "rd": null,
      "sga": null,
      "fcf": 23500000,
      "ocf": 24600000,
      "capex": -1100000,
      "gross_margin": 0.25007016559079426,
      "op_margin": 0.023575638506876228,
      "fcf_margin": 0.06595565534661801,
      "incr_op_margin_yoy": 0.11725955204216074,
      "rev_growth_yoy": 0.2706847360912982,
      "op_leverage_ratio": 2.7867009685230024,
      "fcf_margin_change": 0.09239633331271971
    },
    {
      "date": "2022-03-31T00:00:00",
      "quarter_label": "2022-03 (Q1)",
      "revenue": 331700000,
      "gross_profit": 91400000,
      "operating_income": 4600000,
      "net_income": -1200000,
      "opex": 86800000,
      "cogs": 240300000,
      "rd": null,
      "sga": null,
      "fcf": -8500000,
      "ocf": -6700000,
      "capex": -1800000,
      "gross_margin": 0.275550195960205,
      "op_margin": 0.013867952969550798,
      "fcf_margin": -0.02562556526982213,
      "incr_op_margin_yoy": 0.06677265500794913,
      "rev_growth_yoy": 0.2340029761904762,
      "rev_growth_yoy_accel": -0.03668175990082198,
      "fcf_margin_change": -0.09158122061644014
    },
    {
      "date": "2022-06-30T00:00:00",
      "quarter_label": "2022-06 (Q2)",
      "revenue": 406500000,
      "gross_profit": 105800000,
      "operating_income": 13000000,
      "net_income": 6100000,
      "opex": 92800000,
      "cogs": 300700000,
      "rd": null,
      "sga": null,
      "fcf": 7700000,
      "ocf": 10100000,
      "capex": -2400000,
      "gross_margin": 0.2602706027060271,
      "op_margin": 0.03198031980319803,
      "fcf_margin": 0.01894218942189422,
      "incr_op_margin_yoy": 0.08611599297012303,
      "rev_growth_yoy": 0.38879398701742396,
      "rev_growth_yoy_accel": 0.15479101082694777,
      "op_leverage_ratio": 3.2623052959501555,
      "fcf_margin_change": 0.04456775469171635
    },
    {
      "date": "2022-09-30T00:00:00",
      "quarter_label": "2022-09 (Q3)",
      "revenue": 405000000,
      "gross_profit": 111600000,
      "operating_income": 13700000,
      "net_income": 5100000,
      "opex": 97900000,
      "cogs": 293400000,
      "rd": null,
      "sga": null,
      "fcf": 12200000,
      "ocf": 14900000,
      "capex": -2700000,
      "gross_margin": 0.27555555555555555,
      "op_margin": 0.03382716049382716,
      "fcf_margin": 0.030123456790123456,
      "incr_op_margin_yoy": 0.07,
      "rev_growth_yoy": 0.3728813559322034,
      "rev_growth_yoy_accel": -0.015912631085220563,
      "fcf_margin_change": 0.011181267368229237
    },
    {
      "date": "2022-12-31T00:00:00",
      "quarter_label": "2022-12 (Q4)",
      "revenue": 428600000,
      "gross_profit": 110800000,
      "operating_income": 9500000,
      "net_income": -700000,
      "opex": 101300000,
      "cogs": 317800000,
      "rd": null,
      "sga": null,
      "fcf": -5700000,
      "ocf": 200000,
      "capex": -5900000,
      "gross_margin": 0.2585160989267382,
      "op_margin": 0.02216518898740084,
      "fcf_margin": -0.013299113392440503,
      "incr_op_margin_yoy": 0.015214384508990318,
      "rev_growth_yoy": 0.20291888857704182,
      "rev_growth_yoy_accel": -0.16996246735516157,
      "op_leverage_ratio": 1.6778794480755266,
      "fcf_margin_change": -0.04342257018256396
    },
    {
      "date": "2023-03-31T00:00:00",
      "quarter_label": "2023-03 (Q1)",
      "revenue": 420700000,
      "gross_profit": 121300000,
      "operating_income": 12100000,
      "net_income": 1000000,
      "opex": 109200000,
      "cogs": 299400000,
      "rd": null,
      "sga": null,
      "fcf": -23200000,
      "ocf": -20100000,
      "capex": -3100000,
      "gross_margin": 0.2883289755169955,
      "op_margin": 0.028761587829807464,
      "fcf_margin": -0.05514618492987877,
      "incr_op_margin_yoy": 0.08426966292134831,
      "rev_growth_yoy": 0.2683147422369611,
      "rev_growth_yoy_accel": 0.06539585365991929,
      "fcf_margin_change": -0.04184707153743827
    },
    {
      "date": "2023-06-30T00:00:00",
      "quarter_label": "2023-06 (Q2)",
      "revenue": 468400000,
      "gross_profit": 126800000,
      "operating_income": 16200000,
      "net_income": 2400000,
      "opex": 110600000,
      "cogs": 341600000,
      "rd": null,
      "sga": null,
      "fcf": -16700000,
      "ocf": -13700000,
      "capex": -3000000,
      "gross_margin": 0.2707087959009394,
      "op_margin": 0.034585824081981215,
      "fcf_margin": -0.0356532877882152,
      "incr_op_margin_yoy": 0.051696284329563816,
      "rev_growth_yoy": 0.15227552275522754,
      "rev_growth_yoy_accel": -0.11603921948173357,
      "op_leverage_ratio": 8.843831709056335,
      "fcf_margin_change": 0.019492897141663572
    },
    {
      "date": "2023-09-30T00:00:00",
      "quarter_label": "2023-09 (Q3)",
      "revenue": 466200000,
      "gross_profit": 126100000,
      "operating_income": 13900000,
      "net_income": 7400000,
      "opex": 112200000,
      "cogs": 340100000,
      "rd": null,
      "sga": null,
      "fcf": 8200000,
      "ocf": 10700000,
      "capex": -2500000,
      "gross_margin": 0.2704847704847705,
      "op_margin": 0.029815529815529814,
      "fcf_margin": 0.01758901758901759,
      "incr_op_margin_yoy": 0.0032679738562091504,
      "rev_growth_yoy": 0.1511111111111111,
      "rev_growth_yoy_accel": -0.001164411644116431,
      "fcf_margin_change": 0.05324230537723279
    },
    {
      "date": "2023-12-31T00:00:00",
      "quarter_label": "2023-12 (Q4)",
      "revenue": 521500000,
      "gross_profit": 133000000,
      "operating_income": 12200000,
      "net_income": -1900000,
      "opex": 120800000,
      "cogs": 388500000,
      "rd": null,
      "sga": null,
      "fcf": 77700000,
      "ocf": 81500000,
      "capex": -3800000,
      "gross_margin": 0.2550335570469799,
      "op_margin": 0.02339405560882071,
      "fcf_margin": 0.14899328859060404,
      "incr_op_margin_yoy": 0.02906350914962325,
      "rev_growth_yoy": 0.21675221651889873,
      "rev_growth_yoy_accel": 0.06564110540778761,
      "op_leverage_ratio": 1.547559187094071,
      "fcf_margin_change": 0.13140427100158644
    },
    {
      "date": "2024-03-31T00:00:00",
      "quarter_label": "2024-03 (Q1)",
      "revenue": 441600000,
      "gross_profit": 120600000,
      "operating_income": -900000,
      "net_income": -11900000,
      "opex": 121500000,
      "cogs": 321000000,
      "rd": null,
      "sga": 114600000,
      "fcf": -17900000,
      "ocf": -13500000,
      "capex": -4400000,
      "gross_margin": 0.27309782608695654,
      "op_margin": -0.0020380434782608695,
      "fcf_margin": -0.04053442028985507,
      "incr_op_margin_yoy": -0.6220095693779905,
      "rev_growth_yoy": 0.04967910625148562,
      "rev_growth_yoy_accel": -0.16707311026741312,
      "fcf_margin_change": -0.1895277088804591
    },
    {
      "date": "2024-06-30T00:00:00",
      "quarter_label": "2024-06 (Q2)",
      "revenue": 488100000,
      "gross_profit": 132000000,
      "operating_income": 10300000,
      "net_income": -11900000,
      "opex": 121700000,
      "cogs": 356100000,
      "rd": null,
      "sga": 114500000,
      "fcf": -13500000,
      "ocf": -10700000,
      "capex": -2800000,
      "gross_margin": 0.2704363859864782,
      "op_margin": 0.02110223314894489,
      "fcf_margin": -0.027658266748617086,
      "incr_op_margin_yoy": -0.29949238578680204,
      "rev_growth_yoy": 0.04205807002561913,
      "rev_growth_yoy_accel": -0.00762103622586649,
      "op_leverage_ratio": 63.96908967391304,
      "fcf_margin_change": 0.012876153541237986
    },
    {
      "date": "2024-09-30T00:00:00",
      "quarter_label": "2024-09 (Q3)",
      "revenue": 448800000,
      "gross_profit": 124600000,
      "operating_income": 6800000,
      "net_income": -27700000,
      "opex": 117800000,
      "cogs": 324200000,
      "rd": null,
      "sga": 110600000,
      "fcf": 42100000,
      "ocf": 46300000,
      "capex": -4200000,
      "gross_margin": 0.27762923351158647,
      "op_margin": 0.015151515151515152,
      "fcf_margin": 0.09380570409982175,
      "incr_op_margin_yoy": 0.40804597701149425,
      "rev_growth_yoy": -0.03732303732303732,
      "rev_growth_yoy_accel": -0.07938110734865644,
      "fcf_margin_change": 0.12146397084843884
    },
    {
      "date": "2024-12-31T00:00:00",
      "quarter_label": "2024-12 (Q4)",
      "revenue": 498100000,
      "gross_profit": 116500000,
      "operating_income": 2400000,
      "net_income": -10600000,
      "opex": 114100000,
      "cogs": 381600000,
      "rd": null,
      "sga": 106800000,
      "fcf": 30900000,
      "ocf": 34900000,
      "capex": -4000000,
      "gross_margin": 0.233888777353945,
      "op_margin": 0.004818309576390283,
      "fcf_margin": 0.06203573579602489,
      "incr_op_margin_yoy": 0.4188034188034188,
      "rev_growth_yoy": -0.0448705656759348,
      "rev_growth_yoy_accel": -0.00754752835289748,
      "op_leverage_ratio": Infinity,
      "fcf_margin_change": -0.03176996830379686
    },
    {
      "date": "2025-03-31T00:00:00",
      "quarter_label": "2025-03 (Q1)",
      "revenue": 423000000,
      "gross_profit": 115000000,
      "operating_income": 800000,
      "net_income": -20900000,
      "opex": 114200000,
      "cogs": 308000000,
      "rd": null,
      "sga": 106700000,
      "fcf": -19200000,
      "ocf": -17500000,
      "capex": -1700000,
      "gross_margin": 0.2718676122931442,
      "op_margin": 0.0018912529550827422,
      "fcf_margin": -0.04539007092198582,
      "incr_op_margin_yoy": -0.0913978494623656,
      "rev_growth_yoy": -0.042119565217391304,
      "rev_growth_yoy_accel": 0.0027510004585434983,
      "fcf_margin_change": -0.10742580671801072
    },
    {
      "date": "2025-06-30T00:00:00",
      "quarter_label": "2025-06 (Q2)",
      "revenue": 481200000,
      "gross_profit": 122300000,
      "operating_income": 12400000,
      "net_income": -6100000,
      "opex": 109900000,
      "cogs": 358900000,
      "rd": null,
      "sga": 102300000,
      "fcf": 11900000,
      "ocf": 14100000,
      "capex": -2200000,
      "gross_margin": 0.25415627597672485,
      "op_margin": 0.025768911055694097,
      "fcf_margin": 0.024729842061512883,
      "incr_op_margin_yoy": -0.30434782608695654,
      "rev_growth_yoy": -0.014136447449293177,
      "rev_growth_yoy_accel": 0.02798311776809813,
      "op_leverage_ratio": Infinity,
      "fcf_margin_change": 0.0701199129834987
    },
    {
      "date": "2025-09-30T00:00:00",
      "quarter_label": "2025-09 (Q3)",
      "revenue": 422600000,
      "gross_profit": 117800000,
      "operating_income": 4800000,
      "net_income": -41600000,
      "opex": 113000000,
      "cogs": 304800000,
      "rd": null,
      "sga": 105900000,
      "fcf": -1700000,
      "ocf": 2500000,
      "capex": -4200000,
      "gross_margin": 0.27875059157595833,
      "op_margin": 0.011358258400378608,
      "fcf_margin": -0.0040227165168007575,
      "incr_op_margin_yoy": 0.07633587786259542,
      "rev_growth_yoy": -0.05837789661319073,
      "rev_growth_yoy_accel": -0.04424144916389756,
      "fcf_margin_change": -0.02875255857831364
    }
  ],
  "signals": [
    {
      "quarter": "2025-09 (Q3)",
      "signal": "GROSS MARGIN INFLECTION",
      "detail": "GM: +27.2% -> +25.4% -> +27.9% (reversal +2.5%)",
      "severity": "MEDIUM"
    },
    {
      "quarter": "2025-06 (Q2)",
      "signal": "FCF TURNED POSITIVE",
      "detail": "FCF margin: -4.5% -> +2.5%",
      "severity": "HIGH"
    },
    {
      "quarter": "2025-03 (Q1)",
      "signal": "GROSS MARGIN INFLECTION",
      "detail": "GM: +27.8% -> +23.4% -> +27.2% (reversal +3.8%)",
      "severity": "MEDIUM"
    },
    {
      "quarter": "2025-03 (Q1)",
      "signal": "OP MARGIN TURNED POSITIVE (YoY)",
      "detail": "Op margin: -0.2% (year-ago) -> +0.2%",
      "severity": "HIGH"
    },
    {
      "quarter": "2024-12 (Q4)",
      "signal": "INCREMENTAL MARGIN (YoY)",
      "detail": "YoY Incr OPM: +41.9% vs year-ago OPM: +2.3%",
      "severity": "HIGH"
    },
    {
      "quarter": "2024-09 (Q3)",
      "signal": "FCF TURNED POSITIVE",
      "detail": "FCF margin: -2.8% -> +9.4%",
      "severity": "HIGH"
    },
    {
      "quarter": "2024-09 (Q3)",
      "signal": "YoY REVENUE GROWTH DECELERATION",
      "detail": "YoY growth: -3.7% vs prior quarter YoY: +4.2% (decel: -7.9%)",
      "severity": "WARNING"
    },
    {
      "quarter": "2024-09 (Q3)",
      "signal": "INCREMENTAL MARGIN (YoY)",
      "detail": "YoY Incr OPM: +40.8% vs year-ago OPM: +3.0%",
      "severity": "HIGH"
    },
    {
      "quarter": "2024-06 (Q2)",
      "signal": "OPERATING LEVERAGE",
      "detail": "Rev growth +10.5% vs OpEx growth +0.2% (leverage: 64.0x)",
      "severity": "MEDIUM"
    },
    {
      "quarter": "2024-06 (Q2)",
      "signal": "OP MARGIN TURNED POSITIVE (QoQ)",
      "detail": "Op margin: -0.2% -> +2.1%",
      "severity": "HIGH"
    },
    {
      "quarter": "2024-03 (Q1)",
      "signal": "YoY REVENUE GROWTH DECELERATION",
      "detail": "YoY growth: +5.0% vs prior quarter YoY: +21.7% (decel: -16.7%)",
      "severity": "WARNING"
    },
    {
      "quarter": "2023-12 (Q4)",
      "signal": "FCF MARGIN EXPANSION",
      "detail": "FCF margin: +1.8% -> +14.9% (+13.1%)",
      "severity": "MEDIUM"
    },
    {
      "quarter": "2023-12 (Q4)",
      "signal": "OPERATING LEVERAGE",
      "detail": "Rev growth +11.9% vs OpEx growth +7.7% (leverage: 1.5x)",
      "severity": "MEDIUM"
    },
    {
      "quarter": "2023-12 (Q4)",
      "signal": "YoY REVENUE GROWTH ACCELERATION",
      "detail": "YoY growth: +21.7% vs prior quarter YoY: +15.1% (accel: +6.6%)",
      "severity": "MEDIUM"
    },
    {
      "quarter": "2023-09 (Q3)",
      "signal": "FCF TURNED POSITIVE",
      "detail": "FCF margin: -3.6% -> +1.8%",
      "severity": "HIGH"
    },
    {
      "quarter": "2023-06 (Q2)",
      "signal": "OPERATING LEVERAGE",
      "detail": "Rev growth +11.3% vs OpEx growth +1.3% (leverage: 8.8x)",
      "severity": "MEDIUM"
    },
    {
      "quarter": "2023-06 (Q2)",
      "signal": "YoY REVENUE GROWTH DECELERATION",
      "detail": "YoY growth: +15.2% vs prior quarter YoY: +26.8% (decel: -11.6%)",
      "severity": "WARNING"
    },
    {
      "quarter": "2023-03 (Q1)",
      "signal": "GROSS MARGIN INFLECTION",
      "detail": "GM: +27.6% -> +25.9% -> +28.8% (reversal +3.0%)",
      "severity": "MEDIUM"
    },
    {
      "quarter": "2023-03 (Q1)",
      "signal": "YoY REVENUE GROWTH ACCELERATION",
      "detail": "YoY growth: +26.8% vs prior quarter YoY: +20.3% (accel: +6.5%)",
      "severity": "MEDIUM"
    },
    {
      "quarter": "2022-12 (Q4)",
      "signal": "OPERATING LEVERAGE",
      "detail": "Rev growth +5.8% vs OpEx growth +3.5% (leverage: 1.7x)",
      "severity": "MEDIUM"
    },
    {
      "quarter": "2022-12 (Q4)",
      "signal": "YoY REVENUE GROWTH DECELERATION",
      "detail": "YoY growth: +20.3% vs prior quarter YoY: +37.3% (decel: -17.0%)",
      "severity": "WARNING"
    },
    {
      "quarter": "2022-06 (Q2)",
      "signal": "FCF TURNED POSITIVE",
      "detail": "FCF margin: -2.6% -> +1.9%",
      "severity": "HIGH"
    },
    {
      "quarter": "2022-06 (Q2)",
      "signal": "OPERATING LEVERAGE",
      "detail": "Rev growth +22.6% vs OpEx growth +6.9% (leverage: 3.3x)",
      "severity": "MEDIUM"
    },
    {
      "quarter": "2022-06 (Q2)",
      "signal": "YoY REVENUE GROWTH ACCELERATION",
      "detail": "YoY growth: +38.9% vs prior quarter YoY: +23.4% (accel: +15.5%)",
      "severity": "HIGH"
    },
    {
      "quarter": "2022-03 (Q1)",
      "signal": "GROSS MARGIN INFLECTION",
      "detail": "GM: +27.5% -> +25.0% -> +27.6% (reversal +2.5%)",
      "severity": "MEDIUM"
    },
    {
      "quarter": "2021-12 (Q4)",
      "signal": "FCF TURNED POSITIVE",
      "detail": "FCF margin: -2.6% -> +6.6%",
      "severity": "HIGH"
    },
    {
      "quarter": "2021-12 (Q4)",
      "signal": "OPERATING LEVERAGE",
      "detail": "Rev growth +20.8% vs OpEx growth +7.5% (leverage: 2.8x)",
      "severity": "MEDIUM"
    },
    {
      "quarter": "2021-12 (Q4)",
      "signal": "OP MARGIN TURNED POSITIVE (YoY)",
      "detail": "Op margin: -0.2% (year-ago) -> +2.4%",
      "severity": "HIGH"
    },
    {
      "quarter": "2021-06 (Q2)",
      "signal": "FCF TURNED POSITIVE",
      "detail": "FCF margin: -0.3% -> +2.7%",
      "severity": "HIGH"
    },
    {
      "quarter": "2021-03 (Q1)",
      "signal": "OP MARGIN TURNED POSITIVE (QoQ)",
      "detail": "Op margin: -0.2% -> +0.1%",
      "severity": "HIGH"
    }
  ],
  "data_quality": {
    "n_quarters": 20,
    "coverage": {
      "revenue": [
        20,
        20
      ],
      "gross_profit": [
        20,
        20
      ],
      "op_income": [
        20,
        20
      ],
      "fcf": [
        20,
        20
      ]
    },
    "gaps": [],
    "warnings": []
  },
  "market_cap": null,
  "source": "SEC EDGAR",
  "last_updated": "2026-02-02T22:59:05.811529"
}