{
  "ticker": "ALTO",
  "name": "ALTO INGREDIENTS, INC.",
  "quarters": [
    {
      "date": "2020-12-31T00:00:00",
      "quarter_label": "2020-12 (Q4)",
      "revenue": 168818000,
      "gross_profit": 13637000,
      "operating_income": -15874000,
      "net_income": -20195000,
      "opex": 29511000,
      "cogs": 155181000,
      "rd": null,
      "sga": 6735000,
      "fcf": -5728000,
      "ocf": -4012000,
      "capex": -1716000,
      "gross_margin": 0.08077930078546126,
      "op_margin": -0.09403025743700316,
      "fcf_margin": -0.03393003115781493
    },
    {
      "date": "2021-03-31T00:00:00",
      "quarter_label": "2021-03 (Q1)",
      "revenue": 218734000,
      "gross_profit": 13837000,
      "operating_income": 5623000,
      "net_income": 4678000,
      "opex": 8214000,
      "cogs": 204897000,
      "rd": null,
      "sga": 7014000,
      "fcf": -8887000,
      "ocf": -4476000,
      "capex": -4411000,
      "gross_margin": 0.06325948412226723,
      "op_margin": 0.02570702314226412,
      "fcf_margin": -0.040629257454259514,
      "op_leverage_ratio": Infinity,
      "fcf_margin_change": -0.006699226296444587
    },
    {
      "date": "2021-06-30T00:00:00",
      "quarter_label": "2021-06 (Q2)",
      "revenue": 298110000,
      "gross_profit": 15233000,
      "operating_income": 6103000,
      "net_income": 8390000,
      "opex": 9130000,
      "cogs": 282877000,
      "rd": null,
      "sga": 7230000,
      "fcf": 8715000,
      "ocf": 8496000,
      "capex": 219000,
      "gross_margin": 0.05109858776961524,
      "op_margin": 0.020472308879272753,
      "fcf_margin": 0.029234175304417832,
      "op_leverage_ratio": 3.2541093261448983,
      "fcf_margin_change": 0.06986343275867735
    },
    {
      "date": "2021-09-30T00:00:00",
      "quarter_label": "2021-09 (Q3)",
      "revenue": 305556000,
      "gross_profit": -3399000,
      "operating_income": -8932000,
      "net_income": -3132000,
      "opex": 5533000,
      "cogs": 308955000,
      "rd": null,
      "sga": 5533000,
      "fcf": -31579000,
      "ocf": -23531000,
      "capex": -8048000,
      "gross_margin": -0.0111239838196599,
      "op_margin": -0.02923195748078912,
      "fcf_margin": -0.10334930421919386,
      "op_leverage_ratio": Infinity,
      "fcf_margin_change": -0.13258347952361169
    },
    {
      "date": "2021-12-31T00:00:00",
      "quarter_label": "2021-12 (Q4)",
      "revenue": 385492000,
      "gross_profit": 42113000,
      "operating_income": 37276000,
      "net_income": 36146000,
      "opex": 4837000,
      "cogs": 343379000,
      "rd": null,
      "sga": 9408000,
      "fcf": 42188000,
      "ocf": 46332000,
      "capex": -4144000,
      "gross_margin": 0.10924480923080115,
      "op_margin": 0.0966972077241551,
      "fcf_margin": 0.1094393657974744,
      "incr_op_margin_yoy": 0.2452993898668045,
      "rev_growth_yoy": 1.2834768804274426,
      "op_leverage_ratio": Infinity,
      "fcf_margin_change": 0.21278867001666826
    },
    {
      "date": "2022-03-31T00:00:00",
      "quarter_label": "2022-03 (Q1)",
      "revenue": 308118000,
      "gross_profit": 4773000,
      "operating_income": -2856000,
      "net_income": -2602000,
      "opex": 7629000,
      "cogs": 303345000,
      "rd": null,
      "sga": 7629000,
      "fcf": 8730000,
      "ocf": 11064000,
      "capex": -2334000,
      "gross_margin": 0.01549081845267073,
      "op_margin": -0.009269176094872744,
      "fcf_margin": 0.028333300878234963,
      "incr_op_margin_yoy": -0.09486037769623198,
      "rev_growth_yoy": 0.4086424607056973,
      "rev_growth_yoy_accel": -0.8748344197217452,
      "fcf_margin_change": -0.08110606491923944
    },
    {
      "date": "2022-06-30T00:00:00",
      "quarter_label": "2022-06 (Q2)",
      "revenue": 362189000,
      "gross_profit": 8844000,
      "operating_income": -152000,
      "net_income": 22115000,
      "opex": 8996000,
      "cogs": 353345000,
      "rd": null,
      "sga": 8996000,
      "fcf": 2203000,
      "ocf": 9631000,
      "capex": -7428000,
      "gross_margin": 0.024418190502748564,
      "op_margin": -0.00041967039308206486,
      "fcf_margin": 0.00608245971026177,
      "incr_op_margin_yoy": -0.09761388286334056,
      "rev_growth_yoy": 0.21495085706618364,
      "rev_growth_yoy_accel": -0.19369160363951368,
      "op_leverage_ratio": 0.979369177161831,
      "fcf_margin_change": -0.02225084116797319
    },
    {
      "date": "2022-09-30T00:00:00",
      "quarter_label": "2022-09 (Q3)",
      "revenue": 336877000,
      "gross_profit": -19839000,
      "operating_income": -27242000,
      "net_income": -28038000,
      "opex": 7403000,
      "cogs": 356716000,
      "rd": null,
      "sga": 7403000,
      "fcf": -34326000,
      "ocf": -18855000,
      "capex": -15471000,
      "gross_margin": -0.05889093051766669,
      "op_margin": -0.08086631025567195,
      "fcf_margin": -0.1018947568400336,
      "incr_op_margin_yoy": -0.5845918074135564,
      "rev_growth_yoy": 0.10250494181099373,
      "rev_growth_yoy_accel": -0.1124459152551899,
      "fcf_margin_change": -0.10797721655029537
    },
    {
      "date": "2022-12-31T00:00:00",
      "quarter_label": "2022-12 (Q4)",
      "revenue": 328437000,
      "gross_profit": -21328000,
      "operating_income": -31109000,
      "net_income": -33072000,
      "opex": 9781000,
      "cogs": 349765000,
      "rd": null,
      "sga": 7551000,
      "fcf": -8302000,
      "ocf": 4209000,
      "capex": -12511000,
      "gross_margin": -0.06493787240779815,
      "op_margin": -0.09471831736375622,
      "fcf_margin": -0.025277298233755637,
      "incr_op_margin_yoy": 1.198580317237753,
      "rev_growth_yoy": -0.14800566548722152,
      "rev_growth_yoy_accel": -0.2505106072982153,
      "fcf_margin_change": 0.07661745860627797
    },
    {
      "date": "2023-03-31T00:00:00",
      "quarter_label": "2023-03 (Q1)",
      "revenue": 313891000,
      "gross_profit": -3164000,
      "operating_income": -11620000,
      "net_income": -13166000,
      "opex": 1565000,
      "cogs": 317055000,
      "rd": null,
      "sga": 7882000,
      "fcf": -32949000,
      "ocf": -23347000,
      "capex": -9602000,
      "gross_margin": -0.010079932205765696,
      "op_margin": -0.037019220047723574,
      "fcf_margin": -0.10496955949676799,
      "incr_op_margin_yoy": -1.5181015070154167,
      "rev_growth_yoy": 0.018736328289811047,
      "rev_growth_yoy_accel": 0.16674199377703258,
      "fcf_margin_change": -0.07969226126301235
    },
    {
      "date": "2023-06-30T00:00:00",
      "quarter_label": "2023-06 (Q2)",
      "revenue": 317297000,
      "gross_profit": 17181000,
      "operating_income": 9270000,
      "net_income": 7595000,
      "opex": 7911000,
      "cogs": 300116000,
      "rd": null,
      "sga": 7911000,
      "fcf": 2077000,
      "ocf": 10443000,
      "capex": -8366000,
      "gross_margin": 0.054148006441914046,
      "op_margin": 0.029215529929372167,
      "fcf_margin": 0.0065459175472822,
      "incr_op_margin_yoy": -0.20988149336184622,
      "rev_growth_yoy": -0.12394633740947406,
      "rev_growth_yoy_accel": -0.14268266569928512,
      "op_leverage_ratio": 0.002675962691206751,
      "fcf_margin_change": 0.1115154770440502
    },
    {
      "date": "2023-09-30T00:00:00",
      "quarter_label": "2023-09 (Q3)",
      "revenue": 318127000,
      "gross_profit": 4161000,
      "operating_income": -4327000,
      "net_income": -3489000,
      "opex": 8488000,
      "cogs": 313966000,
      "rd": null,
      "sga": 8488000,
      "fcf": 16490000,
      "ocf": 23133000,
      "capex": -6643000,
      "gross_margin": 0.013079682013786946,
      "op_margin": -0.013601486198907983,
      "fcf_margin": 0.051834644654493334,
      "incr_op_margin_yoy": -1.2221333333333333,
      "rev_growth_yoy": -0.055658296648331586,
      "rev_growth_yoy_accel": 0.06828804076114248,
      "fcf_margin_change": 0.04528872710721114
    },
    {
      "date": "2023-12-31T00:00:00",
      "quarter_label": "2023-12 (Q4)",
      "revenue": 273625000,
      "gross_profit": -2525000,
      "operating_income": -17171000,
      "net_income": -18945000,
      "opex": 14646000,
      "cogs": 276150000,
      "rd": null,
      "sga": 8383000,
      "fcf": 6876000,
      "ocf": 11796000,
      "capex": -4920000,
      "gross_margin": -0.009227957971676564,
      "op_margin": -0.06275376884422111,
      "fcf_margin": 0.025129282777523982,
      "incr_op_margin_yoy": -0.25428738232503834,
      "rev_growth_yoy": -0.16688740915304914,
      "rev_growth_yoy_accel": -0.11122911250471756,
      "fcf_margin_change": -0.02670536187696935
    },
    {
      "date": "2024-03-31T00:00:00",
      "quarter_label": "2024-03 (Q1)",
      "revenue": 240629000,
      "gross_profit": -2400000,
      "operating_income": -10332000,
      "net_income": -11725000,
      "opex": 1634000,
      "cogs": 243029000,
      "rd": null,
      "sga": 7932000,
      "fcf": -3214000,
      "ocf": 1429000,
      "capex": -4643000,
      "gross_margin": -0.009973860174791899,
      "op_margin": -0.042937468052479125,
      "fcf_margin": -0.013356661084075485,
      "incr_op_margin_yoy": -0.01758073762660042,
      "rev_growth_yoy": -0.23339949218040656,
      "rev_growth_yoy_accel": -0.06651208302735742,
      "fcf_margin_change": -0.03848594386159947
    },
    {
      "date": "2024-06-30T00:00:00",
      "quarter_label": "2024-06 (Q2)",
      "revenue": 236468000,
      "gross_profit": 7553000,
      "operating_income": -1408000,
      "net_income": -3106000,
      "opex": 8961000,
      "cogs": 228915000,
      "rd": null,
      "sga": 8961000,
      "fcf": -18382000,
      "ocf": -13728000,
      "capex": -4654000,
      "gross_margin": 0.03194089686553783,
      "op_margin": -0.005954294027098804,
      "fcf_margin": -0.0777356767088993,
      "incr_op_margin_yoy": 0.13210605104603546,
      "rev_growth_yoy": -0.2547424022288266,
      "rev_growth_yoy_accel": -0.02134291004842004,
      "fcf_margin_change": -0.06437901562482382
    },
    {
      "date": "2024-09-30T00:00:00",
      "quarter_label": "2024-09 (Q3)",
      "revenue": 251814000,
      "gross_profit": 5960000,
      "operating_income": -720000,
      "net_income": -2441000,
      "opex": 6680000,
      "cogs": 245854000,
      "rd": null,
      "sga": 7510000,
      "fcf": 18077000,
      "ocf": 18568000,
      "capex": -491000,
      "gross_margin": 0.023668263083069248,
      "op_margin": -0.002859253258357359,
      "fcf_margin": 0.07178711271017497,
      "incr_op_margin_yoy": -0.054393557824257685,
      "rev_growth_yoy": -0.20844819836103193,
      "rev_growth_yoy_accel": 0.046294203867794675,
      "op_leverage_ratio": Infinity,
      "fcf_margin_change": 0.14952278941907426
    },
    {
      "date": "2024-12-31T00:00:00",
      "quarter_label": "2024-12 (Q4)",
      "revenue": 236347000,
      "gross_profit": -1391000,
      "operating_income": -39215000,
      "net_income": -41712000,
      "opex": 37824000,
      "cogs": 237738000,
      "rd": null,
      "sga": 5333000,
      "fcf": -11068000,
      "ocf": -9790000,
      "capex": -1278000,
      "gross_margin": -0.005885414242617846,
      "op_margin": -0.16592129369105596,
      "fcf_margin": -0.046829449918975065,
      "incr_op_margin_yoy": 0.5913407371640109,
      "rev_growth_yoy": -0.1362375513933303,
      "rev_growth_yoy_accel": 0.07221064696770163,
      "fcf_margin_change": -0.11861656262915005
    },
    {
      "date": "2025-03-31T00:00:00",
      "quarter_label": "2025-03 (Q1)",
      "revenue": 226540000,
      "gross_profit": -1807000,
      "operating_income": -8997000,
      "net_income": -11679000,
      "opex": 7190000,
      "cogs": 228347000,
      "rd": null,
      "sga": 7190000,
      "fcf": -18763000,
      "ocf": -18231000,
      "capex": -532000,
      "gross_margin": -0.00797651628851417,
      "op_margin": -0.03971484064624349,
      "fcf_margin": -0.08282422530237486,
      "incr_op_margin_yoy": -0.09475477322734048,
      "rev_growth_yoy": -0.05855071500110128,
      "rev_growth_yoy_accel": 0.07768683639222901,
      "fcf_margin_change": -0.0359947753833998
    },
    {
      "date": "2025-06-30T00:00:00",
      "quarter_label": "2025-06 (Q2)",
      "revenue": 218436000,
      "gross_profit": -1937000,
      "operating_income": -8108000,
      "net_income": -10997000,
      "opex": 6171000,
      "cogs": 220373000,
      "rd": null,
      "sga": 6171000,
      "fcf": -1332000,
      "ocf": -848000,
      "capex": -484000,
      "gross_margin": -0.008867585929059313,
      "op_margin": -0.037118423703052614,
      "fcf_margin": -0.006097895951216833,
      "incr_op_margin_yoy": 0.37156166814551905,
      "rev_growth_yoy": -0.07625556100614037,
      "rev_growth_yoy_accel": -0.017704846005039084,
      "fcf_margin_change": 0.07672632935115803
    },
    {
      "date": "2025-09-30T00:00:00",
      "quarter_label": "2025-09 (Q3)",
      "revenue": 240986000,
      "gross_profit": 23494000,
      "operating_income": 16980000,
      "net_income": 14208000,
      "opex": 6514000,
      "cogs": 217492000,
      "rd": null,
      "sga": 6514000,
      "fcf": 21151000,
      "ocf": 22784000,
      "capex": -1633000,
      "gross_margin": 0.09749114056418215,
      "op_margin": 0.07046052467778212,
      "fcf_margin": 0.08776858406712423,
      "incr_op_margin_yoy": -1.634650905060953,
      "rev_growth_yoy": -0.04299999205762984,
      "rev_growth_yoy_accel": 0.033255568948510526,
      "op_leverage_ratio": 1.8573072647333788,
      "fcf_margin_change": 0.09386648001834107
    }
  ],
  "signals": [
    {
      "quarter": "2025-09 (Q3)",
      "signal": "FCF TURNED POSITIVE",
      "detail": "FCF margin: -0.6% -> +8.8%",
      "severity": "HIGH"
    },
    {
      "quarter": "2025-09 (Q3)",
      "signal": "OPERATING LEVERAGE",
      "detail": "Rev growth +10.3% vs OpEx growth +5.6% (leverage: 1.9x)",
      "severity": "MEDIUM"
    },
    {
      "quarter": "2025-09 (Q3)",
      "signal": "GROSS MARGIN INFLECTION",
      "detail": "GM: -0.8% -> -0.9% -> +9.7% (reversal +10.6%)",
      "severity": "HIGH"
    },
    {
      "quarter": "2025-09 (Q3)",
      "signal": "OP MARGIN TURNED POSITIVE (YoY)",
      "detail": "Op margin: -0.3% (year-ago) -> +7.0%",
      "severity": "HIGH"
    },
    {
      "quarter": "2025-09 (Q3)",
      "signal": "OP MARGIN TURNED POSITIVE (QoQ)",
      "detail": "Op margin: -3.7% -> +7.0%",
      "severity": "HIGH"
    },
    {
      "quarter": "2025-06 (Q2)",
      "signal": "FCF MARGIN EXPANSION",
      "detail": "FCF margin: -8.3% -> -0.6% (+7.7%)",
      "severity": "MEDIUM"
    },
    {
      "quarter": "2025-03 (Q1)",
      "signal": "YoY REVENUE GROWTH ACCELERATION",
      "detail": "YoY growth: -5.9% vs prior quarter YoY: -13.6% (accel: +7.8%)",
      "severity": "MEDIUM"
    },
    {
      "quarter": "2024-12 (Q4)",
      "signal": "YoY REVENUE GROWTH ACCELERATION",
      "detail": "YoY growth: -13.6% vs prior quarter YoY: -20.8% (accel: +7.2%)",
      "severity": "MEDIUM"
    },
    {
      "quarter": "2024-09 (Q3)",
      "signal": "FCF TURNED POSITIVE",
      "detail": "FCF margin: -7.8% -> +7.2%",
      "severity": "HIGH"
    },
    {
      "quarter": "2024-06 (Q2)",
      "signal": "GROSS MARGIN INFLECTION",
      "detail": "GM: -0.9% -> -1.0% -> +3.2% (reversal +4.2%)",
      "severity": "MEDIUM"
    },
    {
      "quarter": "2024-03 (Q1)",
      "signal": "YoY REVENUE GROWTH DECELERATION",
      "detail": "YoY growth: -23.3% vs prior quarter YoY: -16.7% (decel: -6.7%)",
      "severity": "WARNING"
    },
    {
      "quarter": "2023-12 (Q4)",
      "signal": "YoY REVENUE GROWTH DECELERATION",
      "detail": "YoY growth: -16.7% vs prior quarter YoY: -5.6% (decel: -11.1%)",
      "severity": "WARNING"
    },
    {
      "quarter": "2023-09 (Q3)",
      "signal": "YoY REVENUE GROWTH ACCELERATION",
      "detail": "YoY growth: -5.6% vs prior quarter YoY: -12.4% (accel: +6.8%)",
      "severity": "MEDIUM"
    },
    {
      "quarter": "2023-06 (Q2)",
      "signal": "FCF TURNED POSITIVE",
      "detail": "FCF margin: -10.5% -> +0.7%",
      "severity": "HIGH"
    },
    {
      "quarter": "2023-06 (Q2)",
      "signal": "YoY REVENUE GROWTH DECELERATION",
      "detail": "YoY growth: -12.4% vs prior quarter YoY: +1.9% (decel: -14.3%)",
      "severity": "WARNING"
    },
    {
      "quarter": "2023-06 (Q2)",
      "signal": "OP MARGIN TURNED POSITIVE (YoY)",
      "detail": "Op margin: -0.0% (year-ago) -> +2.9%",
      "severity": "HIGH"
    },
    {
      "quarter": "2023-06 (Q2)",
      "signal": "OP MARGIN TURNED POSITIVE (QoQ)",
      "detail": "Op margin: -3.7% -> +2.9%",
      "severity": "HIGH"
    },
    {
      "quarter": "2023-03 (Q1)",
      "signal": "GROSS MARGIN INFLECTION",
      "detail": "GM: -5.9% -> -6.5% -> -1.0% (reversal +5.5%)",
      "severity": "HIGH"
    },
    {
      "quarter": "2023-03 (Q1)",
      "signal": "YoY REVENUE GROWTH ACCELERATION",
      "detail": "YoY growth: +1.9% vs prior quarter YoY: -14.8% (accel: +16.7%)",
      "severity": "HIGH"
    },
    {
      "quarter": "2022-12 (Q4)",
      "signal": "FCF MARGIN EXPANSION",
      "detail": "FCF margin: -10.2% -> -2.5% (+7.7%)",
      "severity": "MEDIUM"
    },
    {
      "quarter": "2022-12 (Q4)",
      "signal": "YoY REVENUE GROWTH DECELERATION",
      "detail": "YoY growth: -14.8% vs prior quarter YoY: +10.3% (decel: -25.1%)",
      "severity": "WARNING"
    },
    {
      "quarter": "2022-09 (Q3)",
      "signal": "YoY REVENUE GROWTH DECELERATION",
      "detail": "YoY growth: +10.3% vs prior quarter YoY: +21.5% (decel: -11.2%)",
      "severity": "WARNING"
    },
    {
      "quarter": "2022-06 (Q2)",
      "signal": "YoY REVENUE GROWTH DECELERATION",
      "detail": "YoY growth: +21.5% vs prior quarter YoY: +40.9% (decel: -19.4%)",
      "severity": "WARNING"
    },
    {
      "quarter": "2022-03 (Q1)",
      "signal": "YoY REVENUE GROWTH DECELERATION",
      "detail": "YoY growth: +40.9% vs prior quarter YoY: +128.3% (decel: -87.5%)",
      "severity": "WARNING"
    },
    {
      "quarter": "2021-12 (Q4)",
      "signal": "FCF TURNED POSITIVE",
      "detail": "FCF margin: -10.3% -> +10.9%",
      "severity": "HIGH"
    },
    {
      "quarter": "2021-12 (Q4)",
      "signal": "GROSS MARGIN INFLECTION",
      "detail": "GM: +5.1% -> -1.1% -> +10.9% (reversal +12.0%)",
      "severity": "HIGH"
    },
    {
      "quarter": "2021-12 (Q4)",
      "signal": "OP MARGIN TURNED POSITIVE (YoY)",
      "detail": "Op margin: -9.4% (year-ago) -> +9.7%",
      "severity": "HIGH"
    },
    {
      "quarter": "2021-12 (Q4)",
      "signal": "OP MARGIN TURNED POSITIVE (QoQ)",
      "detail": "Op margin: -2.9% -> +9.7%",
      "severity": "HIGH"
    },
    {
      "quarter": "2021-06 (Q2)",
      "signal": "FCF TURNED POSITIVE",
      "detail": "FCF margin: -4.1% -> +2.9%",
      "severity": "HIGH"
    },
    {
      "quarter": "2021-06 (Q2)",
      "signal": "OPERATING LEVERAGE",
      "detail": "Rev growth +36.3% vs OpEx growth +11.2% (leverage: 3.3x)",
      "severity": "MEDIUM"
    },
    {
      "quarter": "2021-03 (Q1)",
      "signal": "OP MARGIN TURNED POSITIVE (QoQ)",
      "detail": "Op margin: -9.4% -> +2.6%",
      "severity": "HIGH"
    }
  ],
  "data_quality": {
    "n_quarters": 20,
    "coverage": {
      "revenue": [
        20,
        20
      ],
      "gross_profit": [
        20,
        20
      ],
      "op_income": [
        20,
        20
      ],
      "fcf": [
        20,
        20
      ]
    },
    "gaps": [],
    "warnings": []
  },
  "market_cap": null,
  "source": "SEC EDGAR",
  "last_updated": "2026-02-02T23:00:56.559495"
}