{
  "ticker": "ALTS",
  "name": "ALT5 SIGMA CORPORATION",
  "quarters": [
    {
      "date": "2021-01-02T00:00:00",
      "quarter_label": "2021-01 (Q1)",
      "revenue": 9144000,
      "gross_profit": 2591000,
      "operating_income": -2456000,
      "net_income": -2963000,
      "opex": 5047000,
      "cogs": 6553000,
      "rd": null,
      "sga": 5047000,
      "fcf": -70000,
      "ocf": 425000,
      "capex": -495000,
      "gross_margin": 0.2833552055993001,
      "op_margin": -0.268591426071741,
      "fcf_margin": -0.007655293088363955
    },
    {
      "date": "2021-04-03T00:00:00",
      "quarter_label": "2021-04 (Q2)",
      "revenue": 8672000,
      "gross_profit": 1421000,
      "operating_income": -2109000,
      "net_income": 502000,
      "opex": 3530000,
      "cogs": 7251000,
      "rd": null,
      "sga": 3530000,
      "fcf": -639000,
      "ocf": -342000,
      "capex": -297000,
      "gross_margin": 0.16386070110701106,
      "op_margin": -0.24319649446494465,
      "fcf_margin": -0.07368542435424354,
      "fcf_margin_change": -0.06603013126587959
    },
    {
      "date": "2021-07-03T00:00:00",
      "quarter_label": "2021-07 (Q3)",
      "revenue": 8606000,
      "gross_profit": 1743000,
      "operating_income": -2852000,
      "net_income": -4979000,
      "opex": 4595000,
      "cogs": 6863000,
      "rd": null,
      "sga": 4595000,
      "fcf": -3126000,
      "ocf": -1965000,
      "capex": -1161000,
      "gross_margin": 0.2025331164303974,
      "op_margin": -0.3313966999767604,
      "fcf_margin": -0.3632349523588194,
      "fcf_margin_change": -0.2895495280045759
    },
    {
      "date": "2021-10-02T00:00:00",
      "quarter_label": "2021-10 (Q4)",
      "revenue": 12113000,
      "gross_profit": 3081000,
      "operating_income": -844000,
      "net_income": -968000,
      "opex": 3925000,
      "cogs": 9032000,
      "rd": null,
      "sga": 3925000,
      "fcf": -1250000,
      "ocf": -1178000,
      "capex": -72000,
      "gross_margin": 0.25435482539420456,
      "op_margin": -0.06967720630727317,
      "fcf_margin": -0.10319491455461074,
      "op_leverage_ratio": Infinity,
      "fcf_margin_change": 0.2600400378042087
    },
    {
      "date": "2022-01-01T00:00:00",
      "quarter_label": "2022-01 (Q1)",
      "revenue": 10631000,
      "gross_profit": 2623000,
      "operating_income": -10970000,
      "net_income": -11442000,
      "opex": 13593000,
      "cogs": 8008000,
      "rd": null,
      "sga": 3807000,
      "fcf": -1936000,
      "ocf": -1807000,
      "capex": -129000,
      "gross_margin": 0.24673125764274292,
      "op_margin": -1.0318878750823064,
      "fcf_margin": -0.18210892672373247,
      "incr_op_margin_yoy": -5.725622057834566,
      "rev_growth_yoy": 0.16262029746281714,
      "fcf_margin_change": -0.07891401216912172
    },
    {
      "date": "2022-04-02T00:00:00",
      "quarter_label": "2022-04 (Q2)",
      "revenue": 9324000,
      "gross_profit": 1853000,
      "operating_income": -1092000,
      "net_income": 1211000,
      "opex": 2945000,
      "cogs": 7471000,
      "rd": null,
      "sga": 2945000,
      "fcf": 1928000,
      "ocf": 2055000,
      "capex": -127000,
      "gross_margin": 0.19873444873444873,
      "op_margin": -0.11711711711711711,
      "fcf_margin": 0.20677820677820677,
      "rev_growth_yoy": 0.07518450184501844,
      "rev_growth_yoy_accel": -0.0874357956177987,
      "fcf_margin_change": 0.38888713350193926
    },
    {
      "date": "2022-07-02T00:00:00",
      "quarter_label": "2022-07 (Q3)",
      "revenue": 10538000,
      "gross_profit": 1649000,
      "operating_income": 10832000,
      "net_income": 10687000,
      "opex": -9183000,
      "cogs": 8889000,
      "rd": null,
      "sga": 2908000,
      "fcf": -1160000,
      "ocf": -566000,
      "capex": -594000,
      "gross_margin": 0.1564813057506168,
      "op_margin": 1.0278990320743975,
      "fcf_margin": -0.11007781362687417,
      "incr_op_margin_yoy": 7.082815734989648,
      "rev_growth_yoy": 0.22449453869393446,
      "rev_growth_yoy_accel": 0.14931003684891603,
      "op_leverage_ratio": Infinity,
      "fcf_margin_change": -0.31685602040508093
    },
    {
      "date": "2022-10-01T00:00:00",
      "quarter_label": "2022-10 (Q4)",
      "revenue": 8587000,
      "gross_profit": 1034000,
      "operating_income": -1824000,
      "net_income": -2074000,
      "opex": 2858000,
      "cogs": 7553000,
      "rd": null,
      "sga": 2858000,
      "fcf": -3895000,
      "ocf": -3880000,
      "capex": -15000,
      "gross_margin": 0.12041458017934087,
      "op_margin": -0.21241411435891464,
      "fcf_margin": -0.4535926400372656,
      "incr_op_margin_yoy": 0.27793533749290983,
      "rev_growth_yoy": -0.291092214975646,
      "rev_growth_yoy_accel": -0.5155867536695805,
      "fcf_margin_change": -0.34351482641039144
    },
    {
      "date": "2022-12-31T00:00:00",
      "quarter_label": "2022-12 (Q4)",
      "revenue": 11162000,
      "gross_profit": 3083000,
      "operating_income": -2669000,
      "net_income": 1168000,
      "opex": 5752000,
      "cogs": 8079000,
      "rd": null,
      "sga": 3079000,
      "fcf": -738000,
      "ocf": -666000,
      "capex": -72000,
      "gross_margin": 0.2762049811861674,
      "op_margin": -0.2391148539688228,
      "fcf_margin": -0.06611718330048379,
      "rev_growth_yoy": 0.049948264509453486,
      "rev_growth_yoy_accel": 0.3410404794850995,
      "op_leverage_ratio": 0.29614163387560744,
      "fcf_margin_change": 0.38747545673678185
    },
    {
      "date": "2023-04-01T00:00:00",
      "quarter_label": "2023-04 (Q2)",
      "revenue": 0,
      "gross_profit": 0,
      "operating_income": -1099000,
      "net_income": 10085000,
      "opex": 1099000,
      "cogs": 0,
      "rd": null,
      "sga": 1099000,
      "fcf": 2426000,
      "ocf": 2426000,
      "capex": null,
      "gross_margin": null,
      "op_margin": null,
      "fcf_margin": null,
      "incr_op_margin_yoy": 0.0007507507507507507,
      "rev_growth_yoy": -1.0,
      "rev_growth_yoy_accel": -1.0499482645094536
    },
    {
      "date": "2023-07-01T00:00:00",
      "quarter_label": "2023-07 (Q3)",
      "revenue": 0,
      "gross_profit": 0,
      "operating_income": -1060000,
      "net_income": 123000,
      "opex": 1060000,
      "cogs": 0,
      "rd": null,
      "sga": 1060000,
      "fcf": -115000,
      "ocf": -115000,
      "capex": null,
      "gross_margin": null,
      "op_margin": null,
      "fcf_margin": null,
      "incr_op_margin_yoy": 1.1284873790092997,
      "rev_growth_yoy": -1.0,
      "rev_growth_yoy_accel": 0.0
    },
    {
      "date": "2023-09-30T00:00:00",
      "quarter_label": "2023-09 (Q3)",
      "revenue": 0,
      "gross_profit": 0,
      "operating_income": -764000,
      "net_income": -214000,
      "opex": 764000,
      "cogs": 0,
      "rd": null,
      "sga": 764000,
      "fcf": -439000,
      "ocf": -439000,
      "capex": null,
      "gross_margin": null,
      "op_margin": null,
      "fcf_margin": null,
      "incr_op_margin_yoy": -0.12344241294980784,
      "rev_growth_yoy": -1.0,
      "rev_growth_yoy_accel": 0.0
    },
    {
      "date": "2023-12-30T00:00:00",
      "quarter_label": "2023-12 (Q4)",
      "revenue": 0,
      "gross_profit": 0,
      "operating_income": -16923000,
      "net_income": -17805000,
      "opex": 16923000,
      "cogs": 0,
      "rd": null,
      "sga": 1823000,
      "fcf": -409000,
      "ocf": -409000,
      "capex": null,
      "gross_margin": null,
      "op_margin": null,
      "fcf_margin": null,
      "incr_op_margin_yoy": 1.2770112882995879,
      "rev_growth_yoy": -1.0,
      "rev_growth_yoy_accel": 0.0
    },
    {
      "date": "2024-03-30T00:00:00",
      "quarter_label": "2024-03 (Q1)",
      "revenue": 0,
      "gross_profit": 0,
      "operating_income": -1806000,
      "net_income": -2144000,
      "opex": 1806000,
      "cogs": 0,
      "rd": null,
      "sga": 1806000,
      "fcf": -544000,
      "ocf": -544000,
      "capex": null,
      "gross_margin": null,
      "op_margin": null,
      "fcf_margin": null
    },
    {
      "date": "2024-06-29T00:00:00",
      "quarter_label": "2024-06 (Q2)",
      "revenue": 2169000,
      "gross_profit": 1098000,
      "operating_income": -2916000,
      "net_income": 589000,
      "opex": 4014000,
      "cogs": 1071000,
      "rd": null,
      "sga": 4014000,
      "fcf": 80000,
      "ocf": 80000,
      "capex": null,
      "gross_margin": 0.5062240663900415,
      "op_margin": -1.3443983402489628,
      "fcf_margin": 0.036883356385431075,
      "incr_op_margin_yoy": -0.8556938681420009
    },
    {
      "date": "2024-09-28T00:00:00",
      "quarter_label": "2024-09 (Q3)",
      "revenue": 4941000,
      "gross_profit": 2361000,
      "operating_income": -1221000,
      "net_income": -822000,
      "opex": 3582000,
      "cogs": 2580000,
      "rd": null,
      "sga": 3582000,
      "fcf": 4193000,
      "ocf": 4193000,
      "capex": null,
      "gross_margin": 0.47783849423193686,
      "op_margin": -0.24711596842744385,
      "fcf_margin": 0.8486136409633678,
      "incr_op_margin_yoy": -0.09249139850232746,
      "op_leverage_ratio": Infinity,
      "fcf_margin_change": 0.8117302845779367
    },
    {
      "date": "2024-12-28T00:00:00",
      "quarter_label": "2024-12 (Q4)",
      "revenue": 5422000,
      "gross_profit": 2835000,
      "operating_income": -1619000,
      "net_income": -3868000,
      "opex": 4454000,
      "cogs": 2587000,
      "rd": null,
      "sga": 4454000,
      "fcf": -1952000,
      "ocf": -1952000,
      "capex": null,
      "gross_margin": 0.5228697897454814,
      "op_margin": -0.29859830320914793,
      "fcf_margin": -0.3600147547030616,
      "incr_op_margin_yoy": 2.8225746956842492,
      "op_leverage_ratio": 0.39988887217793817,
      "fcf_margin_change": -1.2086283956664294
    },
    {
      "date": "2025-03-29T00:00:00",
      "quarter_label": "2025-03 (Q1)",
      "revenue": 5514000,
      "gross_profit": 2591000,
      "operating_income": -2170000,
      "net_income": -2861000,
      "opex": 4761000,
      "cogs": 2923000,
      "rd": null,
      "sga": 4761000,
      "fcf": -1543000,
      "ocf": -1543000,
      "capex": null,
      "gross_margin": 0.4698948132027566,
      "op_margin": -0.3935437069278201,
      "fcf_margin": -0.2798331519767864,
      "incr_op_margin_yoy": -0.06601378309756982,
      "op_leverage_ratio": 0.24617284870301592,
      "fcf_margin_change": 0.08018160272627523
    },
    {
      "date": "2025-06-28T00:00:00",
      "quarter_label": "2025-06 (Q2)",
      "revenue": 6378000,
      "gross_profit": 2775000,
      "operating_income": -2095000,
      "net_income": -9115000,
      "opex": 4870000,
      "cogs": 3603000,
      "rd": null,
      "sga": 4870000,
      "fcf": -5184000,
      "ocf": -5184000,
      "capex": null,
      "gross_margin": 0.43508936970837253,
      "op_margin": -0.3284728755095641,
      "fcf_margin": -0.812793979303857,
      "incr_op_margin_yoy": 0.19505820860061773,
      "rev_growth_yoy": 1.9405255878284924,
      "op_leverage_ratio": 6.844136526539617,
      "fcf_margin_change": -0.5329608273270706
    },
    {
      "date": "2025-09-27T00:00:00",
      "quarter_label": "2025-09 (Q3)",
      "revenue": 7575000,
      "gross_profit": 2623000,
      "operating_income": -16539000,
      "net_income": 48962000,
      "opex": 19162000,
      "cogs": 4952000,
      "rd": null,
      "sga": 19162000,
      "fcf": -8739000,
      "ocf": -8739000,
      "capex": null,
      "gross_margin": 0.3462706270627063,
      "op_margin": -2.1833663366336635,
      "fcf_margin": -1.1536633663366336,
      "incr_op_margin_yoy": -5.815489749430524,
      "rev_growth_yoy": 0.533090467516697,
      "rev_growth_yoy_accel": -1.4074351203117954,
      "op_leverage_ratio": 0.0639507422002428,
      "fcf_margin_change": -0.3408693870327766
    }
  ],
  "signals": [
    {
      "quarter": "2025-09 (Q3)",
      "signal": "YoY REVENUE GROWTH DECELERATION",
      "detail": "YoY growth: +53.3% vs prior quarter YoY: +194.1% (decel: -140.7%)",
      "severity": "WARNING"
    },
    {
      "quarter": "2025-06 (Q2)",
      "signal": "OPERATING LEVERAGE",
      "detail": "Rev growth +15.7% vs OpEx growth +2.3% (leverage: 6.8x)",
      "severity": "MEDIUM"
    },
    {
      "quarter": "2025-03 (Q1)",
      "signal": "FCF MARGIN EXPANSION",
      "detail": "FCF margin: -36.0% -> -28.0% (+8.0%)",
      "severity": "MEDIUM"
    },
    {
      "quarter": "2024-12 (Q4)",
      "signal": "GROSS MARGIN INFLECTION",
      "detail": "GM: +50.6% -> +47.8% -> +52.3% (reversal +4.5%)",
      "severity": "MEDIUM"
    },
    {
      "quarter": "2024-09 (Q3)",
      "signal": "FCF MARGIN EXPANSION",
      "detail": "FCF margin: +3.7% -> +84.9% (+81.2%)",
      "severity": "MEDIUM"
    },
    {
      "quarter": "2023-04 (Q2)",
      "signal": "YoY REVENUE GROWTH DECELERATION",
      "detail": "YoY growth: -100.0% vs prior quarter YoY: +5.0% (decel: -105.0%)",
      "severity": "WARNING"
    },
    {
      "quarter": "2022-12 (Q4)",
      "signal": "FCF MARGIN EXPANSION",
      "detail": "FCF margin: -45.4% -> -6.6% (+38.7%)",
      "severity": "MEDIUM"
    },
    {
      "quarter": "2022-12 (Q4)",
      "signal": "GROSS MARGIN INFLECTION",
      "detail": "GM: +15.6% -> +12.0% -> +27.6% (reversal +15.6%)",
      "severity": "HIGH"
    },
    {
      "quarter": "2022-12 (Q4)",
      "signal": "YoY REVENUE GROWTH ACCELERATION",
      "detail": "YoY growth: +5.0% vs prior quarter YoY: -29.1% (accel: +34.1%)",
      "severity": "HIGH"
    },
    {
      "quarter": "2022-10 (Q4)",
      "signal": "YoY REVENUE GROWTH DECELERATION",
      "detail": "YoY growth: -29.1% vs prior quarter YoY: +22.4% (decel: -51.6%)",
      "severity": "WARNING"
    },
    {
      "quarter": "2022-07 (Q3)",
      "signal": "YoY REVENUE GROWTH ACCELERATION",
      "detail": "YoY growth: +22.4% vs prior quarter YoY: +7.5% (accel: +14.9%)",
      "severity": "MEDIUM"
    },
    {
      "quarter": "2022-07 (Q3)",
      "signal": "OP MARGIN TURNED POSITIVE (YoY)",
      "detail": "Op margin: -33.1% (year-ago) -> +102.8%",
      "severity": "HIGH"
    },
    {
      "quarter": "2022-07 (Q3)",
      "signal": "OP MARGIN TURNED POSITIVE (QoQ)",
      "detail": "Op margin: -11.7% -> +102.8%",
      "severity": "HIGH"
    },
    {
      "quarter": "2022-04 (Q2)",
      "signal": "FCF TURNED POSITIVE",
      "detail": "FCF margin: -18.2% -> +20.7%",
      "severity": "HIGH"
    },
    {
      "quarter": "2022-04 (Q2)",
      "signal": "YoY REVENUE GROWTH DECELERATION",
      "detail": "YoY growth: +7.5% vs prior quarter YoY: +16.3% (decel: -8.7%)",
      "severity": "WARNING"
    },
    {
      "quarter": "2021-10 (Q4)",
      "signal": "FCF MARGIN EXPANSION",
      "detail": "FCF margin: -36.3% -> -10.3% (+26.0%)",
      "severity": "MEDIUM"
    },
    {
      "quarter": "2021-07 (Q3)",
      "signal": "GROSS MARGIN INFLECTION",
      "detail": "GM: +28.3% -> +16.4% -> +20.3% (reversal +3.9%)",
      "severity": "MEDIUM"
    }
  ],
  "data_quality": {
    "n_quarters": 20,
    "coverage": {
      "revenue": [
        20,
        20
      ],
      "gross_profit": [
        20,
        20
      ],
      "op_income": [
        20,
        20
      ],
      "fcf": [
        20,
        20
      ]
    },
    "gaps": [],
    "warnings": []
  },
  "market_cap": null,
  "source": "SEC EDGAR",
  "last_updated": "2026-02-02T22:49:57.295065",
  "sector": "Technology",
  "industry": "Software - Application"
}