{
  "ticker": "ALUR-WT",
  "name": "Allurion Technologies, Inc.",
  "quarters": [
    {
      "date": "2022-06-30T00:00:00",
      "quarter_label": "2022-06 (Q2)",
      "revenue": 16250000,
      "gross_profit": 12755000,
      "operating_income": -4293000,
      "net_income": -5405000,
      "opex": 17048000,
      "cogs": 3495000,
      "rd": 3096000,
      "sga": null,
      "fcf": null,
      "ocf": null,
      "capex": null,
      "gross_margin": 0.784923076923077,
      "op_margin": -0.2641846153846154,
      "fcf_margin": null
    },
    {
      "date": "2022-09-30T00:00:00",
      "quarter_label": "2022-09 (Q3)",
      "revenue": 16064000,
      "gross_profit": 12590000,
      "operating_income": -11985000,
      "net_income": -13572000,
      "opex": 24575000,
      "cogs": 3474000,
      "rd": 5069000,
      "sga": null,
      "fcf": -9970000,
      "ocf": -10127000,
      "capex": 157000,
      "gross_margin": 0.7837400398406374,
      "op_margin": -0.7460781872509961,
      "fcf_margin": -0.6206424302788844
    },
    {
      "date": "2022-12-31T00:00:00",
      "quarter_label": "2022-12 (Q4)",
      "revenue": 19184000,
      "gross_profit": 15244000,
      "operating_income": -10148000,
      "net_income": -12348000,
      "opex": 25392000,
      "cogs": 3940000,
      "rd": 5732000,
      "sga": null,
      "fcf": -16185000,
      "ocf": -15726000,
      "capex": -459000,
      "gross_margin": 0.7946205170975813,
      "op_margin": -0.5289824854045038,
      "fcf_margin": -0.8436718098415346,
      "op_leverage_ratio": 5.842145493911746,
      "fcf_margin_change": -0.22302937956265012
    },
    {
      "date": "2023-03-31T00:00:00",
      "quarter_label": "2023-03 (Q1)",
      "revenue": 14071000,
      "gross_profit": 11131000,
      "operating_income": -13891000,
      "net_income": -17801000,
      "opex": 25022000,
      "cogs": 2940000,
      "rd": 7852000,
      "sga": null,
      "fcf": -10595000,
      "ocf": -10318000,
      "capex": -277000,
      "gross_margin": 0.791059626181508,
      "op_margin": -0.9872077322151944,
      "fcf_margin": -0.7529670954445313,
      "fcf_margin_change": 0.09070471439700323
    },
    {
      "date": "2023-06-30T00:00:00",
      "quarter_label": "2023-06 (Q2)",
      "revenue": 12960000,
      "gross_profit": 9968000,
      "operating_income": -13294000,
      "net_income": -21996000,
      "opex": 23262000,
      "cogs": 2992000,
      "rd": 6581000,
      "sga": null,
      "fcf": -9830000,
      "ocf": -9699000,
      "capex": -131000,
      "gross_margin": 0.7691358024691358,
      "op_margin": -1.0257716049382717,
      "fcf_margin": -0.7584876543209876,
      "incr_op_margin_yoy": 2.735866261398176,
      "rev_growth_yoy": -0.20246153846153847,
      "fcf_margin_change": -0.005520558876456305
    },
    {
      "date": "2023-09-30T00:00:00",
      "quarter_label": "2023-09 (Q3)",
      "revenue": 18200000,
      "gross_profit": 13968000,
      "operating_income": -26154000,
      "net_income": -21630000,
      "opex": 40122000,
      "cogs": 4232000,
      "rd": 7191000,
      "sga": null,
      "fcf": -23894000,
      "ocf": -23094000,
      "capex": -800000,
      "gross_margin": 0.7674725274725275,
      "op_margin": -1.4370329670329671,
      "fcf_margin": -1.312857142857143,
      "incr_op_margin_yoy": -6.633426966292135,
      "rev_growth_yoy": 0.13296812749003983,
      "rev_growth_yoy_accel": 0.3354296659515783,
      "op_leverage_ratio": 0.557847853784983,
      "fcf_margin_change": -0.5543694885361553
    },
    {
      "date": "2023-12-31T00:00:00",
      "quarter_label": "2023-12 (Q4)",
      "revenue": 8235000,
      "gross_profit": 6430000,
      "operating_income": -25738000,
      "net_income": -19180000,
      "opex": 32168000,
      "cogs": 1805000,
      "rd": 6071000,
      "sga": null,
      "fcf": -21269000,
      "ocf": -20871000,
      "capex": -398000,
      "gross_margin": 0.7808136004857317,
      "op_margin": -3.1254401942926533,
      "fcf_margin": -2.582756527018822,
      "incr_op_margin_yoy": 1.4238743264225044,
      "rev_growth_yoy": -0.5707360300250208,
      "rev_growth_yoy_accel": -0.7037041575150607,
      "fcf_margin_change": -1.2698993841616792
    },
    {
      "date": "2024-03-31T00:00:00",
      "quarter_label": "2024-03 (Q1)",
      "revenue": 9386000,
      "gross_profit": 6866000,
      "operating_income": -11390000,
      "net_income": 5586000,
      "opex": 18256000,
      "cogs": 2520000,
      "rd": 5725000,
      "sga": null,
      "fcf": -8740000,
      "ocf": -8636000,
      "capex": -104000,
      "gross_margin": 0.7315150223737481,
      "op_margin": -1.2135094822075432,
      "fcf_margin": -0.9311740890688259,
      "incr_op_margin_yoy": -0.5338313767342583,
      "rev_growth_yoy": -0.3329543031767465,
      "rev_growth_yoy_accel": 0.2377817268482743,
      "op_leverage_ratio": Infinity,
      "fcf_margin_change": 1.6515824379499962
    },
    {
      "date": "2024-06-30T00:00:00",
      "quarter_label": "2024-06 (Q2)",
      "revenue": 11766000,
      "gross_profit": 8993000,
      "operating_income": -9346000,
      "net_income": -2162000,
      "opex": 18339000,
      "cogs": 2773000,
      "rd": 4310000,
      "sga": null,
      "fcf": -9362000,
      "ocf": -8927000,
      "capex": -435000,
      "gross_margin": 0.7643209246982832,
      "op_margin": -0.7943226245113038,
      "fcf_margin": -0.7956824749277579,
      "incr_op_margin_yoy": -3.306532663316583,
      "rev_growth_yoy": -0.09212962962962963,
      "rev_growth_yoy_accel": 0.2408246735471169,
      "op_leverage_ratio": 55.772991818114136,
      "fcf_margin_change": 0.13549161414106803
    },
    {
      "date": "2024-09-30T00:00:00",
      "quarter_label": "2024-09 (Q3)",
      "revenue": 5367000,
      "gross_profit": 3111000,
      "operating_income": -12341000,
      "net_income": -9004000,
      "opex": 15452000,
      "cogs": 2256000,
      "rd": 3212000,
      "sga": null,
      "fcf": -11535000,
      "ocf": -11463000,
      "capex": -72000,
      "gross_margin": 0.5796534376746786,
      "op_margin": -2.299422396124464,
      "fcf_margin": -2.149245388485187,
      "incr_op_margin_yoy": -1.0763656198862308,
      "rev_growth_yoy": -0.7051098901098901,
      "rev_growth_yoy_accel": -0.6129802604802604,
      "fcf_margin_change": -1.3535629135574294
    },
    {
      "date": "2024-12-31T00:00:00",
      "quarter_label": "2024-12 (Q4)",
      "revenue": 5591000,
      "gross_profit": 2533000,
      "operating_income": -17115000,
      "net_income": -20568000,
      "opex": 19648000,
      "cogs": 3058000,
      "rd": 4122000,
      "sga": null,
      "fcf": -13274000,
      "ocf": -13274000,
      "capex": null,
      "gross_margin": 0.45304954390985513,
      "op_margin": -3.0611697370774458,
      "fcf_margin": -2.3741727776784116,
      "incr_op_margin_yoy": -3.2613464447806355,
      "rev_growth_yoy": -0.32106860959319977,
      "rev_growth_yoy_accel": 0.38404128051669034,
      "op_leverage_ratio": 0.1536970893162555,
      "fcf_margin_change": -0.22492738919322441
    },
    {
      "date": "2025-03-31T00:00:00",
      "quarter_label": "2025-03 (Q1)",
      "revenue": 5580000,
      "gross_profit": 4161000,
      "operating_income": -7282000,
      "net_income": 7379000,
      "opex": 11443000,
      "cogs": 1419000,
      "rd": 2624000,
      "sga": null,
      "fcf": -9469000,
      "ocf": -9469000,
      "capex": null,
      "gross_margin": 0.7456989247311828,
      "op_margin": -1.3050179211469535,
      "fcf_margin": -1.6969534050179211,
      "incr_op_margin_yoy": -1.0793483972674724,
      "rev_growth_yoy": -0.4054975495418709,
      "rev_growth_yoy_accel": -0.08442893994867112,
      "fcf_margin_change": 0.6772193726604905
    },
    {
      "date": "2025-06-30T00:00:00",
      "quarter_label": "2025-06 (Q2)",
      "revenue": 3379000,
      "gross_profit": 2497000,
      "operating_income": -6952000,
      "net_income": -9335000,
      "opex": 9449000,
      "cogs": 882000,
      "rd": 1800000,
      "sga": null,
      "fcf": -7613000,
      "ocf": -7613000,
      "capex": null,
      "gross_margin": 0.7389760284107724,
      "op_margin": -2.0574134359277894,
      "fcf_margin": -2.2530334418467004,
      "incr_op_margin_yoy": -0.2854417550971742,
      "rev_growth_yoy": -0.7128165901750807,
      "rev_growth_yoy_accel": -0.3073190406332098,
      "fcf_margin_change": -0.5560800368287793
    },
    {
      "date": "2025-09-30T00:00:00",
      "quarter_label": "2025-09 (Q3)",
      "revenue": 2658000,
      "gross_profit": 1304000,
      "operating_income": -9630000,
      "net_income": -11884000,
      "opex": 10934000,
      "cogs": 1354000,
      "rd": 2016000,
      "sga": null,
      "fcf": -6544000,
      "ocf": -6544000,
      "capex": null,
      "gross_margin": 0.49059443190368696,
      "op_margin": -3.6230248306997743,
      "fcf_margin": -2.462001504890895,
      "incr_op_margin_yoy": -1.0007382798080473,
      "rev_growth_yoy": -0.504751257685858,
      "rev_growth_yoy_accel": 0.20806533248922265,
      "fcf_margin_change": -0.2089680630441948
    }
  ],
  "signals": [
    {
      "quarter": "2025-09 (Q3)",
      "signal": "YoY REVENUE GROWTH ACCELERATION",
      "detail": "YoY growth: -50.5% vs prior quarter YoY: -71.3% (accel: +20.8%)",
      "severity": "HIGH"
    },
    {
      "quarter": "2025-06 (Q2)",
      "signal": "YoY REVENUE GROWTH DECELERATION",
      "detail": "YoY growth: -71.3% vs prior quarter YoY: -40.5% (decel: -30.7%)",
      "severity": "WARNING"
    },
    {
      "quarter": "2025-03 (Q1)",
      "signal": "FCF MARGIN EXPANSION",
      "detail": "FCF margin: -237.4% -> -169.7% (+67.7%)",
      "severity": "MEDIUM"
    },
    {
      "quarter": "2025-03 (Q1)",
      "signal": "GROSS MARGIN INFLECTION",
      "detail": "GM: +58.0% -> +45.3% -> +74.6% (reversal +29.3%)",
      "severity": "HIGH"
    },
    {
      "quarter": "2025-03 (Q1)",
      "signal": "YoY REVENUE GROWTH DECELERATION",
      "detail": "YoY growth: -40.5% vs prior quarter YoY: -32.1% (decel: -8.4%)",
      "severity": "WARNING"
    },
    {
      "quarter": "2024-12 (Q4)",
      "signal": "YoY REVENUE GROWTH ACCELERATION",
      "detail": "YoY growth: -32.1% vs prior quarter YoY: -70.5% (accel: +38.4%)",
      "severity": "HIGH"
    },
    {
      "quarter": "2024-09 (Q3)",
      "signal": "YoY REVENUE GROWTH DECELERATION",
      "detail": "YoY growth: -70.5% vs prior quarter YoY: -9.2% (decel: -61.3%)",
      "severity": "WARNING"
    },
    {
      "quarter": "2024-06 (Q2)",
      "signal": "FCF MARGIN EXPANSION",
      "detail": "FCF margin: -93.1% -> -79.6% (+13.5%)",
      "severity": "MEDIUM"
    },
    {
      "quarter": "2024-06 (Q2)",
      "signal": "OPERATING LEVERAGE",
      "detail": "Rev growth +25.4% vs OpEx growth +0.5% (leverage: 55.8x)",
      "severity": "MEDIUM"
    },
    {
      "quarter": "2024-06 (Q2)",
      "signal": "GROSS MARGIN INFLECTION",
      "detail": "GM: +78.1% -> +73.2% -> +76.4% (reversal +3.3%)",
      "severity": "MEDIUM"
    },
    {
      "quarter": "2024-06 (Q2)",
      "signal": "YoY REVENUE GROWTH ACCELERATION",
      "detail": "YoY growth: -9.2% vs prior quarter YoY: -33.3% (accel: +24.1%)",
      "severity": "HIGH"
    },
    {
      "quarter": "2024-03 (Q1)",
      "signal": "FCF MARGIN EXPANSION",
      "detail": "FCF margin: -258.3% -> -93.1% (+165.2%)",
      "severity": "MEDIUM"
    },
    {
      "quarter": "2024-03 (Q1)",
      "signal": "YoY REVENUE GROWTH ACCELERATION",
      "detail": "YoY growth: -33.3% vs prior quarter YoY: -57.1% (accel: +23.8%)",
      "severity": "HIGH"
    },
    {
      "quarter": "2023-12 (Q4)",
      "signal": "YoY REVENUE GROWTH DECELERATION",
      "detail": "YoY growth: -57.1% vs prior quarter YoY: +13.3% (decel: -70.4%)",
      "severity": "WARNING"
    },
    {
      "quarter": "2023-09 (Q3)",
      "signal": "YoY REVENUE GROWTH ACCELERATION",
      "detail": "YoY growth: +13.3% vs prior quarter YoY: -20.2% (accel: +33.5%)",
      "severity": "HIGH"
    },
    {
      "quarter": "2023-03 (Q1)",
      "signal": "FCF MARGIN EXPANSION",
      "detail": "FCF margin: -84.4% -> -75.3% (+9.1%)",
      "severity": "MEDIUM"
    },
    {
      "quarter": "2022-12 (Q4)",
      "signal": "OPERATING LEVERAGE",
      "detail": "Rev growth +19.4% vs OpEx growth +3.3% (leverage: 5.8x)",
      "severity": "MEDIUM"
    }
  ],
  "data_quality": {
    "n_quarters": 14,
    "coverage": {
      "revenue": [
        14,
        14
      ],
      "gross_profit": [
        14,
        14
      ],
      "op_income": [
        14,
        14
      ],
      "fcf": [
        13,
        14
      ]
    },
    "gaps": [],
    "warnings": []
  },
  "market_cap": null,
  "source": "SEC EDGAR",
  "last_updated": "2026-02-03T01:13:13.192680"
}