{
  "ticker": "ALV",
  "name": "Autoliv, Inc.",
  "quarters": [
    {
      "date": "2020-12-31T00:00:00",
      "quarter_label": "2020-12 (Q4)",
      "revenue": 2516800000,
      "gross_profit": 501800000,
      "operating_income": 306800000,
      "net_income": 188500000,
      "opex": 195000000,
      "cogs": 2015000000,
      "rd": null,
      "sga": 105500000,
      "fcf": 357000000,
      "ocf": 469000000,
      "capex": -112000000,
      "gross_margin": 0.1993801652892562,
      "op_margin": 0.12190082644628099,
      "fcf_margin": 0.1418467895740623
    },
    {
      "date": "2021-03-31T00:00:00",
      "quarter_label": "2021-03 (Q1)",
      "revenue": 2242000000,
      "gross_profit": 458000000,
      "operating_income": 237000000,
      "net_income": 157000000,
      "opex": 221000000,
      "cogs": 1784000000,
      "rd": 107000000,
      "sga": 108000000,
      "fcf": 92000000,
      "ocf": 186000000,
      "capex": -94000000,
      "gross_margin": 0.20428189116859946,
      "op_margin": 0.10570918822479929,
      "fcf_margin": 0.04103479036574487,
      "fcf_margin_change": -0.10081199920831743
    },
    {
      "date": "2021-06-30T00:00:00",
      "quarter_label": "2021-06 (Q2)",
      "revenue": 2022000000,
      "gross_profit": 384000000,
      "operating_income": 164000000,
      "net_income": 104000000,
      "opex": 220000000,
      "cogs": 1638000000,
      "rd": 107000000,
      "sga": 111000000,
      "fcf": -34000000,
      "ocf": 63000000,
      "capex": -97000000,
      "gross_margin": 0.18991097922848665,
      "op_margin": 0.08110781404549951,
      "fcf_margin": -0.016815034619188922,
      "fcf_margin_change": -0.057849824984933795
    },
    {
      "date": "2021-09-30T00:00:00",
      "quarter_label": "2021-09 (Q3)",
      "revenue": 1847000000,
      "gross_profit": 301000000,
      "operating_income": 99000000,
      "net_income": 60000000,
      "opex": 202000000,
      "cogs": 1546000000,
      "rd": 98000000,
      "sga": 101000000,
      "fcf": 76000000,
      "ocf": 188000000,
      "capex": -112000000,
      "gross_margin": 0.1629669734704927,
      "op_margin": 0.05360043313481321,
      "fcf_margin": 0.04114780725500812,
      "fcf_margin_change": 0.05796284187419704
    },
    {
      "date": "2021-12-31T00:00:00",
      "quarter_label": "2021-12 (Q4)",
      "revenue": 2119000000,
      "gross_profit": 368000000,
      "operating_income": 175000000,
      "net_income": 115000000,
      "opex": 193000000,
      "cogs": 1751000000,
      "rd": 80000000,
      "sga": 113000000,
      "fcf": 162000000,
      "ocf": 317000000,
      "capex": -155000000,
      "gross_margin": 0.17366682397357244,
      "op_margin": 0.08258612553091081,
      "fcf_margin": 0.07645115620575743,
      "incr_op_margin_yoy": 0.3313222724987431,
      "rev_growth_yoy": -0.15805785123966942,
      "op_leverage_ratio": Infinity,
      "fcf_margin_change": 0.03530334895074931
    },
    {
      "date": "2022-03-31T00:00:00",
      "quarter_label": "2022-03 (Q1)",
      "revenue": 2124000000,
      "gross_profit": 288000000,
      "operating_income": 134000000,
      "net_income": 83000000,
      "opex": 154000000,
      "cogs": 1836000000,
      "rd": 107000000,
      "sga": 115000000,
      "fcf": -42000000,
      "ocf": 70000000,
      "capex": -112000000,
      "gross_margin": 0.13559322033898305,
      "op_margin": 0.06308851224105462,
      "fcf_margin": -0.01977401129943503,
      "incr_op_margin_yoy": 0.8728813559322034,
      "rev_growth_yoy": -0.05263157894736842,
      "rev_growth_yoy_accel": 0.105426272292301,
      "fcf_margin_change": -0.09622516750519246
    },
    {
      "date": "2022-06-30T00:00:00",
      "quarter_label": "2022-06 (Q2)",
      "revenue": 2081000000,
      "gross_profit": 326000000,
      "operating_income": 124000000,
      "net_income": 79000000,
      "opex": 202000000,
      "cogs": 1755000000,
      "rd": 112000000,
      "sga": 112000000,
      "fcf": -193000000,
      "ocf": -51000000,
      "capex": -142000000,
      "gross_margin": 0.15665545410860163,
      "op_margin": 0.05958673714560307,
      "fcf_margin": -0.09274387313791446,
      "incr_op_margin_yoy": -0.6779661016949152,
      "rev_growth_yoy": 0.029179030662710187,
      "rev_growth_yoy_accel": 0.0818106096100786,
      "fcf_margin_change": -0.07296986183847944
    },
    {
      "date": "2022-09-30T00:00:00",
      "quarter_label": "2022-09 (Q3)",
      "revenue": 2302000000,
      "gross_profit": 383000000,
      "operating_income": 171000000,
      "net_income": 105000000,
      "opex": 212000000,
      "cogs": 1918000000,
      "rd": 106000000,
      "sga": 105000000,
      "fcf": 68000000,
      "ocf": 232000000,
      "capex": -164000000,
      "gross_margin": 0.16637706342311034,
      "op_margin": 0.07428323197219809,
      "fcf_margin": 0.029539530842745437,
      "incr_op_margin_yoy": 0.15824175824175823,
      "rev_growth_yoy": 0.24634542501353546,
      "rev_growth_yoy_accel": 0.21716639435082527,
      "op_leverage_ratio": 2.145218644882268,
      "fcf_margin_change": 0.1222834039806599
    },
    {
      "date": "2022-12-31T00:00:00",
      "quarter_label": "2022-12 (Q4)",
      "revenue": 2335000000,
      "gross_profit": 398000000,
      "operating_income": 230000000,
      "net_income": 156000000,
      "opex": 168000000,
      "cogs": 1936000000,
      "rd": 65000000,
      "sga": 104000000,
      "fcf": 295000000,
      "ocf": 462000000,
      "capex": -167000000,
      "gross_margin": 0.17044967880085654,
      "op_margin": 0.09850107066381156,
      "fcf_margin": 0.12633832976445397,
      "incr_op_margin_yoy": 0.25462962962962965,
      "rev_growth_yoy": 0.1019348749410099,
      "rev_growth_yoy_accel": -0.14441055007252557,
      "op_leverage_ratio": Infinity,
      "fcf_margin_change": 0.09679879892170853
    },
    {
      "date": "2023-03-31T00:00:00",
      "quarter_label": "2023-03 (Q1)",
      "revenue": 2493000000,
      "gross_profit": 379000000,
      "operating_income": 127000000,
      "net_income": 74000000,
      "opex": 252000000,
      "cogs": 2113000000,
      "rd": 116000000,
      "sga": 132000000,
      "fcf": -190000000,
      "ocf": -46000000,
      "capex": -144000000,
      "gross_margin": 0.15202567188126756,
      "op_margin": 0.05094263939029282,
      "fcf_margin": -0.0762133975130365,
      "incr_op_margin_yoy": -0.018970189701897018,
      "rev_growth_yoy": 0.17372881355932204,
      "rev_growth_yoy_accel": 0.07179393861831214,
      "op_leverage_ratio": 0.13533190578158458,
      "fcf_margin_change": -0.2025517272774905
    },
    {
      "date": "2023-06-30T00:00:00",
      "quarter_label": "2023-06 (Q2)",
      "revenue": 2635000000,
      "gross_profit": 447000000,
      "operating_income": 94000000,
      "net_income": 53000000,
      "opex": 353000000,
      "cogs": 2188000000,
      "rd": 120000000,
      "sga": 129000000,
      "fcf": 256000000,
      "ocf": 380000000,
      "capex": -124000000,
      "gross_margin": 0.1696394686907021,
      "op_margin": 0.03567362428842505,
      "fcf_margin": 0.09715370018975332,
      "incr_op_margin_yoy": -0.05415162454873646,
      "rev_growth_yoy": 0.26621816434406537,
      "rev_growth_yoy_accel": 0.09248935078474332,
      "op_leverage_ratio": 0.14211673874968725,
      "fcf_margin_change": 0.17336709770278982
    },
    {
      "date": "2023-09-30T00:00:00",
      "quarter_label": "2023-09 (Q3)",
      "revenue": 2596000000,
      "gross_profit": 465000000,
      "operating_income": 232000000,
      "net_income": 134000000,
      "opex": 233000000,
      "cogs": 2131000000,
      "rd": 107000000,
      "sga": 118000000,
      "fcf": 49000000,
      "ocf": 201000000,
      "capex": -152000000,
      "gross_margin": 0.17912172573189522,
      "op_margin": 0.08936825885978428,
      "fcf_margin": 0.018875192604006163,
      "incr_op_margin_yoy": 0.20748299319727892,
      "rev_growth_yoy": 0.12771503040834056,
      "rev_growth_yoy_accel": -0.1385031339357248,
      "fcf_margin_change": -0.07827850758574716
    },
    {
      "date": "2023-12-31T00:00:00",
      "quarter_label": "2023-12 (Q4)",
      "revenue": 2751000000,
      "gross_profit": 531000000,
      "operating_income": 237000000,
      "net_income": 227000000,
      "opex": 294000000,
      "cogs": 2222000000,
      "rd": 82000000,
      "sga": 119000000,
      "fcf": 294000000,
      "ocf": 447000000,
      "capex": -153000000,
      "gross_margin": 0.193020719738277,
      "op_margin": 0.0861504907306434,
      "fcf_margin": 0.10687022900763359,
      "incr_op_margin_yoy": 0.016826923076923076,
      "rev_growth_yoy": 0.17815845824411136,
      "rev_growth_yoy_accel": 0.0504434278357708,
      "op_leverage_ratio": 0.22806208795372448,
      "fcf_margin_change": 0.08799503640362742
    },
    {
      "date": "2024-03-31T00:00:00",
      "quarter_label": "2024-03 (Q1)",
      "revenue": 2615000000,
      "gross_profit": 443000000,
      "operating_income": 194000000,
      "net_income": 126000000,
      "opex": 249000000,
      "cogs": 2172000000,
      "rd": 113000000,
      "sga": 132000000,
      "fcf": -18000000,
      "ocf": 122000000,
      "capex": -140000000,
      "gross_margin": 0.1694072657743786,
      "op_margin": 0.07418738049713193,
      "fcf_margin": -0.006883365200764819,
      "incr_op_margin_yoy": 0.5491803278688525,
      "rev_growth_yoy": 0.048937023666265546,
      "rev_growth_yoy_accel": -0.12922143457784582,
      "fcf_margin_change": -0.11375359420839841
    },
    {
      "date": "2024-06-30T00:00:00",
      "quarter_label": "2024-06 (Q2)",
      "revenue": 2605000000,
      "gross_profit": 475000000,
      "operating_income": 206000000,
      "net_income": 138000000,
      "opex": 269000000,
      "cogs": 2130000000,
      "rd": 116000000,
      "sga": 138000000,
      "fcf": 186000000,
      "ocf": 340000000,
      "capex": -154000000,
      "gross_margin": 0.18234165067178504,
      "op_margin": 0.07907869481765835,
      "fcf_margin": 0.07140115163147792,
      "incr_op_margin_yoy": -3.7333333333333334,
      "rev_growth_yoy": -0.011385199240986717,
      "rev_growth_yoy_accel": -0.06032222290725226,
      "fcf_margin_change": 0.07828451683224275
    },
    {
      "date": "2024-09-30T00:00:00",
      "quarter_label": "2024-09 (Q3)",
      "revenue": 2555000000,
      "gross_profit": 459000000,
      "operating_income": 226000000,
      "net_income": 138000000,
      "opex": 233000000,
      "cogs": 2095000000,
      "rd": 96000000,
      "sga": 129000000,
      "fcf": 31000000,
      "ocf": 177000000,
      "capex": -146000000,
      "gross_margin": 0.1796477495107632,
      "op_margin": 0.08845401174168298,
      "fcf_margin": 0.01213307240704501,
      "incr_op_margin_yoy": 0.14634146341463414,
      "rev_growth_yoy": -0.015793528505392913,
      "rev_growth_yoy_accel": -0.004408329264406196,
      "fcf_margin_change": -0.05926807922443291
    },
    {
      "date": "2024-12-31T00:00:00",
      "quarter_label": "2024-12 (Q4)",
      "revenue": 2616000000,
      "gross_profit": 550000000,
      "operating_income": 353000000,
      "net_income": 243000000,
      "opex": 197000000,
      "cogs": 2065000000,
      "rd": 73000000,
      "sga": 131000000,
      "fcf": 281000000,
      "ocf": 420000000,
      "capex": -139000000,
      "gross_margin": 0.21024464831804282,
      "op_margin": 0.1349388379204893,
      "fcf_margin": 0.10741590214067279,
      "incr_op_margin_yoy": -0.8592592592592593,
      "rev_growth_yoy": -0.04907306434023991,
      "rev_growth_yoy_accel": -0.033279535834846996,
      "op_leverage_ratio": Infinity,
      "fcf_margin_change": 0.09528282973362778
    },
    {
      "date": "2025-03-31T00:00:00",
      "quarter_label": "2025-03 (Q1)",
      "revenue": 2578000000,
      "gross_profit": 478000000,
      "operating_income": 254000000,
      "net_income": 167000000,
      "opex": 224000000,
      "cogs": 2100000000,
      "rd": 95000000,
      "sga": 145000000,
      "fcf": -25000000,
      "ocf": 77000000,
      "capex": -102000000,
      "gross_margin": 0.18541505042668735,
      "op_margin": 0.09852598913886734,
      "fcf_margin": -0.009697439875872769,
      "incr_op_margin_yoy": -1.6216216216216217,
      "rev_growth_yoy": -0.014149139579349905,
      "rev_growth_yoy_accel": 0.034923924760890006,
      "fcf_margin_change": -0.11711334201654555
    },
    {
      "date": "2025-06-30T00:00:00",
      "quarter_label": "2025-06 (Q2)",
      "revenue": 2714000000,
      "gross_profit": 501000000,
      "operating_income": 247000000,
      "net_income": 167000000,
      "opex": 254000000,
      "cogs": 2213000000,
      "rd": 107000000,
      "sga": 145000000,
      "fcf": 163000000,
      "ocf": 278000000,
      "capex": -115000000,
      "gross_margin": 0.18459837877671334,
      "op_margin": 0.09100957995578482,
      "fcf_margin": 0.06005895357406043,
      "incr_op_margin_yoy": 0.3761467889908257,
      "rev_growth_yoy": 0.0418426103646833,
      "rev_growth_yoy_accel": 0.055991749944033206,
      "op_leverage_ratio": 0.39389707783811745,
      "fcf_margin_change": 0.0697563934499332
    },
    {
      "date": "2025-09-30T00:00:00",
      "quarter_label": "2025-09 (Q3)",
      "revenue": 2706000000,
      "gross_profit": 522000000,
      "operating_income": 267000000,
      "net_income": 175000000,
      "opex": 255000000,
      "cogs": 2184000000,
      "rd": 117000000,
      "sga": 137000000,
      "fcf": 152000000,
      "ocf": 258000000,
      "capex": -106000000,
      "gross_margin": 0.19290465631929046,
      "op_margin": 0.09866962305986696,
      "fcf_margin": 0.05617147080561715,
      "incr_op_margin_yoy": 0.271523178807947,
      "rev_growth_yoy": 0.059099804305283755,
      "rev_growth_yoy_accel": 0.017257193940600456,
      "fcf_margin_change": -0.003887482768443279
    }
  ],
  "signals": [
    {
      "quarter": "2025-09 (Q3)",
      "signal": "INCREMENTAL MARGIN (YoY)",
      "detail": "YoY Incr OPM: +27.2% vs year-ago OPM: +8.8%",
      "severity": "MEDIUM"
    },
    {
      "quarter": "2025-06 (Q2)",
      "signal": "FCF TURNED POSITIVE",
      "detail": "FCF margin: -1.0% -> +6.0%",
      "severity": "HIGH"
    },
    {
      "quarter": "2025-06 (Q2)",
      "signal": "YoY REVENUE GROWTH ACCELERATION",
      "detail": "YoY growth: +4.2% vs prior quarter YoY: -1.4% (accel: +5.6%)",
      "severity": "MEDIUM"
    },
    {
      "quarter": "2025-06 (Q2)",
      "signal": "INCREMENTAL MARGIN (YoY)",
      "detail": "YoY Incr OPM: +37.6% vs year-ago OPM: +7.9%",
      "severity": "HIGH"
    },
    {
      "quarter": "2024-12 (Q4)",
      "signal": "FCF MARGIN EXPANSION",
      "detail": "FCF margin: +1.2% -> +10.7% (+9.5%)",
      "severity": "MEDIUM"
    },
    {
      "quarter": "2024-12 (Q4)",
      "signal": "GROSS MARGIN INFLECTION",
      "detail": "GM: +18.2% -> +18.0% -> +21.0% (reversal +3.1%)",
      "severity": "MEDIUM"
    },
    {
      "quarter": "2024-06 (Q2)",
      "signal": "FCF TURNED POSITIVE",
      "detail": "FCF margin: -0.7% -> +7.1%",
      "severity": "HIGH"
    },
    {
      "quarter": "2024-06 (Q2)",
      "signal": "YoY REVENUE GROWTH DECELERATION",
      "detail": "YoY growth: -1.1% vs prior quarter YoY: +4.9% (decel: -6.0%)",
      "severity": "WARNING"
    },
    {
      "quarter": "2024-03 (Q1)",
      "signal": "YoY REVENUE GROWTH DECELERATION",
      "detail": "YoY growth: +4.9% vs prior quarter YoY: +17.8% (decel: -12.9%)",
      "severity": "WARNING"
    },
    {
      "quarter": "2024-03 (Q1)",
      "signal": "INCREMENTAL MARGIN (YoY)",
      "detail": "YoY Incr OPM: +54.9% vs year-ago OPM: +5.1%",
      "severity": "HIGH"
    },
    {
      "quarter": "2023-12 (Q4)",
      "signal": "FCF MARGIN EXPANSION",
      "detail": "FCF margin: +1.9% -> +10.7% (+8.8%)",
      "severity": "MEDIUM"
    },
    {
      "quarter": "2023-12 (Q4)",
      "signal": "YoY REVENUE GROWTH ACCELERATION",
      "detail": "YoY growth: +17.8% vs prior quarter YoY: +12.8% (accel: +5.0%)",
      "severity": "MEDIUM"
    },
    {
      "quarter": "2023-09 (Q3)",
      "signal": "YoY REVENUE GROWTH DECELERATION",
      "detail": "YoY growth: +12.8% vs prior quarter YoY: +26.6% (decel: -13.9%)",
      "severity": "WARNING"
    },
    {
      "quarter": "2023-09 (Q3)",
      "signal": "INCREMENTAL MARGIN (YoY)",
      "detail": "YoY Incr OPM: +20.7% vs year-ago OPM: +7.4%",
      "severity": "MEDIUM"
    },
    {
      "quarter": "2023-06 (Q2)",
      "signal": "FCF TURNED POSITIVE",
      "detail": "FCF margin: -7.6% -> +9.7%",
      "severity": "HIGH"
    },
    {
      "quarter": "2023-06 (Q2)",
      "signal": "YoY REVENUE GROWTH ACCELERATION",
      "detail": "YoY growth: +26.6% vs prior quarter YoY: +17.4% (accel: +9.2%)",
      "severity": "MEDIUM"
    },
    {
      "quarter": "2023-03 (Q1)",
      "signal": "YoY REVENUE GROWTH ACCELERATION",
      "detail": "YoY growth: +17.4% vs prior quarter YoY: +10.2% (accel: +7.2%)",
      "severity": "MEDIUM"
    },
    {
      "quarter": "2022-12 (Q4)",
      "signal": "FCF MARGIN EXPANSION",
      "detail": "FCF margin: +3.0% -> +12.6% (+9.7%)",
      "severity": "MEDIUM"
    },
    {
      "quarter": "2022-12 (Q4)",
      "signal": "YoY REVENUE GROWTH DECELERATION",
      "detail": "YoY growth: +10.2% vs prior quarter YoY: +24.6% (decel: -14.4%)",
      "severity": "WARNING"
    },
    {
      "quarter": "2022-12 (Q4)",
      "signal": "INCREMENTAL MARGIN (YoY)",
      "detail": "YoY Incr OPM: +25.5% vs year-ago OPM: +8.3%",
      "severity": "MEDIUM"
    },
    {
      "quarter": "2022-09 (Q3)",
      "signal": "FCF TURNED POSITIVE",
      "detail": "FCF margin: -9.3% -> +3.0%",
      "severity": "HIGH"
    },
    {
      "quarter": "2022-09 (Q3)",
      "signal": "OPERATING LEVERAGE",
      "detail": "Rev growth +10.6% vs OpEx growth +5.0% (leverage: 2.1x)",
      "severity": "MEDIUM"
    },
    {
      "quarter": "2022-09 (Q3)",
      "signal": "YoY REVENUE GROWTH ACCELERATION",
      "detail": "YoY growth: +24.6% vs prior quarter YoY: +2.9% (accel: +21.7%)",
      "severity": "HIGH"
    },
    {
      "quarter": "2022-09 (Q3)",
      "signal": "INCREMENTAL MARGIN (YoY)",
      "detail": "YoY Incr OPM: +15.8% vs year-ago OPM: +5.4%",
      "severity": "MEDIUM"
    },
    {
      "quarter": "2022-06 (Q2)",
      "signal": "GROSS MARGIN INFLECTION",
      "detail": "GM: +17.4% -> +13.6% -> +15.7% (reversal +2.1%)",
      "severity": "MEDIUM"
    },
    {
      "quarter": "2022-06 (Q2)",
      "signal": "YoY REVENUE GROWTH ACCELERATION",
      "detail": "YoY growth: +2.9% vs prior quarter YoY: -5.3% (accel: +8.2%)",
      "severity": "MEDIUM"
    },
    {
      "quarter": "2022-03 (Q1)",
      "signal": "YoY REVENUE GROWTH ACCELERATION",
      "detail": "YoY growth: -5.3% vs prior quarter YoY: -15.8% (accel: +10.5%)",
      "severity": "MEDIUM"
    },
    {
      "quarter": "2022-03 (Q1)",
      "signal": "INCREMENTAL MARGIN (YoY)",
      "detail": "YoY Incr OPM: +87.3% vs year-ago OPM: +10.6%",
      "severity": "HIGH"
    },
    {
      "quarter": "2021-12 (Q4)",
      "signal": "INCREMENTAL MARGIN (YoY)",
      "detail": "YoY Incr OPM: +33.1% vs year-ago OPM: +12.2%",
      "severity": "HIGH"
    },
    {
      "quarter": "2021-09 (Q3)",
      "signal": "FCF TURNED POSITIVE",
      "detail": "FCF margin: -1.7% -> +4.1%",
      "severity": "HIGH"
    }
  ],
  "data_quality": {
    "n_quarters": 20,
    "coverage": {
      "revenue": [
        20,
        20
      ],
      "gross_profit": [
        20,
        20
      ],
      "op_income": [
        20,
        20
      ],
      "fcf": [
        20,
        20
      ]
    },
    "gaps": [],
    "warnings": []
  },
  "market_cap": null,
  "source": "SEC EDGAR",
  "last_updated": "2026-02-02T20:38:55.201309"
}