{
  "ticker": "AMAT",
  "name": "APPLIED MATERIALS INC /DE",
  "quarters": [
    {
      "date": "2021-01-31T00:00:00",
      "quarter_label": "2021-01 (Q1)",
      "revenue": 5162000000,
      "gross_profit": 2349000000,
      "operating_income": 1283000000,
      "net_income": 1130000000,
      "opex": 1066000000,
      "cogs": 2813000000,
      "rd": 606000000,
      "sga": null,
      "fcf": 1300000000,
      "ocf": 1421000000,
      "capex": -121000000,
      "gross_margin": 0.4550561797752809,
      "op_margin": 0.24854707477721813,
      "fcf_margin": 0.25184037194885706
    },
    {
      "date": "2021-05-02T00:00:00",
      "quarter_label": "2021-05 (Q2)",
      "revenue": 5582000000,
      "gross_profit": 2653000000,
      "operating_income": 1579000000,
      "net_income": 1330000000,
      "opex": 1074000000,
      "cogs": 2929000000,
      "rd": 617000000,
      "sga": null,
      "fcf": 983000000,
      "ocf": 1187000000,
      "capex": -204000000,
      "gross_margin": 0.47527767825152273,
      "op_margin": 0.28287352203511285,
      "fcf_margin": 0.17610175564313865,
      "op_leverage_ratio": 10.841728012398296,
      "fcf_margin_change": -0.0757386163057184
    },
    {
      "date": "2021-08-01T00:00:00",
      "quarter_label": "2021-08 (Q3)",
      "revenue": 6196000000,
      "gross_profit": 2967000000,
      "operating_income": 2013000000,
      "net_income": 1716000000,
      "opex": 954000000,
      "cogs": 3229000000,
      "rd": 640000000,
      "sga": null,
      "fcf": 1549000000,
      "ocf": 1686000000,
      "capex": -137000000,
      "gross_margin": 0.4788573273079406,
      "op_margin": 0.3248870238863783,
      "fcf_margin": 0.25,
      "op_leverage_ratio": Infinity,
      "fcf_margin_change": 0.07389824435686135
    },
    {
      "date": "2021-10-31T00:00:00",
      "quarter_label": "2021-10 (Q4)",
      "revenue": 6123000000,
      "gross_profit": 2945000000,
      "operating_income": 2014000000,
      "net_income": 1712000000,
      "opex": 931000000,
      "cogs": 3178000000,
      "rd": 622000000,
      "sga": null,
      "fcf": 942000000,
      "ocf": 1148000000,
      "capex": -206000000,
      "gross_margin": 0.48097337906255105,
      "op_margin": 0.32892373019761556,
      "fcf_margin": 0.15384615384615385,
      "fcf_margin_change": -0.09615384615384615
    },
    {
      "date": "2022-01-30T00:00:00",
      "quarter_label": "2022-01 (Q1)",
      "revenue": 6271000000,
      "gross_profit": 2959000000,
      "operating_income": 1976000000,
      "net_income": 1792000000,
      "opex": 983000000,
      "cogs": 3312000000,
      "rd": 654000000,
      "sga": null,
      "fcf": 2514000000,
      "ocf": 2658000000,
      "capex": -144000000,
      "gross_margin": 0.4718545686493382,
      "op_margin": 0.3151012597671823,
      "fcf_margin": 0.4008929995216074,
      "incr_op_margin_yoy": 0.6248872858431019,
      "rev_growth_yoy": 0.2148392096086788,
      "op_leverage_ratio": 0.43275669292327795,
      "fcf_margin_change": 0.24704684567545354
    },
    {
      "date": "2022-05-01T00:00:00",
      "quarter_label": "2022-05 (Q2)",
      "revenue": 6245000000,
      "gross_profit": 2927000000,
      "operating_income": 1894000000,
      "net_income": 1536000000,
      "opex": 1033000000,
      "cogs": 3318000000,
      "rd": 686000000,
      "sga": null,
      "fcf": 205000000,
      "ocf": 415000000,
      "capex": -210000000,
      "gross_margin": 0.46869495596477184,
      "op_margin": 0.3032826261008807,
      "fcf_margin": 0.03282626100880705,
      "incr_op_margin_yoy": 0.4751131221719457,
      "rev_growth_yoy": 0.11877463274811896,
      "rev_growth_yoy_accel": -0.09606457686055984,
      "fcf_margin_change": -0.36806673851280036
    },
    {
      "date": "2022-07-31T00:00:00",
      "quarter_label": "2022-07 (Q3)",
      "revenue": 6520000000,
      "gross_profit": 3006000000,
      "operating_income": 1924000000,
      "net_income": 1606000000,
      "opex": 1082000000,
      "cogs": 3514000000,
      "rd": 705000000,
      "sga": null,
      "fcf": 1259000000,
      "ocf": 1469000000,
      "capex": -210000000,
      "gross_margin": 0.4610429447852761,
      "op_margin": 0.2950920245398773,
      "fcf_margin": 0.19309815950920245,
      "incr_op_margin_yoy": -0.27469135802469136,
      "rev_growth_yoy": 0.052291801162040026,
      "rev_growth_yoy_accel": -0.06648283158607893,
      "op_leverage_ratio": 0.9283345043381644,
      "fcf_margin_change": 0.16027189850039542
    },
    {
      "date": "2022-10-30T00:00:00",
      "quarter_label": "2022-10 (Q4)",
      "revenue": 6749000000,
      "gross_profit": 3101000000,
      "operating_income": 1994000000,
      "net_income": 1591000000,
      "opex": 1107000000,
      "cogs": 3648000000,
      "rd": 726000000,
      "sga": null,
      "fcf": 634000000,
      "ocf": 857000000,
      "capex": -223000000,
      "gross_margin": 0.4594754778485702,
      "op_margin": 0.2954511779522892,
      "fcf_margin": 0.09393984293969478,
      "incr_op_margin_yoy": -0.03194888178913738,
      "rev_growth_yoy": 0.10223746529479014,
      "rev_growth_yoy_accel": 0.04994566413275011,
      "op_leverage_ratio": 1.5201104294478527,
      "fcf_margin_change": -0.09915831656950767
    },
    {
      "date": "2023-01-29T00:00:00",
      "quarter_label": "2023-01 (Q1)",
      "revenue": 6739000000,
      "gross_profit": 3145000000,
      "operating_income": 1970000000,
      "net_income": 1717000000,
      "opex": 1175000000,
      "cogs": 3594000000,
      "rd": 771000000,
      "sga": null,
      "fcf": 1983000000,
      "ocf": 2270000000,
      "capex": -287000000,
      "gross_margin": 0.4666864519958451,
      "op_margin": 0.2923282386110699,
      "fcf_margin": 0.2942573082059653,
      "incr_op_margin_yoy": -0.01282051282051282,
      "rev_growth_yoy": 0.07462924573433265,
      "rev_growth_yoy_accel": -0.02760821956045749,
      "fcf_margin_change": 0.20031746526627053
    },
    {
      "date": "2023-04-30T00:00:00",
      "quarter_label": "2023-04 (Q2)",
      "revenue": 6630000000,
      "gross_profit": 3094000000,
      "operating_income": 1911000000,
      "net_income": 1575000000,
      "opex": 1183000000,
      "cogs": 3536000000,
      "rd": 775000000,
      "sga": null,
      "fcf": 2037000000,
      "ocf": 2292000000,
      "capex": -255000000,
      "gross_margin": 0.4666666666666667,
      "op_margin": 0.28823529411764703,
      "fcf_margin": 0.3072398190045249,
      "incr_op_margin_yoy": 0.04415584415584416,
      "rev_growth_yoy": 0.06164931945556445,
      "rev_growth_yoy_accel": -0.012979926278768199,
      "fcf_margin_change": 0.01298251079855961
    },
    {
      "date": "2023-07-30T00:00:00",
      "quarter_label": "2023-07 (Q3)",
      "revenue": 6425000000,
      "gross_profit": 2976000000,
      "operating_income": 1802000000,
      "net_income": 1560000000,
      "opex": 1174000000,
      "cogs": 3449000000,
      "rd": 767000000,
      "sga": null,
      "fcf": 2328000000,
      "ocf": 2583000000,
      "capex": -255000000,
      "gross_margin": 0.4631906614785992,
      "op_margin": 0.2804669260700389,
      "fcf_margin": 0.36233463035019453,
      "incr_op_margin_yoy": 1.2842105263157895,
      "rev_growth_yoy": -0.014570552147239263,
      "rev_growth_yoy_accel": -0.07621987160280372,
      "fcf_margin_change": 0.055094811345669625
    },
    {
      "date": "2023-10-29T00:00:00",
      "quarter_label": "2023-10 (Q4)",
      "revenue": 6723000000,
      "gross_profit": 3169000000,
      "operating_income": 1971000000,
      "net_income": 2004000000,
      "opex": 1198000000,
      "cogs": 3554000000,
      "rd": 789000000,
      "sga": null,
      "fcf": 1246000000,
      "ocf": 1555000000,
      "capex": -309000000,
      "gross_margin": 0.47136694927859585,
      "op_margin": 0.2931726907630522,
      "fcf_margin": 0.18533392830581585,
      "incr_op_margin_yoy": 0.8846153846153846,
      "rev_growth_yoy": -0.0038524225811231295,
      "rev_growth_yoy_accel": 0.010718129566116133,
      "op_leverage_ratio": 2.2688197146562907,
      "fcf_margin_change": -0.17700070204437868
    },
    {
      "date": "2024-01-28T00:00:00",
      "quarter_label": "2024-01 (Q1)",
      "revenue": 6707000000,
      "gross_profit": 3204000000,
      "operating_income": 1967000000,
      "net_income": 2019000000,
      "opex": 1237000000,
      "cogs": 3503000000,
      "rd": 754000000,
      "sga": null,
      "fcf": 2096000000,
      "ocf": 2325000000,
      "capex": -229000000,
      "gross_margin": 0.47770985537498134,
      "op_margin": 0.2932756821231549,
      "fcf_margin": 0.3125093186223349,
      "incr_op_margin_yoy": 0.09375,
      "rev_growth_yoy": -0.0047484790028194095,
      "rev_growth_yoy_accel": -0.00089605642169628,
      "fcf_margin_change": 0.12717539031651903
    },
    {
      "date": "2024-04-28T00:00:00",
      "quarter_label": "2024-04 (Q2)",
      "revenue": 6646000000,
      "gross_profit": 3153000000,
      "operating_income": 1912000000,
      "net_income": 1722000000,
      "opex": 1241000000,
      "cogs": 3493000000,
      "rd": 785000000,
      "sga": null,
      "fcf": 1135000000,
      "ocf": 1392000000,
      "capex": -257000000,
      "gross_margin": 0.4744207041829672,
      "op_margin": 0.28769184471862774,
      "fcf_margin": 0.17077941619018958,
      "incr_op_margin_yoy": 0.0625,
      "rev_growth_yoy": 0.0024132730015082957,
      "rev_growth_yoy_accel": 0.007161752004327705,
      "fcf_margin_change": -0.1417299024321453
    },
    {
      "date": "2024-07-28T00:00:00",
      "quarter_label": "2024-07 (Q3)",
      "revenue": 6778000000,
      "gross_profit": 3205000000,
      "operating_income": 1942000000,
      "net_income": 1705000000,
      "opex": 1263000000,
      "cogs": 3573000000,
      "rd": 836000000,
      "sga": null,
      "fcf": 2088000000,
      "ocf": 2385000000,
      "capex": -297000000,
      "gross_margin": 0.4728533490705223,
      "op_margin": 0.28651519622307464,
      "fcf_margin": 0.3080554735910298,
      "incr_op_margin_yoy": 0.39660056657223797,
      "rev_growth_yoy": 0.05494163424124514,
      "rev_growth_yoy_accel": 0.052528361239736844,
      "op_leverage_ratio": 1.1203731567860367,
      "fcf_margin_change": 0.13727605740084023
    },
    {
      "date": "2024-10-27T00:00:00",
      "quarter_label": "2024-10 (Q4)",
      "revenue": 7045000000,
      "gross_profit": 3335000000,
      "operating_income": 2046000000,
      "net_income": 1731000000,
      "opex": 1289000000,
      "cogs": 3710000000,
      "rd": 858000000,
      "sga": null,
      "fcf": 2168000000,
      "ocf": 2575000000,
      "capex": -407000000,
      "gross_margin": 0.47338537970191624,
      "op_margin": 0.29041873669268986,
      "fcf_margin": 0.307735982966643,
      "incr_op_margin_yoy": 0.2329192546583851,
      "rev_growth_yoy": 0.04789528484307601,
      "rev_growth_yoy_accel": -0.00704634939816913,
      "op_leverage_ratio": 1.913549492702635,
      "fcf_margin_change": -0.00031949062438679787
    },
    {
      "date": "2025-01-26T00:00:00",
      "quarter_label": "2025-01 (Q1)",
      "revenue": 7166000000,
      "gross_profit": 3496000000,
      "operating_income": 2175000000,
      "net_income": 1185000000,
      "opex": 1321000000,
      "cogs": 3670000000,
      "rd": 859000000,
      "sga": null,
      "fcf": 544000000,
      "ocf": 925000000,
      "capex": -381000000,
      "gross_margin": 0.487859335752163,
      "op_margin": 0.3035166061959252,
      "fcf_margin": 0.07591403851521071,
      "incr_op_margin_yoy": 0.4531590413943355,
      "rev_growth_yoy": 0.06843596242731474,
      "rev_growth_yoy_accel": 0.020540677584238734,
      "op_leverage_ratio": 0.6918426188786373,
      "fcf_margin_change": -0.23182194445143228
    },
    {
      "date": "2025-04-27T00:00:00",
      "quarter_label": "2025-04 (Q2)",
      "revenue": 7100000000,
      "gross_profit": 3485000000,
      "operating_income": 2169000000,
      "net_income": 2137000000,
      "opex": 1316000000,
      "cogs": 3615000000,
      "rd": 893000000,
      "sga": null,
      "fcf": 1061000000,
      "ocf": 1571000000,
      "capex": -510000000,
      "gross_margin": 0.4908450704225352,
      "op_margin": 0.3054929577464789,
      "fcf_margin": 0.14943661971830985,
      "incr_op_margin_yoy": 0.566079295154185,
      "rev_growth_yoy": 0.06831176647607584,
      "rev_growth_yoy_accel": -0.0001241959512389007,
      "fcf_margin_change": 0.07352258120309914
    },
    {
      "date": "2025-07-27T00:00:00",
      "quarter_label": "2025-07 (Q3)",
      "revenue": 7302000000,
      "gross_profit": 3562000000,
      "operating_income": 2233000000,
      "net_income": 1779000000,
      "opex": 1329000000,
      "cogs": 3740000000,
      "rd": 901000000,
      "sga": null,
      "fcf": 2050000000,
      "ocf": 2634000000,
      "capex": -584000000,
      "gross_margin": 0.48781155847712954,
      "op_margin": 0.30580662832100797,
      "fcf_margin": 0.2807450013694878,
      "incr_op_margin_yoy": 0.5553435114503816,
      "rev_growth_yoy": 0.07730894069046916,
      "rev_growth_yoy_accel": 0.00899717421439332,
      "op_leverage_ratio": 2.880086673889491,
      "fcf_margin_change": 0.13130838165117797
    },
    {
      "date": "2025-10-26T00:00:00",
      "quarter_label": "2025-10 (Q4)",
      "revenue": 6800000000,
      "gross_profit": 3265000000,
      "operating_income": 1712000000,
      "net_income": 1897000000,
      "opex": 1553000000,
      "cogs": 3535000000,
      "rd": 917000000,
      "sga": null,
      "fcf": 2043000000,
      "ocf": 2828000000,
      "capex": -785000000,
      "gross_margin": 0.4801470588235294,
      "op_margin": 0.25176470588235295,
      "fcf_margin": 0.3004411764705882,
      "incr_op_margin_yoy": 1.363265306122449,
      "rev_growth_yoy": -0.0347764371894961,
      "rev_growth_yoy_accel": -0.11208537787996525,
      "fcf_margin_change": 0.01969617510110039
    }
  ],
  "signals": [
    {
      "quarter": "2025-10 (Q4)",
      "signal": "YoY REVENUE GROWTH DECELERATION",
      "detail": "YoY growth: -3.5% vs prior quarter YoY: +7.7% (decel: -11.2%)",
      "severity": "WARNING"
    },
    {
      "quarter": "2025-10 (Q4)",
      "signal": "INCREMENTAL MARGIN (YoY)",
      "detail": "YoY Incr OPM: +136.3% vs year-ago OPM: +29.0%",
      "severity": "HIGH"
    },
    {
      "quarter": "2025-07 (Q3)",
      "signal": "FCF MARGIN EXPANSION",
      "detail": "FCF margin: +14.9% -> +28.1% (+13.1%)",
      "severity": "MEDIUM"
    },
    {
      "quarter": "2025-07 (Q3)",
      "signal": "OPERATING LEVERAGE",
      "detail": "Rev growth +2.8% vs OpEx growth +1.0% (leverage: 2.9x)",
      "severity": "MEDIUM"
    },
    {
      "quarter": "2025-07 (Q3)",
      "signal": "INCREMENTAL MARGIN (YoY)",
      "detail": "YoY Incr OPM: +55.5% vs year-ago OPM: +28.7%",
      "severity": "HIGH"
    },
    {
      "quarter": "2025-04 (Q2)",
      "signal": "FCF MARGIN EXPANSION",
      "detail": "FCF margin: +7.6% -> +14.9% (+7.4%)",
      "severity": "MEDIUM"
    },
    {
      "quarter": "2025-04 (Q2)",
      "signal": "INCREMENTAL MARGIN (YoY)",
      "detail": "YoY Incr OPM: +56.6% vs year-ago OPM: +28.8%",
      "severity": "HIGH"
    },
    {
      "quarter": "2025-01 (Q1)",
      "signal": "INCREMENTAL MARGIN (YoY)",
      "detail": "YoY Incr OPM: +45.3% vs year-ago OPM: +29.3%",
      "severity": "MEDIUM"
    },
    {
      "quarter": "2024-10 (Q4)",
      "signal": "OPERATING LEVERAGE",
      "detail": "Rev growth +3.9% vs OpEx growth +2.1% (leverage: 1.9x)",
      "severity": "MEDIUM"
    },
    {
      "quarter": "2024-07 (Q3)",
      "signal": "FCF MARGIN EXPANSION",
      "detail": "FCF margin: +17.1% -> +30.8% (+13.7%)",
      "severity": "MEDIUM"
    },
    {
      "quarter": "2024-07 (Q3)",
      "signal": "YoY REVENUE GROWTH ACCELERATION",
      "detail": "YoY growth: +5.5% vs prior quarter YoY: +0.2% (accel: +5.3%)",
      "severity": "MEDIUM"
    },
    {
      "quarter": "2024-07 (Q3)",
      "signal": "INCREMENTAL MARGIN (YoY)",
      "detail": "YoY Incr OPM: +39.7% vs year-ago OPM: +28.0%",
      "severity": "MEDIUM"
    },
    {
      "quarter": "2024-01 (Q1)",
      "signal": "FCF MARGIN EXPANSION",
      "detail": "FCF margin: +18.5% -> +31.3% (+12.7%)",
      "severity": "MEDIUM"
    },
    {
      "quarter": "2023-10 (Q4)",
      "signal": "OPERATING LEVERAGE",
      "detail": "Rev growth +4.6% vs OpEx growth +2.0% (leverage: 2.3x)",
      "severity": "MEDIUM"
    },
    {
      "quarter": "2023-10 (Q4)",
      "signal": "INCREMENTAL MARGIN (YoY)",
      "detail": "YoY Incr OPM: +88.5% vs year-ago OPM: +29.5%",
      "severity": "HIGH"
    },
    {
      "quarter": "2023-07 (Q3)",
      "signal": "FCF MARGIN EXPANSION",
      "detail": "FCF margin: +30.7% -> +36.2% (+5.5%)",
      "severity": "MEDIUM"
    },
    {
      "quarter": "2023-07 (Q3)",
      "signal": "YoY REVENUE GROWTH DECELERATION",
      "detail": "YoY growth: -1.5% vs prior quarter YoY: +6.2% (decel: -7.6%)",
      "severity": "WARNING"
    },
    {
      "quarter": "2023-07 (Q3)",
      "signal": "INCREMENTAL MARGIN (YoY)",
      "detail": "YoY Incr OPM: +128.4% vs year-ago OPM: +29.5%",
      "severity": "HIGH"
    },
    {
      "quarter": "2023-01 (Q1)",
      "signal": "FCF MARGIN EXPANSION",
      "detail": "FCF margin: +9.4% -> +29.4% (+20.0%)",
      "severity": "MEDIUM"
    },
    {
      "quarter": "2022-10 (Q4)",
      "signal": "OPERATING LEVERAGE",
      "detail": "Rev growth +3.5% vs OpEx growth +2.3% (leverage: 1.5x)",
      "severity": "MEDIUM"
    },
    {
      "quarter": "2022-07 (Q3)",
      "signal": "FCF MARGIN EXPANSION",
      "detail": "FCF margin: +3.3% -> +19.3% (+16.0%)",
      "severity": "MEDIUM"
    },
    {
      "quarter": "2022-07 (Q3)",
      "signal": "YoY REVENUE GROWTH DECELERATION",
      "detail": "YoY growth: +5.2% vs prior quarter YoY: +11.9% (decel: -6.6%)",
      "severity": "WARNING"
    },
    {
      "quarter": "2022-05 (Q2)",
      "signal": "YoY REVENUE GROWTH DECELERATION",
      "detail": "YoY growth: +11.9% vs prior quarter YoY: +21.5% (decel: -9.6%)",
      "severity": "WARNING"
    },
    {
      "quarter": "2022-05 (Q2)",
      "signal": "INCREMENTAL MARGIN (YoY)",
      "detail": "YoY Incr OPM: +47.5% vs year-ago OPM: +28.3%",
      "severity": "MEDIUM"
    },
    {
      "quarter": "2022-01 (Q1)",
      "signal": "FCF MARGIN EXPANSION",
      "detail": "FCF margin: +15.4% -> +40.1% (+24.7%)",
      "severity": "MEDIUM"
    },
    {
      "quarter": "2022-01 (Q1)",
      "signal": "INCREMENTAL MARGIN (YoY)",
      "detail": "YoY Incr OPM: +62.5% vs year-ago OPM: +24.9%",
      "severity": "HIGH"
    },
    {
      "quarter": "2021-08 (Q3)",
      "signal": "FCF MARGIN EXPANSION",
      "detail": "FCF margin: +17.6% -> +25.0% (+7.4%)",
      "severity": "MEDIUM"
    },
    {
      "quarter": "2021-05 (Q2)",
      "signal": "OPERATING LEVERAGE",
      "detail": "Rev growth +8.1% vs OpEx growth +0.8% (leverage: 10.8x)",
      "severity": "MEDIUM"
    }
  ],
  "data_quality": {
    "n_quarters": 20,
    "coverage": {
      "revenue": [
        20,
        20
      ],
      "gross_profit": [
        20,
        20
      ],
      "op_income": [
        20,
        20
      ],
      "fcf": [
        20,
        20
      ]
    },
    "gaps": [],
    "warnings": []
  },
  "market_cap": null,
  "source": "SEC EDGAR",
  "last_updated": "2026-02-02T19:46:08.676558"
}