{
  "ticker": "AMBA",
  "name": "AMBARELLA, INC.",
  "quarters": [
    {
      "date": "2021-01-31T00:00:00",
      "quarter_label": "2021-01 (Q1)",
      "revenue": 62142000,
      "gross_profit": 37803000,
      "operating_income": -14013000,
      "net_income": -12489000,
      "opex": 51816000,
      "cogs": 24339000,
      "rd": 37184000,
      "sga": 14632000,
      "fcf": 12061000,
      "ocf": 12484000,
      "capex": -423000,
      "gross_margin": 0.6083325287245341,
      "op_margin": -0.22549966206430433,
      "fcf_margin": 0.19408773454346498
    },
    {
      "date": "2021-04-30T00:00:00",
      "quarter_label": "2021-04 (Q2)",
      "revenue": 70133000,
      "gross_profit": 43765000,
      "operating_income": -10136000,
      "net_income": -10818000,
      "opex": 53901000,
      "cogs": 26368000,
      "rd": 37874000,
      "sga": 16027000,
      "fcf": -4547000,
      "ocf": -4547000,
      "capex": null,
      "gross_margin": 0.6240286313147876,
      "op_margin": -0.14452540173670028,
      "fcf_margin": -0.06483395833630388,
      "op_leverage_ratio": 3.195756852083265,
      "fcf_margin_change": -0.25892169287976885
    },
    {
      "date": "2021-07-31T00:00:00",
      "quarter_label": "2021-07 (Q3)",
      "revenue": 79327000,
      "gross_profit": 49419000,
      "operating_income": -5960000,
      "net_income": -7156000,
      "opex": 55379000,
      "cogs": 29908000,
      "rd": 39558000,
      "sga": 15821000,
      "fcf": 14437000,
      "ocf": 14437000,
      "capex": null,
      "gross_margin": 0.6229783049907346,
      "op_margin": -0.0751320483568016,
      "fcf_margin": 0.18199352049113166,
      "op_leverage_ratio": 4.780842882189026,
      "fcf_margin_change": 0.24682747882743555
    },
    {
      "date": "2021-10-31T00:00:00",
      "quarter_label": "2021-10 (Q4)",
      "revenue": 92167000,
      "gross_profit": 57626000,
      "operating_income": -1211000,
      "net_income": 756000,
      "opex": 58837000,
      "cogs": 34541000,
      "rd": 41362000,
      "sga": 17475000,
      "fcf": 8334000,
      "ocf": 8334000,
      "capex": null,
      "gross_margin": 0.62523462844619,
      "op_margin": -0.01313919298664381,
      "fcf_margin": 0.09042281944730761,
      "op_leverage_ratio": 2.5921737816606023,
      "fcf_margin_change": -0.09157070104382405
    },
    {
      "date": "2022-01-31T00:00:00",
      "quarter_label": "2022-01 (Q1)",
      "revenue": 90229000,
      "gross_profit": 57322000,
      "operating_income": -12336000,
      "net_income": -9193000,
      "opex": 69658000,
      "cogs": 32907000,
      "rd": 48543000,
      "sga": 21115000,
      "fcf": 20571000,
      "ocf": 20571000,
      "capex": null,
      "gross_margin": 0.635294639195824,
      "op_margin": -0.1367187932926221,
      "fcf_margin": 0.22798656751155394,
      "incr_op_margin_yoy": 0.05970733791433759,
      "rev_growth_yoy": 0.4519809468636349,
      "fcf_margin_change": 0.13756374806424632
    },
    {
      "date": "2022-04-30T00:00:00",
      "quarter_label": "2022-04 (Q2)",
      "revenue": 90305000,
      "gross_profit": 56547000,
      "operating_income": -10498000,
      "net_income": -10822000,
      "opex": 67045000,
      "cogs": 33758000,
      "rd": 46690000,
      "sga": 20355000,
      "fcf": 33560000,
      "ocf": 33560000,
      "capex": null,
      "gross_margin": 0.6261779524943248,
      "op_margin": -0.11625048446929849,
      "fcf_margin": 0.37162947788051603,
      "incr_op_margin_yoy": -0.017945667261550665,
      "rev_growth_yoy": 0.28762494118318055,
      "rev_growth_yoy_accel": -0.16435600568045433,
      "fcf_margin_change": 0.1436429103689621
    },
    {
      "date": "2022-07-31T00:00:00",
      "quarter_label": "2022-07 (Q3)",
      "revenue": 80884000,
      "gross_profit": 51064000,
      "operating_income": -20188000,
      "net_income": -23650000,
      "opex": 71252000,
      "cogs": 29820000,
      "rd": 52338000,
      "sga": 18914000,
      "fcf": -557000,
      "ocf": -557000,
      "capex": null,
      "gross_margin": 0.631323871222986,
      "op_margin": -0.24959200830819445,
      "fcf_margin": -0.006886405222293655,
      "incr_op_margin_yoy": -9.138086062941554,
      "rev_growth_yoy": 0.019627617330795315,
      "rev_growth_yoy_accel": -0.2679973238523852,
      "fcf_margin_change": -0.3785158831028097
    },
    {
      "date": "2022-10-31T00:00:00",
      "quarter_label": "2022-10 (Q4)",
      "revenue": 83096000,
      "gross_profit": 51678000,
      "operating_income": -20130000,
      "net_income": -19809000,
      "opex": 71808000,
      "cogs": 31418000,
      "rd": 52864000,
      "sga": 18944000,
      "fcf": 6000000,
      "ocf": 6000000,
      "capex": null,
      "gross_margin": 0.6219071916819101,
      "op_margin": -0.24224992779435833,
      "fcf_margin": 0.07220564166746896,
      "incr_op_margin_yoy": 2.085657590122368,
      "rev_growth_yoy": -0.098419173890872,
      "rev_growth_yoy_accel": -0.11804679122166731,
      "op_leverage_ratio": 3.5046509451851997,
      "fcf_margin_change": 0.07909204688976261
    },
    {
      "date": "2023-01-31T00:00:00",
      "quarter_label": "2023-01 (Q1)",
      "revenue": 83321000,
      "gross_profit": 49645000,
      "operating_income": -23440000,
      "net_income": -11105000,
      "opex": 73085000,
      "cogs": 33676000,
      "rd": 53054000,
      "sga": 20031000,
      "fcf": 5090000,
      "ocf": 5090000,
      "capex": null,
      "gross_margin": 0.5958281825710205,
      "op_margin": -0.28132163560206913,
      "fcf_margin": 0.061089041178094355,
      "incr_op_margin_yoy": 1.6074116965836711,
      "rev_growth_yoy": -0.07656075097806692,
      "rev_growth_yoy_accel": 0.021858422912805084,
      "fcf_margin_change": -0.0111166004893746
    },
    {
      "date": "2023-04-30T00:00:00",
      "quarter_label": "2023-04 (Q2)",
      "revenue": 62142000,
      "gross_profit": 37519000,
      "operating_income": -35542000,
      "net_income": -35902000,
      "opex": 73061000,
      "cogs": 24623000,
      "rd": 54441000,
      "sga": 18620000,
      "fcf": 22025000,
      "ocf": 22025000,
      "capex": null,
      "gross_margin": 0.6037623507450678,
      "op_margin": -0.5719481188246275,
      "fcf_margin": 0.35443017604840527,
      "incr_op_margin_yoy": 0.8892518552711004,
      "rev_growth_yoy": -0.31186534521898013,
      "rev_growth_yoy_accel": -0.2353045942409132,
      "fcf_margin_change": 0.2933411348703109
    },
    {
      "date": "2023-07-31T00:00:00",
      "quarter_label": "2023-07 (Q3)",
      "revenue": 62121000,
      "gross_profit": 38462000,
      "operating_income": -35339000,
      "net_income": -31198000,
      "opex": 73801000,
      "cogs": 23659000,
      "rd": 54917000,
      "sga": 18884000,
      "fcf": -6838000,
      "ocf": -6838000,
      "capex": null,
      "gross_margin": 0.6191465044026979,
      "op_margin": -0.5688736498124628,
      "fcf_margin": -0.11007549781877304,
      "incr_op_margin_yoy": 0.807493471193306,
      "rev_growth_yoy": -0.23197418525295485,
      "rev_growth_yoy_accel": 0.07989115996602528,
      "fcf_margin_change": -0.46450567386717834
    },
    {
      "date": "2023-10-31T00:00:00",
      "quarter_label": "2023-10 (Q4)",
      "revenue": 50595000,
      "gross_profit": 29983000,
      "operating_income": -41965000,
      "net_income": -41710000,
      "opex": 71948000,
      "cogs": 20612000,
      "rd": 53702000,
      "sga": 18246000,
      "fcf": 7869000,
      "ocf": 7869000,
      "capex": null,
      "gross_margin": 0.592607965213954,
      "op_margin": -0.829429785551932,
      "fcf_margin": 0.15552920249036467,
      "incr_op_margin_yoy": 0.6718254822928525,
      "rev_growth_yoy": -0.3911259266390681,
      "rev_growth_yoy_accel": -0.15915174138611324,
      "fcf_margin_change": 0.26560470030913774
    },
    {
      "date": "2024-01-31T00:00:00",
      "quarter_label": "2024-01 (Q1)",
      "revenue": 51616000,
      "gross_profit": 30853000,
      "operating_income": -41714000,
      "net_income": -60607000,
      "opex": 72567000,
      "cogs": 20763000,
      "rd": 51992000,
      "sga": 20575000,
      "fcf": -4032000,
      "ocf": -4032000,
      "capex": null,
      "gross_margin": 0.5977410105393677,
      "op_margin": -0.8081602603843769,
      "fcf_margin": -0.07811531308121512,
      "incr_op_margin_yoy": 0.5763759659359723,
      "rev_growth_yoy": -0.3805163164148294,
      "rev_growth_yoy_accel": 0.010609610224238675,
      "op_leverage_ratio": 2.345558228646154,
      "fcf_margin_change": -0.23364451557157978
    },
    {
      "date": "2024-04-30T00:00:00",
      "quarter_label": "2024-04 (Q2)",
      "revenue": 54473000,
      "gross_profit": 33160000,
      "operating_income": -39445000,
      "net_income": -37932000,
      "opex": 72605000,
      "cogs": 21313000,
      "rd": 54137000,
      "sga": 18468000,
      "fcf": -14951000,
      "ocf": -14951000,
      "capex": null,
      "gross_margin": 0.6087419455510069,
      "op_margin": -0.724120206340756,
      "fcf_margin": -0.27446624933453273,
      "incr_op_margin_yoy": 0.5089320641543877,
      "rev_growth_yoy": -0.1234108976215764,
      "rev_growth_yoy_accel": 0.257105418793253,
      "op_leverage_ratio": Infinity,
      "fcf_margin_change": -0.19635093625331762
    },
    {
      "date": "2024-07-31T00:00:00",
      "quarter_label": "2024-07 (Q3)",
      "revenue": 63724000,
      "gross_profit": 38741000,
      "operating_income": -36287000,
      "net_income": -34889000,
      "opex": 75028000,
      "cogs": 24983000,
      "rd": 56760000,
      "sga": 18268000,
      "fcf": 16738000,
      "ocf": 16738000,
      "capex": null,
      "gross_margin": 0.607949908982487,
      "op_margin": -0.5694400853681502,
      "fcf_margin": 0.26266398845019145,
      "incr_op_margin_yoy": -0.5913911416094823,
      "rev_growth_yoy": 0.025804478356755364,
      "rev_growth_yoy_accel": 0.14921537597833176,
      "op_leverage_ratio": 5.088859994696945,
      "fcf_margin_change": 0.5371302377847242
    },
    {
      "date": "2024-10-31T00:00:00",
      "quarter_label": "2024-10 (Q4)",
      "revenue": 82653000,
      "gross_profit": 50048000,
      "operating_income": -25510000,
      "net_income": -24071000,
      "opex": 75558000,
      "cogs": 32605000,
      "rd": 58389000,
      "sga": 17169000,
      "fcf": 6619000,
      "ocf": 6619000,
      "capex": null,
      "gross_margin": 0.605519460878613,
      "op_margin": -0.3086397347948653,
      "fcf_margin": 0.08008178771490448,
      "incr_op_margin_yoy": 0.5132884147482688,
      "rev_growth_yoy": 0.6336199229172843,
      "rev_growth_yoy_accel": 0.6078154445605289,
      "op_leverage_ratio": 42.05059472276077,
      "fcf_margin_change": -0.18258220073528697
    },
    {
      "date": "2025-01-31T00:00:00",
      "quarter_label": "2025-01 (Q1)",
      "revenue": 84015000,
      "gross_profit": 50381000,
      "operating_income": -25353000,
      "net_income": -20234000,
      "opex": 75734000,
      "cogs": 33634000,
      "rd": 56823000,
      "sga": 18911000,
      "fcf": 25430000,
      "ocf": 25430000,
      "capex": null,
      "gross_margin": 0.5996667261798488,
      "op_margin": -0.30176754151044455,
      "fcf_margin": 0.3026840445158603,
      "incr_op_margin_yoy": 0.5049847217506713,
      "rev_growth_yoy": 0.6276929634221947,
      "rev_growth_yoy_accel": -0.00592695949508959,
      "op_leverage_ratio": 7.0743455937913495,
      "fcf_margin_change": 0.2226022568009558
    },
    {
      "date": "2025-04-30T00:00:00",
      "quarter_label": "2025-04 (Q2)",
      "revenue": 85872000,
      "gross_profit": 51536000,
      "operating_income": -25858000,
      "net_income": -24328000,
      "opex": 77394000,
      "cogs": 34336000,
      "rd": 58819000,
      "sga": 18575000,
      "fcf": 14801000,
      "ocf": 14801000,
      "capex": null,
      "gross_margin": 0.6001490590646543,
      "op_margin": -0.30112260108067823,
      "fcf_margin": 0.17236118874604062,
      "incr_op_margin_yoy": 0.4327207872862193,
      "rev_growth_yoy": 0.5764140032676739,
      "rev_growth_yoy_accel": -0.051278960154520825,
      "op_leverage_ratio": 1.0084117078920931,
      "fcf_margin_change": -0.13032285576981967
    },
    {
      "date": "2025-07-31T00:00:00",
      "quarter_label": "2025-07 (Q3)",
      "revenue": 95511000,
      "gross_profit": 56231000,
      "operating_income": -21989000,
      "net_income": -19995000,
      "opex": 78220000,
      "cogs": 39280000,
      "rd": 59734000,
      "sga": 18486000,
      "fcf": 5506000,
      "ocf": 5506000,
      "capex": null,
      "gross_margin": 0.5887384699144601,
      "op_margin": -0.23022479086178554,
      "fcf_margin": 0.057647810199872265,
      "incr_op_margin_yoy": 0.44980652467990057,
      "rev_growth_yoy": 0.49882304940053984,
      "rev_growth_yoy_accel": -0.07759095386713405,
      "op_leverage_ratio": 10.517382000170533,
      "fcf_margin_change": -0.11471337854616835
    },
    {
      "date": "2025-10-31T00:00:00",
      "quarter_label": "2025-10 (Q4)",
      "revenue": 108452000,
      "gross_profit": 64586000,
      "operating_income": -16248000,
      "net_income": -15107000,
      "opex": 80834000,
      "cogs": 43866000,
      "rd": 61451000,
      "sga": 19383000,
      "fcf": 34314000,
      "ocf": 34314000,
      "capex": null,
      "gross_margin": 0.5955261313760927,
      "op_margin": -0.14981743075277543,
      "fcf_margin": 0.3163980378416258,
      "incr_op_margin_yoy": 0.3590061630295748,
      "rev_growth_yoy": 0.3121362805947758,
      "rev_growth_yoy_accel": -0.18668676880576407,
      "op_leverage_ratio": 4.054400748930909,
      "fcf_margin_change": 0.25875022764175354
    }
  ],
  "signals": [
    {
      "quarter": "2025-10 (Q4)",
      "signal": "FCF MARGIN EXPANSION",
      "detail": "FCF margin: +5.8% -> +31.6% (+25.9%)",
      "severity": "MEDIUM"
    },
    {
      "quarter": "2025-10 (Q4)",
      "signal": "OPERATING LEVERAGE",
      "detail": "Rev growth +13.5% vs OpEx growth +3.3% (leverage: 4.1x)",
      "severity": "MEDIUM"
    },
    {
      "quarter": "2025-10 (Q4)",
      "signal": "YoY REVENUE GROWTH DECELERATION",
      "detail": "YoY growth: +31.2% vs prior quarter YoY: +49.9% (decel: -18.7%)",
      "severity": "WARNING"
    },
    {
      "quarter": "2025-07 (Q3)",
      "signal": "OPERATING LEVERAGE",
      "detail": "Rev growth +11.2% vs OpEx growth +1.1% (leverage: 10.5x)",
      "severity": "MEDIUM"
    },
    {
      "quarter": "2025-07 (Q3)",
      "signal": "YoY REVENUE GROWTH DECELERATION",
      "detail": "YoY growth: +49.9% vs prior quarter YoY: +57.6% (decel: -7.8%)",
      "severity": "WARNING"
    },
    {
      "quarter": "2025-04 (Q2)",
      "signal": "YoY REVENUE GROWTH DECELERATION",
      "detail": "YoY growth: +57.6% vs prior quarter YoY: +62.8% (decel: -5.1%)",
      "severity": "WARNING"
    },
    {
      "quarter": "2025-01 (Q1)",
      "signal": "FCF MARGIN EXPANSION",
      "detail": "FCF margin: +8.0% -> +30.3% (+22.3%)",
      "severity": "MEDIUM"
    },
    {
      "quarter": "2025-01 (Q1)",
      "signal": "OPERATING LEVERAGE",
      "detail": "Rev growth +1.6% vs OpEx growth +0.2% (leverage: 7.1x)",
      "severity": "MEDIUM"
    },
    {
      "quarter": "2024-10 (Q4)",
      "signal": "OPERATING LEVERAGE",
      "detail": "Rev growth +29.7% vs OpEx growth +0.7% (leverage: 42.1x)",
      "severity": "MEDIUM"
    },
    {
      "quarter": "2024-10 (Q4)",
      "signal": "YoY REVENUE GROWTH ACCELERATION",
      "detail": "YoY growth: +63.4% vs prior quarter YoY: +2.6% (accel: +60.8%)",
      "severity": "HIGH"
    },
    {
      "quarter": "2024-07 (Q3)",
      "signal": "FCF TURNED POSITIVE",
      "detail": "FCF margin: -27.4% -> +26.3%",
      "severity": "HIGH"
    },
    {
      "quarter": "2024-07 (Q3)",
      "signal": "OPERATING LEVERAGE",
      "detail": "Rev growth +17.0% vs OpEx growth +3.3% (leverage: 5.1x)",
      "severity": "MEDIUM"
    },
    {
      "quarter": "2024-07 (Q3)",
      "signal": "YoY REVENUE GROWTH ACCELERATION",
      "detail": "YoY growth: +2.6% vs prior quarter YoY: -12.3% (accel: +14.9%)",
      "severity": "MEDIUM"
    },
    {
      "quarter": "2024-04 (Q2)",
      "signal": "OPERATING LEVERAGE",
      "detail": "Rev growth +5.5% vs OpEx growth +0.1% (leverage: 105.7x)",
      "severity": "MEDIUM"
    },
    {
      "quarter": "2024-04 (Q2)",
      "signal": "YoY REVENUE GROWTH ACCELERATION",
      "detail": "YoY growth: -12.3% vs prior quarter YoY: -38.1% (accel: +25.7%)",
      "severity": "HIGH"
    },
    {
      "quarter": "2024-01 (Q1)",
      "signal": "OPERATING LEVERAGE",
      "detail": "Rev growth +2.0% vs OpEx growth +0.9% (leverage: 2.3x)",
      "severity": "MEDIUM"
    },
    {
      "quarter": "2023-10 (Q4)",
      "signal": "FCF TURNED POSITIVE",
      "detail": "FCF margin: -11.0% -> +15.6%",
      "severity": "HIGH"
    },
    {
      "quarter": "2023-10 (Q4)",
      "signal": "YoY REVENUE GROWTH DECELERATION",
      "detail": "YoY growth: -39.1% vs prior quarter YoY: -23.2% (decel: -15.9%)",
      "severity": "WARNING"
    },
    {
      "quarter": "2023-07 (Q3)",
      "signal": "YoY REVENUE GROWTH ACCELERATION",
      "detail": "YoY growth: -23.2% vs prior quarter YoY: -31.2% (accel: +8.0%)",
      "severity": "MEDIUM"
    },
    {
      "quarter": "2023-04 (Q2)",
      "signal": "FCF MARGIN EXPANSION",
      "detail": "FCF margin: +6.1% -> +35.4% (+29.3%)",
      "severity": "MEDIUM"
    },
    {
      "quarter": "2023-04 (Q2)",
      "signal": "YoY REVENUE GROWTH DECELERATION",
      "detail": "YoY growth: -31.2% vs prior quarter YoY: -7.7% (decel: -23.5%)",
      "severity": "WARNING"
    },
    {
      "quarter": "2022-10 (Q4)",
      "signal": "FCF TURNED POSITIVE",
      "detail": "FCF margin: -0.7% -> +7.2%",
      "severity": "HIGH"
    },
    {
      "quarter": "2022-10 (Q4)",
      "signal": "OPERATING LEVERAGE",
      "detail": "Rev growth +2.7% vs OpEx growth +0.8% (leverage: 3.5x)",
      "severity": "MEDIUM"
    },
    {
      "quarter": "2022-10 (Q4)",
      "signal": "YoY REVENUE GROWTH DECELERATION",
      "detail": "YoY growth: -9.8% vs prior quarter YoY: +2.0% (decel: -11.8%)",
      "severity": "WARNING"
    },
    {
      "quarter": "2022-07 (Q3)",
      "signal": "YoY REVENUE GROWTH DECELERATION",
      "detail": "YoY growth: +2.0% vs prior quarter YoY: +28.8% (decel: -26.8%)",
      "severity": "WARNING"
    },
    {
      "quarter": "2022-04 (Q2)",
      "signal": "FCF MARGIN EXPANSION",
      "detail": "FCF margin: +22.8% -> +37.2% (+14.4%)",
      "severity": "MEDIUM"
    },
    {
      "quarter": "2022-04 (Q2)",
      "signal": "YoY REVENUE GROWTH DECELERATION",
      "detail": "YoY growth: +28.8% vs prior quarter YoY: +45.2% (decel: -16.4%)",
      "severity": "WARNING"
    },
    {
      "quarter": "2022-01 (Q1)",
      "signal": "FCF MARGIN EXPANSION",
      "detail": "FCF margin: +9.0% -> +22.8% (+13.8%)",
      "severity": "MEDIUM"
    },
    {
      "quarter": "2021-10 (Q4)",
      "signal": "OPERATING LEVERAGE",
      "detail": "Rev growth +16.2% vs OpEx growth +6.2% (leverage: 2.6x)",
      "severity": "MEDIUM"
    },
    {
      "quarter": "2021-07 (Q3)",
      "signal": "FCF TURNED POSITIVE",
      "detail": "FCF margin: -6.5% -> +18.2%",
      "severity": "HIGH"
    },
    {
      "quarter": "2021-07 (Q3)",
      "signal": "OPERATING LEVERAGE",
      "detail": "Rev growth +13.1% vs OpEx growth +2.7% (leverage: 4.8x)",
      "severity": "MEDIUM"
    },
    {
      "quarter": "2021-04 (Q2)",
      "signal": "OPERATING LEVERAGE",
      "detail": "Rev growth +12.9% vs OpEx growth +4.0% (leverage: 3.2x)",
      "severity": "MEDIUM"
    }
  ],
  "data_quality": {
    "n_quarters": 20,
    "coverage": {
      "revenue": [
        20,
        20
      ],
      "gross_profit": [
        20,
        20
      ],
      "op_income": [
        20,
        20
      ],
      "fcf": [
        20,
        20
      ]
    },
    "gaps": [],
    "warnings": []
  },
  "market_cap": null,
  "source": "SEC EDGAR",
  "last_updated": "2026-02-02T21:24:04.329587"
}