{
  "ticker": "AMCR",
  "name": "AMCOR PLC",
  "quarters": [
    {
      "date": "2020-12-31T00:00:00",
      "quarter_label": "2020-12 (Q4)",
      "revenue": 3103000000,
      "gross_profit": 651000000,
      "operating_income": 307000000,
      "net_income": 219000000,
      "opex": 344000000,
      "cogs": 2452000000,
      "rd": 23000000,
      "sga": 308000000,
      "fcf": 552000000,
      "ocf": 552000000,
      "capex": null,
      "gross_margin": 0.20979697067354172,
      "op_margin": 0.09893651305188528,
      "fcf_margin": 0.1778923622300999
    },
    {
      "date": "2021-03-31T00:00:00",
      "quarter_label": "2021-03 (Q1)",
      "revenue": 3207000000,
      "gross_profit": 682000000,
      "operating_income": 373000000,
      "net_income": 267000000,
      "opex": 309000000,
      "cogs": 2525000000,
      "rd": 25000000,
      "sga": 325000000,
      "fcf": 175000000,
      "ocf": 175000000,
      "capex": null,
      "gross_margin": 0.21265980667290302,
      "op_margin": 0.11630807608356719,
      "fcf_margin": 0.0545681322107889,
      "op_leverage_ratio": Infinity,
      "fcf_margin_change": -0.123324230019311
    },
    {
      "date": "2021-06-30T00:00:00",
      "quarter_label": "2021-06 (Q2)",
      "revenue": 3454000000,
      "gross_profit": 745000000,
      "operating_income": 365000000,
      "net_income": 255000000,
      "opex": 380000000,
      "cogs": 2709000000,
      "rd": 26000000,
      "sga": 330000000,
      "fcf": 844000000,
      "ocf": 844000000,
      "capex": null,
      "gross_margin": 0.21569195136074118,
      "op_margin": 0.10567458019687319,
      "fcf_margin": 0.24435437174290678,
      "op_leverage_ratio": 0.3351954571206472,
      "fcf_margin_change": 0.18978623953211787
    },
    {
      "date": "2021-09-30T00:00:00",
      "quarter_label": "2021-09 (Q3)",
      "revenue": 3420000000,
      "gross_profit": 650000000,
      "operating_income": 296000000,
      "net_income": 202000000,
      "opex": 354000000,
      "cogs": 2770000000,
      "rd": 25000000,
      "sga": 313000000,
      "fcf": -112000000,
      "ocf": -112000000,
      "capex": null,
      "gross_margin": 0.19005847953216373,
      "op_margin": 0.08654970760233918,
      "fcf_margin": -0.03274853801169591,
      "fcf_margin_change": -0.27710290975460267
    },
    {
      "date": "2021-12-31T00:00:00",
      "quarter_label": "2021-12 (Q4)",
      "revenue": 3507000000,
      "gross_profit": 645000000,
      "operating_income": 322000000,
      "net_income": 225000000,
      "opex": 323000000,
      "cogs": 2862000000,
      "rd": 23000000,
      "sga": 303000000,
      "fcf": 435000000,
      "ocf": 435000000,
      "capex": null,
      "gross_margin": 0.18391787852865696,
      "op_margin": 0.09181636726546906,
      "fcf_margin": 0.12403763900769889,
      "incr_op_margin_yoy": 0.03712871287128713,
      "rev_growth_yoy": 0.13019658395101516,
      "op_leverage_ratio": Infinity,
      "fcf_margin_change": 0.1567861770193948
    },
    {
      "date": "2022-03-31T00:00:00",
      "quarter_label": "2022-03 (Q1)",
      "revenue": 3708000000,
      "gross_profit": 731000000,
      "operating_income": 369000000,
      "net_income": 269000000,
      "opex": 362000000,
      "cogs": 2977000000,
      "rd": 24000000,
      "sga": 326000000,
      "fcf": 266000000,
      "ocf": 266000000,
      "capex": null,
      "gross_margin": 0.19714131607335492,
      "op_margin": 0.09951456310679611,
      "fcf_margin": 0.07173678532901834,
      "incr_op_margin_yoy": -0.007984031936127744,
      "rev_growth_yoy": 0.15622076707202995,
      "rev_growth_yoy_accel": 0.026024183121014788,
      "op_leverage_ratio": 0.4746770195871992,
      "fcf_margin_change": -0.05230085367868055
    },
    {
      "date": "2022-06-30T00:00:00",
      "quarter_label": "2022-06 (Q2)",
      "revenue": 3909000000,
      "gross_profit": 794000000,
      "operating_income": 252000000,
      "net_income": 109000000,
      "opex": 542000000,
      "cogs": 3115000000,
      "rd": 24000000,
      "sga": 342000000,
      "fcf": 937000000,
      "ocf": 937000000,
      "capex": null,
      "gross_margin": 0.20312100281401893,
      "op_margin": 0.0644666155026861,
      "fcf_margin": 0.23970324891276543,
      "incr_op_margin_yoy": -0.24835164835164836,
      "rev_growth_yoy": 0.13173132599884194,
      "rev_growth_yoy_accel": -0.024489441073188012,
      "op_leverage_ratio": 0.10901654081265733,
      "fcf_margin_change": 0.1679664635837471
    },
    {
      "date": "2022-09-30T00:00:00",
      "quarter_label": "2022-09 (Q3)",
      "revenue": 3712000000,
      "gross_profit": 668000000,
      "operating_income": 342000000,
      "net_income": 232000000,
      "opex": 326000000,
      "cogs": 3044000000,
      "rd": 25000000,
      "sga": 302000000,
      "fcf": -260000000,
      "ocf": -260000000,
      "capex": null,
      "gross_margin": 0.17995689655172414,
      "op_margin": 0.09213362068965517,
      "fcf_margin": -0.07004310344827586,
      "incr_op_margin_yoy": 0.15753424657534246,
      "rev_growth_yoy": 0.08538011695906433,
      "rev_growth_yoy_accel": -0.0463512090397776,
      "fcf_margin_change": -0.3097463523610413
    },
    {
      "date": "2022-12-31T00:00:00",
      "quarter_label": "2022-12 (Q4)",
      "revenue": 3642000000,
      "gross_profit": 662000000,
      "operating_income": 559000000,
      "net_income": 459000000,
      "opex": 103000000,
      "cogs": 2980000000,
      "rd": 24000000,
      "sga": 298000000,
      "fcf": 405000000,
      "ocf": 405000000,
      "capex": null,
      "gross_margin": 0.18176825919824272,
      "op_margin": 0.15348709500274574,
      "fcf_margin": 0.11120263591433278,
      "incr_op_margin_yoy": 1.7555555555555555,
      "rev_growth_yoy": 0.03849443969204448,
      "rev_growth_yoy_accel": -0.04688567726701985,
      "fcf_margin_change": 0.18124573936260863
    },
    {
      "date": "2023-03-31T00:00:00",
      "quarter_label": "2023-03 (Q1)",
      "revenue": 3667000000,
      "gross_profit": 673000000,
      "operating_income": 282000000,
      "net_income": 177000000,
      "opex": 391000000,
      "cogs": 2994000000,
      "rd": 27000000,
      "sga": 317000000,
      "fcf": 184000000,
      "ocf": 184000000,
      "capex": null,
      "gross_margin": 0.18352877011180802,
      "op_margin": 0.07690209980910827,
      "fcf_margin": 0.05017725661303518,
      "incr_op_margin_yoy": 2.1219512195121952,
      "rev_growth_yoy": -0.011057173678532902,
      "rev_growth_yoy_accel": -0.04955161337057738,
      "fcf_margin_change": -0.0610253793012976
    },
    {
      "date": "2023-06-30T00:00:00",
      "quarter_label": "2023-06 (Q2)",
      "revenue": 3673000000,
      "gross_profit": 722000000,
      "operating_income": 325000000,
      "net_income": 180000000,
      "opex": 397000000,
      "cogs": 2951000000,
      "rd": 25000000,
      "sga": 329000000,
      "fcf": 932000000,
      "ocf": 932000000,
      "capex": null,
      "gross_margin": 0.1965695616662129,
      "op_margin": 0.08848352845085761,
      "fcf_margin": 0.2537435338959978,
      "incr_op_margin_yoy": -0.3093220338983051,
      "rev_growth_yoy": -0.060373497058071116,
      "rev_growth_yoy_accel": -0.049316323379538216,
      "fcf_margin_change": 0.20356627728296262
    },
    {
      "date": "2023-09-30T00:00:00",
      "quarter_label": "2023-09 (Q3)",
      "revenue": 3443000000,
      "gross_profit": 645000000,
      "operating_income": 270000000,
      "net_income": 152000000,
      "opex": 375000000,
      "cogs": 2798000000,
      "rd": 27000000,
      "sga": 302000000,
      "fcf": -135000000,
      "ocf": -135000000,
      "capex": null,
      "gross_margin": 0.18733662503630555,
      "op_margin": 0.07841998257333721,
      "fcf_margin": -0.039209991286668605,
      "incr_op_margin_yoy": 0.26765799256505574,
      "rev_growth_yoy": -0.07246767241379311,
      "rev_growth_yoy_accel": -0.012094175355721992,
      "fcf_margin_change": -0.2929535251826664
    },
    {
      "date": "2023-12-31T00:00:00",
      "quarter_label": "2023-12 (Q4)",
      "revenue": 3251000000,
      "gross_profit": 621000000,
      "operating_income": 242000000,
      "net_income": 134000000,
      "opex": 379000000,
      "cogs": 2630000000,
      "rd": 28000000,
      "sga": 299000000,
      "fcf": 363000000,
      "ocf": 363000000,
      "capex": null,
      "gross_margin": 0.1910181482620732,
      "op_margin": 0.07443863426637957,
      "fcf_margin": 0.11165795139956937,
      "incr_op_margin_yoy": 0.8107416879795396,
      "rev_growth_yoy": -0.10735859417902252,
      "rev_growth_yoy_accel": -0.03489092176522941,
      "fcf_margin_change": 0.150867942686238
    },
    {
      "date": "2024-03-31T00:00:00",
      "quarter_label": "2024-03 (Q1)",
      "revenue": 3411000000,
      "gross_profit": 692000000,
      "operating_income": 307000000,
      "net_income": 187000000,
      "opex": 385000000,
      "cogs": 2719000000,
      "rd": 25000000,
      "sga": 330000000,
      "fcf": 150000000,
      "ocf": 150000000,
      "capex": null,
      "gross_margin": 0.20287305775432424,
      "op_margin": 0.09000293169158605,
      "fcf_margin": 0.04397537379067722,
      "incr_op_margin_yoy": -0.09765625,
      "rev_growth_yoy": -0.06981183528770112,
      "rev_growth_yoy_accel": 0.037546758891321405,
      "op_leverage_ratio": 3.1087870398851636,
      "fcf_margin_change": -0.06768257760889215
    },
    {
      "date": "2024-06-30T00:00:00",
      "quarter_label": "2024-06 (Q2)",
      "revenue": 3535000000,
      "gross_profit": 754000000,
      "operating_income": 395000000,
      "net_income": 257000000,
      "opex": 359000000,
      "cogs": 2781000000,
      "rd": 26000000,
      "sga": 329000000,
      "fcf": 943000000,
      "ocf": 943000000,
      "capex": null,
      "gross_margin": 0.21329561527581328,
      "op_margin": 0.11173974540311174,
      "fcf_margin": 0.26676096181046677,
      "incr_op_margin_yoy": -0.5072463768115942,
      "rev_growth_yoy": -0.03757146746528723,
      "rev_growth_yoy_accel": 0.032240367822413886,
      "op_leverage_ratio": Infinity,
      "fcf_margin_change": 0.22278558801978954
    },
    {
      "date": "2024-09-30T00:00:00",
      "quarter_label": "2024-09 (Q3)",
      "revenue": 3353000000,
      "gross_profit": 659000000,
      "operating_income": 312000000,
      "net_income": 191000000,
      "opex": 347000000,
      "cogs": 2694000000,
      "rd": 28000000,
      "sga": 315000000,
      "fcf": -269000000,
      "ocf": -269000000,
      "capex": null,
      "gross_margin": 0.1965404115717268,
      "op_margin": 0.09305099910527885,
      "fcf_margin": -0.08022666269012824,
      "incr_op_margin_yoy": -0.4666666666666667,
      "rev_growth_yoy": -0.026139994191112403,
      "rev_growth_yoy_accel": 0.011431473274174826,
      "fcf_margin_change": -0.346987624500595
    },
    {
      "date": "2024-12-31T00:00:00",
      "quarter_label": "2024-12 (Q4)",
      "revenue": 3241000000,
      "gross_profit": 626000000,
      "operating_income": 297000000,
      "net_income": 163000000,
      "opex": 329000000,
      "cogs": 2615000000,
      "rd": 27000000,
      "sga": 295000000,
      "fcf": 428000000,
      "ocf": 428000000,
      "capex": null,
      "gross_margin": 0.1931502622647331,
      "op_margin": 0.09163838321505709,
      "fcf_margin": 0.1320580067880284,
      "incr_op_margin_yoy": -5.5,
      "rev_growth_yoy": -0.0030759766225776685,
      "rev_growth_yoy_accel": 0.023064017568534736,
      "fcf_margin_change": 0.21228466947815663
    },
    {
      "date": "2025-03-31T00:00:00",
      "quarter_label": "2025-03 (Q1)",
      "revenue": 3333000000,
      "gross_profit": 654000000,
      "operating_income": 313000000,
      "net_income": 196000000,
      "opex": 341000000,
      "cogs": 2679000000,
      "rd": 27000000,
      "sga": 303000000,
      "fcf": 117000000,
      "ocf": 117000000,
      "capex": null,
      "gross_margin": 0.19621962196219622,
      "op_margin": 0.09390939093909391,
      "fcf_margin": 0.0351035103510351,
      "incr_op_margin_yoy": -0.07692307692307693,
      "rev_growth_yoy": -0.022867194371152155,
      "rev_growth_yoy_accel": -0.019791217748574487,
      "op_leverage_ratio": 0.7782577393808495,
      "fcf_margin_change": -0.0969544964369933
    },
    {
      "date": "2025-06-30T00:00:00",
      "quarter_label": "2025-06 (Q2)",
      "revenue": 5082000000,
      "gross_profit": 895000000,
      "operating_income": 87000000,
      "net_income": -39000000,
      "opex": 808000000,
      "cogs": 4187000000,
      "rd": 38000000,
      "sga": 292000000,
      "fcf": 1114000000,
      "ocf": 1114000000,
      "capex": null,
      "gross_margin": 0.17611176702085793,
      "op_margin": 0.017119244391971666,
      "fcf_margin": 0.21920503738685557,
      "incr_op_margin_yoy": -0.19909502262443438,
      "rev_growth_yoy": 0.4376237623762376,
      "rev_growth_yoy_accel": 0.46049095674738977,
      "op_leverage_ratio": 0.38317043695804276,
      "fcf_margin_change": 0.18410152703582047
    },
    {
      "date": "2025-09-30T00:00:00",
      "quarter_label": "2025-09 (Q3)",
      "revenue": 5745000000,
      "gross_profit": 1124000000,
      "operating_income": 461000000,
      "net_income": 262000000,
      "opex": 663000000,
      "cogs": 4621000000,
      "rd": 46000000,
      "sga": 435000000,
      "fcf": -133000000,
      "ocf": -133000000,
      "capex": null,
      "gross_margin": 0.19564838990426459,
      "op_margin": 0.08024369016536119,
      "fcf_margin": -0.023150565709312447,
      "incr_op_margin_yoy": 0.06229096989966555,
      "rev_growth_yoy": 0.7133909931404713,
      "rev_growth_yoy_accel": 0.27576723076423365,
      "op_leverage_ratio": Infinity,
      "fcf_margin_change": -0.24235560309616802
    }
  ],
  "signals": [
    {
      "quarter": "2025-09 (Q3)",
      "signal": "YoY REVENUE GROWTH ACCELERATION",
      "detail": "YoY growth: +71.3% vs prior quarter YoY: +43.8% (accel: +27.6%)",
      "severity": "HIGH"
    },
    {
      "quarter": "2025-06 (Q2)",
      "signal": "FCF MARGIN EXPANSION",
      "detail": "FCF margin: +3.5% -> +21.9% (+18.4%)",
      "severity": "MEDIUM"
    },
    {
      "quarter": "2025-06 (Q2)",
      "signal": "YoY REVENUE GROWTH ACCELERATION",
      "detail": "YoY growth: +43.8% vs prior quarter YoY: -2.3% (accel: +46.0%)",
      "severity": "HIGH"
    },
    {
      "quarter": "2024-12 (Q4)",
      "signal": "FCF TURNED POSITIVE",
      "detail": "FCF margin: -8.0% -> +13.2%",
      "severity": "HIGH"
    },
    {
      "quarter": "2024-06 (Q2)",
      "signal": "FCF MARGIN EXPANSION",
      "detail": "FCF margin: +4.4% -> +26.7% (+22.3%)",
      "severity": "MEDIUM"
    },
    {
      "quarter": "2024-03 (Q1)",
      "signal": "OPERATING LEVERAGE",
      "detail": "Rev growth +4.9% vs OpEx growth +1.6% (leverage: 3.1x)",
      "severity": "MEDIUM"
    },
    {
      "quarter": "2023-12 (Q4)",
      "signal": "FCF TURNED POSITIVE",
      "detail": "FCF margin: -3.9% -> +11.2%",
      "severity": "HIGH"
    },
    {
      "quarter": "2023-12 (Q4)",
      "signal": "INCREMENTAL MARGIN (YoY)",
      "detail": "YoY Incr OPM: +81.1% vs year-ago OPM: +15.3%",
      "severity": "HIGH"
    },
    {
      "quarter": "2023-09 (Q3)",
      "signal": "INCREMENTAL MARGIN (YoY)",
      "detail": "YoY Incr OPM: +26.8% vs year-ago OPM: +9.2%",
      "severity": "MEDIUM"
    },
    {
      "quarter": "2023-06 (Q2)",
      "signal": "FCF MARGIN EXPANSION",
      "detail": "FCF margin: +5.0% -> +25.4% (+20.4%)",
      "severity": "MEDIUM"
    },
    {
      "quarter": "2023-03 (Q1)",
      "signal": "INCREMENTAL MARGIN (YoY)",
      "detail": "YoY Incr OPM: +212.2% vs year-ago OPM: +10.0%",
      "severity": "HIGH"
    },
    {
      "quarter": "2022-12 (Q4)",
      "signal": "FCF TURNED POSITIVE",
      "detail": "FCF margin: -7.0% -> +11.1%",
      "severity": "HIGH"
    },
    {
      "quarter": "2022-12 (Q4)",
      "signal": "INCREMENTAL MARGIN (YoY)",
      "detail": "YoY Incr OPM: +175.6% vs year-ago OPM: +9.2%",
      "severity": "HIGH"
    },
    {
      "quarter": "2022-06 (Q2)",
      "signal": "FCF MARGIN EXPANSION",
      "detail": "FCF margin: +7.2% -> +24.0% (+16.8%)",
      "severity": "MEDIUM"
    },
    {
      "quarter": "2021-12 (Q4)",
      "signal": "FCF TURNED POSITIVE",
      "detail": "FCF margin: -3.3% -> +12.4%",
      "severity": "HIGH"
    },
    {
      "quarter": "2021-06 (Q2)",
      "signal": "FCF MARGIN EXPANSION",
      "detail": "FCF margin: +5.5% -> +24.4% (+19.0%)",
      "severity": "MEDIUM"
    }
  ],
  "data_quality": {
    "n_quarters": 20,
    "coverage": {
      "revenue": [
        20,
        20
      ],
      "gross_profit": [
        20,
        20
      ],
      "op_income": [
        20,
        20
      ],
      "fcf": [
        20,
        20
      ]
    },
    "gaps": [],
    "warnings": []
  },
  "market_cap": null,
  "source": "SEC EDGAR",
  "last_updated": "2026-02-02T20:18:03.085488"
}