{
  "ticker": "AMCX",
  "name": "AMC Networks Inc.",
  "quarters": [
    {
      "date": "2020-12-31T00:00:00",
      "quarter_label": "2020-12 (Q4)",
      "revenue": 780275000,
      "gross_profit": 339063000,
      "operating_income": 81395000,
      "net_income": 94711000,
      "opex": 698880000,
      "cogs": 441212000,
      "rd": null,
      "sga": 220239000,
      "fcf": 93044000,
      "ocf": 104649000,
      "capex": -11605000,
      "gross_margin": 0.4345429496011022,
      "op_margin": 0.10431578610105412,
      "fcf_margin": 0.11924513793213931
    },
    {
      "date": "2021-03-31T00:00:00",
      "quarter_label": "2021-03 (Q1)",
      "revenue": 691741000,
      "gross_profit": 411169000,
      "operating_income": 169708000,
      "net_income": 87021000,
      "opex": 522033000,
      "cogs": 280572000,
      "rd": null,
      "sga": 191535000,
      "fcf": 99026000,
      "ocf": 107563000,
      "capex": -8537000,
      "gross_margin": 0.5943973250103723,
      "op_margin": 0.2453345977757571,
      "fcf_margin": 0.1431547356597339,
      "fcf_margin_change": 0.0239095977275946
    },
    {
      "date": "2021-06-30T00:00:00",
      "quarter_label": "2021-06 (Q2)",
      "revenue": 771392000,
      "gross_profit": 432551000,
      "operating_income": 68256000,
      "net_income": 35885000,
      "opex": 703136000,
      "cogs": 338841000,
      "rd": null,
      "sga": 198618000,
      "fcf": 13292000,
      "ocf": 23604000,
      "capex": -10312000,
      "gross_margin": 0.560740842528831,
      "op_margin": 0.0884841948062723,
      "fcf_margin": 0.017231187256284742,
      "op_leverage_ratio": 0.331909763794985,
      "fcf_margin_change": -0.12592354840344916
    },
    {
      "date": "2021-09-30T00:00:00",
      "quarter_label": "2021-09 (Q3)",
      "revenue": 810766000,
      "gross_profit": 432502000,
      "operating_income": 188326000,
      "net_income": 110651000,
      "opex": 622440000,
      "cogs": 378264000,
      "rd": null,
      "sga": 220011000,
      "fcf": -98303000,
      "ocf": -87183000,
      "capex": -11120000,
      "gross_margin": 0.5334486152601368,
      "op_margin": 0.23228157076147743,
      "fcf_margin": -0.12124706758793535,
      "op_leverage_ratio": Infinity,
      "fcf_margin_change": -0.1384782548442201
    },
    {
      "date": "2021-12-31T00:00:00",
      "quarter_label": "2021-12 (Q4)",
      "revenue": 803709000,
      "gross_profit": 369303000,
      "operating_income": 63632000,
      "net_income": 17039000,
      "opex": 740077000,
      "cogs": 434406000,
      "rd": null,
      "sga": 281570000,
      "fcf": 86887000,
      "ocf": 99490000,
      "capex": -12603000,
      "gross_margin": 0.4594984005404941,
      "op_margin": 0.07917293448250548,
      "fcf_margin": 0.10810753643420691,
      "incr_op_margin_yoy": -0.7580011948450969,
      "rev_growth_yoy": 0.03003300118547948,
      "fcf_margin_change": 0.22935460402214225
    },
    {
      "date": "2022-03-31T00:00:00",
      "quarter_label": "2022-03 (Q1)",
      "revenue": 712157000,
      "gross_profit": 427920000,
      "operating_income": 174677000,
      "net_income": 104188000,
      "opex": 537480000,
      "cogs": 284237000,
      "rd": null,
      "sga": 230653000,
      "fcf": -35083000,
      "ocf": -23555000,
      "capex": -11528000,
      "gross_margin": 0.6008787388174237,
      "op_margin": 0.24527877981961843,
      "fcf_margin": -0.049263013633229755,
      "incr_op_margin_yoy": 0.24338753918495298,
      "rev_growth_yoy": 0.02951393657452717,
      "rev_growth_yoy_accel": -0.0005190646109523092,
      "fcf_margin_change": -0.15737055006743667
    },
    {
      "date": "2022-06-30T00:00:00",
      "quarter_label": "2022-06 (Q2)",
      "revenue": 738025000,
      "gross_profit": 412253000,
      "operating_income": 153203000,
      "net_income": 83429000,
      "opex": 584822000,
      "cogs": 325772000,
      "rd": null,
      "sga": 231819000,
      "fcf": 30703000,
      "ocf": 40729000,
      "capex": -10026000,
      "gross_margin": 0.5585894786761966,
      "op_margin": 0.20758510890552487,
      "fcf_margin": 0.04160157176247417,
      "incr_op_margin_yoy": -2.5458387029100606,
      "rev_growth_yoy": -0.04325556915290799,
      "rev_growth_yoy_accel": -0.07276950572743517,
      "op_leverage_ratio": 0.412384954662374,
      "fcf_margin_change": 0.09086458539570393
    },
    {
      "date": "2022-09-30T00:00:00",
      "quarter_label": "2022-09 (Q3)",
      "revenue": 681843000,
      "gross_profit": 388384000,
      "operating_income": 150677000,
      "net_income": 84666000,
      "opex": 531166000,
      "cogs": 293459000,
      "rd": null,
      "sga": 207972000,
      "fcf": 7461000,
      "ocf": 19417000,
      "capex": -11956000,
      "gross_margin": 0.5696091328942293,
      "op_margin": 0.22098488948335615,
      "fcf_margin": 0.010942401696578244,
      "incr_op_margin_yoy": 0.2920270238824725,
      "rev_growth_yoy": -0.15901382149720142,
      "rev_growth_yoy_accel": -0.11575825234429343,
      "fcf_margin_change": -0.030659170065895927
    },
    {
      "date": "2022-12-31T00:00:00",
      "quarter_label": "2022-12 (Q4)",
      "revenue": 964520000,
      "gross_profit": 352086000,
      "operating_income": -391641000,
      "net_income": -264689000,
      "opex": 1356161000,
      "cogs": 612434000,
      "rd": null,
      "sga": 226373000,
      "fcf": 134481000,
      "ocf": 145243000,
      "capex": -10762000,
      "gross_margin": 0.3650375316219467,
      "op_margin": -0.4060475677020694,
      "fcf_margin": 0.1394279019615975,
      "incr_op_margin_yoy": -2.8311060810516695,
      "rev_growth_yoy": 0.200086100815096,
      "rev_growth_yoy_accel": 0.3590999223122974,
      "op_leverage_ratio": 0.26692241091826413,
      "fcf_margin_change": 0.12848550026501926
    },
    {
      "date": "2023-03-31T00:00:00",
      "quarter_label": "2023-03 (Q1)",
      "revenue": 717447000,
      "gross_profit": 390718000,
      "operating_income": 173304000,
      "net_income": 103610000,
      "opex": 544143000,
      "cogs": 326729000,
      "rd": null,
      "sga": 185606000,
      "fcf": -144017000,
      "ocf": -132519000,
      "capex": -11498000,
      "gross_margin": 0.5445949317510562,
      "op_margin": 0.24155651915751267,
      "fcf_margin": -0.2007353853315994,
      "incr_op_margin_yoy": -0.25954631379962195,
      "rev_growth_yoy": 0.007428137334885425,
      "rev_growth_yoy_accel": -0.19265796348021058,
      "fcf_margin_change": -0.3401632872931969
    },
    {
      "date": "2023-06-30T00:00:00",
      "quarter_label": "2023-06 (Q2)",
      "revenue": 678628000,
      "gross_profit": 356667000,
      "operating_income": 105701000,
      "net_income": 70239000,
      "opex": 572927000,
      "cogs": 321961000,
      "rd": null,
      "sga": 194298000,
      "fcf": 147614000,
      "ocf": 157566000,
      "capex": -9952000,
      "gross_margin": 0.5255707103155189,
      "op_margin": 0.1557569095292266,
      "fcf_margin": 0.21751828689650293,
      "incr_op_margin_yoy": 0.7997373604727511,
      "rev_growth_yoy": -0.08048101351580231,
      "rev_growth_yoy_accel": -0.08790915085068773,
      "fcf_margin_change": 0.41825367222810234
    },
    {
      "date": "2023-09-30T00:00:00",
      "quarter_label": "2023-09 (Q3)",
      "revenue": 636954000,
      "gross_profit": 352054000,
      "operating_income": 120850000,
      "net_income": 63424000,
      "opex": 516104000,
      "cogs": 284900000,
      "rd": null,
      "sga": 187232000,
      "fcf": 99150000,
      "ocf": 106092000,
      "capex": -6942000,
      "gross_margin": 0.5527149527281405,
      "op_margin": 0.1897311265805694,
      "fcf_margin": 0.15566273231661942,
      "incr_op_margin_yoy": 0.6644612265811223,
      "rev_growth_yoy": -0.06583480361314849,
      "rev_growth_yoy_accel": 0.01464620990265382,
      "fcf_margin_change": -0.06185555457988351
    },
    {
      "date": "2023-12-31T00:00:00",
      "quarter_label": "2023-12 (Q4)",
      "revenue": 678848000,
      "gross_profit": 284938000,
      "operating_income": -11443000,
      "net_income": -21809000,
      "opex": 690291000,
      "cogs": 393910000,
      "rd": null,
      "sga": 196951000,
      "fcf": 65965000,
      "ocf": 72780000,
      "capex": -6815000,
      "gross_margin": 0.4197375553879514,
      "op_margin": -0.016856498067314037,
      "fcf_margin": 0.09717197369661544,
      "incr_op_margin_yoy": -1.330889971715814,
      "rev_growth_yoy": -0.2961804835565877,
      "rev_growth_yoy_accel": -0.23034567994343924,
      "op_leverage_ratio": 0.1948790907647162,
      "fcf_margin_change": -0.05849075862000398
    },
    {
      "date": "2024-03-31T00:00:00",
      "quarter_label": "2024-03 (Q1)",
      "revenue": 596461000,
      "gross_profit": 324885000,
      "operating_income": 110178000,
      "net_income": 45803000,
      "opex": 486283000,
      "cogs": 271576000,
      "rd": null,
      "sga": 188881000,
      "fcf": 144149000,
      "ocf": 150869000,
      "capex": -6720000,
      "gross_margin": 0.5446877499115617,
      "op_margin": 0.1847195374047926,
      "fcf_margin": 0.24167380599905108,
      "incr_op_margin_yoy": 0.5217628485940522,
      "rev_growth_yoy": -0.168634059379996,
      "rev_growth_yoy_accel": 0.1275464241765917,
      "fcf_margin_change": 0.14450183230243563
    },
    {
      "date": "2024-06-30T00:00:00",
      "quarter_label": "2024-06 (Q2)",
      "revenue": 625934000,
      "gross_profit": 345207000,
      "operating_income": 10788000,
      "net_income": -29234000,
      "opex": 615146000,
      "cogs": 280727000,
      "rd": null,
      "sga": 208176000,
      "fcf": 95165000,
      "ocf": 104403000,
      "capex": -9238000,
      "gross_margin": 0.5515070278975099,
      "op_margin": 0.01723504395032064,
      "fcf_margin": 0.15203679621174118,
      "incr_op_margin_yoy": 1.801210764033856,
      "rev_growth_yoy": -0.0776478424114537,
      "rev_growth_yoy_accel": 0.09098621696854231,
      "op_leverage_ratio": 0.18646749706330404,
      "fcf_margin_change": -0.0896370097873099
    },
    {
      "date": "2024-09-30T00:00:00",
      "quarter_label": "2024-09 (Q3)",
      "revenue": 599614000,
      "gross_profit": 311868000,
      "operating_income": 93653000,
      "net_income": 41382000,
      "opex": 505961000,
      "cogs": 287746000,
      "rd": null,
      "sga": 191622000,
      "fcf": 53941000,
      "ocf": 62235000,
      "capex": -8294000,
      "gross_margin": 0.5201146070638778,
      "op_margin": 0.1561888148041907,
      "fcf_margin": 0.08995954063781032,
      "incr_op_margin_yoy": 0.7283610069630423,
      "rev_growth_yoy": -0.05862275768736832,
      "rev_growth_yoy_accel": 0.01902508472408538,
      "fcf_margin_change": -0.06207725557393086
    },
    {
      "date": "2024-12-31T00:00:00",
      "quarter_label": "2024-12 (Q4)",
      "revenue": 599305000,
      "gross_profit": 306761000,
      "operating_income": -254219000,
      "net_income": -284497000,
      "opex": 853524000,
      "cogs": 292544000,
      "rd": null,
      "sga": 192650000,
      "fcf": 37585000,
      "ocf": 58108000,
      "capex": -20523000,
      "gross_margin": 0.5118612392688198,
      "op_margin": -0.4241896863867313,
      "fcf_margin": 0.06271431074327763,
      "incr_op_margin_yoy": 3.052135323032825,
      "rev_growth_yoy": -0.11717350570378052,
      "rev_growth_yoy_accel": -0.0585507480164122,
      "fcf_margin_change": -0.027245229894532694
    },
    {
      "date": "2025-03-31T00:00:00",
      "quarter_label": "2025-03 (Q1)",
      "revenue": 555233000,
      "gross_profit": 287887000,
      "operating_income": 64197000,
      "net_income": 18049000,
      "opex": 491036000,
      "cogs": 267346000,
      "rd": null,
      "sga": 197975000,
      "fcf": 94185000,
      "ocf": 108805000,
      "capex": -14620000,
      "gross_margin": 0.518497639729627,
      "op_margin": 0.11562172997642431,
      "fcf_margin": 0.16963148804195716,
      "incr_op_margin_yoy": 1.1152857281459203,
      "rev_growth_yoy": -0.06912103222172111,
      "rev_growth_yoy_accel": 0.048052473482059405,
      "fcf_margin_change": 0.10691717729867953
    },
    {
      "date": "2025-06-30T00:00:00",
      "quarter_label": "2025-06 (Q2)",
      "revenue": 600024000,
      "gross_profit": 316148000,
      "operating_income": 64469000,
      "net_income": 50289000,
      "opex": 535555000,
      "cogs": 283876000,
      "rd": null,
      "sga": 221704000,
      "fcf": 95741000,
      "ocf": 102791000,
      "capex": -7050000,
      "gross_margin": 0.5268922576430276,
      "op_margin": 0.10744403557191046,
      "fcf_margin": 0.15956195085529912,
      "incr_op_margin_yoy": -2.0718255499807023,
      "rev_growth_yoy": -0.0413941405962929,
      "rev_growth_yoy_accel": 0.027726891625428213,
      "op_leverage_ratio": 0.8897816009484935,
      "fcf_margin_change": -0.01006953718665804
    },
    {
      "date": "2025-09-30T00:00:00",
      "quarter_label": "2025-09 (Q3)",
      "revenue": 561741000,
      "gross_profit": 270666000,
      "operating_income": 55518000,
      "net_income": 76529000,
      "opex": 506223000,
      "cogs": 291075000,
      "rd": null,
      "sga": 189291000,
      "fcf": 41996000,
      "ocf": 44828000,
      "capex": -2832000,
      "gross_margin": 0.48183415488632664,
      "op_margin": 0.0988320240110656,
      "fcf_margin": 0.07476043229887083,
      "incr_op_margin_yoy": 1.006917857048557,
      "rev_growth_yoy": -0.0631623010803617,
      "rev_growth_yoy_accel": -0.021768160484068794,
      "fcf_margin_change": -0.08480151855642828
    }
  ],
  "signals": [
    {
      "quarter": "2025-09 (Q3)",
      "signal": "INCREMENTAL MARGIN (YoY)",
      "detail": "YoY Incr OPM: +100.7% vs year-ago OPM: +15.6%",
      "severity": "HIGH"
    },
    {
      "quarter": "2025-03 (Q1)",
      "signal": "FCF MARGIN EXPANSION",
      "detail": "FCF margin: +6.3% -> +17.0% (+10.7%)",
      "severity": "MEDIUM"
    },
    {
      "quarter": "2025-03 (Q1)",
      "signal": "INCREMENTAL MARGIN (YoY)",
      "detail": "YoY Incr OPM: +111.5% vs year-ago OPM: +18.5%",
      "severity": "HIGH"
    },
    {
      "quarter": "2025-03 (Q1)",
      "signal": "OP MARGIN TURNED POSITIVE (QoQ)",
      "detail": "Op margin: -42.4% -> +11.6%",
      "severity": "HIGH"
    },
    {
      "quarter": "2024-12 (Q4)",
      "signal": "YoY REVENUE GROWTH DECELERATION",
      "detail": "YoY growth: -11.7% vs prior quarter YoY: -5.9% (decel: -5.9%)",
      "severity": "WARNING"
    },
    {
      "quarter": "2024-09 (Q3)",
      "signal": "INCREMENTAL MARGIN (YoY)",
      "detail": "YoY Incr OPM: +72.8% vs year-ago OPM: +19.0%",
      "severity": "HIGH"
    },
    {
      "quarter": "2024-06 (Q2)",
      "signal": "YoY REVENUE GROWTH ACCELERATION",
      "detail": "YoY growth: -7.8% vs prior quarter YoY: -16.9% (accel: +9.1%)",
      "severity": "MEDIUM"
    },
    {
      "quarter": "2024-06 (Q2)",
      "signal": "INCREMENTAL MARGIN (YoY)",
      "detail": "YoY Incr OPM: +180.1% vs year-ago OPM: +15.6%",
      "severity": "HIGH"
    },
    {
      "quarter": "2024-03 (Q1)",
      "signal": "FCF MARGIN EXPANSION",
      "detail": "FCF margin: +9.7% -> +24.2% (+14.5%)",
      "severity": "MEDIUM"
    },
    {
      "quarter": "2024-03 (Q1)",
      "signal": "GROSS MARGIN INFLECTION",
      "detail": "GM: +55.3% -> +42.0% -> +54.5% (reversal +12.5%)",
      "severity": "HIGH"
    },
    {
      "quarter": "2024-03 (Q1)",
      "signal": "YoY REVENUE GROWTH ACCELERATION",
      "detail": "YoY growth: -16.9% vs prior quarter YoY: -29.6% (accel: +12.8%)",
      "severity": "MEDIUM"
    },
    {
      "quarter": "2024-03 (Q1)",
      "signal": "INCREMENTAL MARGIN (YoY)",
      "detail": "YoY Incr OPM: +52.2% vs year-ago OPM: +24.2%",
      "severity": "HIGH"
    },
    {
      "quarter": "2024-03 (Q1)",
      "signal": "OP MARGIN TURNED POSITIVE (QoQ)",
      "detail": "Op margin: -1.7% -> +18.5%",
      "severity": "HIGH"
    },
    {
      "quarter": "2023-12 (Q4)",
      "signal": "YoY REVENUE GROWTH DECELERATION",
      "detail": "YoY growth: -29.6% vs prior quarter YoY: -6.6% (decel: -23.0%)",
      "severity": "WARNING"
    },
    {
      "quarter": "2023-09 (Q3)",
      "signal": "GROSS MARGIN INFLECTION",
      "detail": "GM: +54.5% -> +52.6% -> +55.3% (reversal +2.7%)",
      "severity": "MEDIUM"
    },
    {
      "quarter": "2023-09 (Q3)",
      "signal": "INCREMENTAL MARGIN (YoY)",
      "detail": "YoY Incr OPM: +66.4% vs year-ago OPM: +22.1%",
      "severity": "HIGH"
    },
    {
      "quarter": "2023-06 (Q2)",
      "signal": "FCF TURNED POSITIVE",
      "detail": "FCF margin: -20.1% -> +21.8%",
      "severity": "HIGH"
    },
    {
      "quarter": "2023-06 (Q2)",
      "signal": "YoY REVENUE GROWTH DECELERATION",
      "detail": "YoY growth: -8.0% vs prior quarter YoY: +0.7% (decel: -8.8%)",
      "severity": "WARNING"
    },
    {
      "quarter": "2023-06 (Q2)",
      "signal": "INCREMENTAL MARGIN (YoY)",
      "detail": "YoY Incr OPM: +80.0% vs year-ago OPM: +20.8%",
      "severity": "HIGH"
    },
    {
      "quarter": "2023-03 (Q1)",
      "signal": "GROSS MARGIN INFLECTION",
      "detail": "GM: +57.0% -> +36.5% -> +54.5% (reversal +18.0%)",
      "severity": "HIGH"
    },
    {
      "quarter": "2023-03 (Q1)",
      "signal": "YoY REVENUE GROWTH DECELERATION",
      "detail": "YoY growth: +0.7% vs prior quarter YoY: +20.0% (decel: -19.3%)",
      "severity": "WARNING"
    },
    {
      "quarter": "2023-03 (Q1)",
      "signal": "OP MARGIN TURNED POSITIVE (QoQ)",
      "detail": "Op margin: -40.6% -> +24.2%",
      "severity": "HIGH"
    },
    {
      "quarter": "2022-12 (Q4)",
      "signal": "FCF MARGIN EXPANSION",
      "detail": "FCF margin: +1.1% -> +13.9% (+12.8%)",
      "severity": "MEDIUM"
    },
    {
      "quarter": "2022-12 (Q4)",
      "signal": "YoY REVENUE GROWTH ACCELERATION",
      "detail": "YoY growth: +20.0% vs prior quarter YoY: -15.9% (accel: +35.9%)",
      "severity": "HIGH"
    },
    {
      "quarter": "2022-09 (Q3)",
      "signal": "YoY REVENUE GROWTH DECELERATION",
      "detail": "YoY growth: -15.9% vs prior quarter YoY: -4.3% (decel: -11.6%)",
      "severity": "WARNING"
    },
    {
      "quarter": "2022-06 (Q2)",
      "signal": "FCF TURNED POSITIVE",
      "detail": "FCF margin: -4.9% -> +4.2%",
      "severity": "HIGH"
    },
    {
      "quarter": "2022-06 (Q2)",
      "signal": "YoY REVENUE GROWTH DECELERATION",
      "detail": "YoY growth: -4.3% vs prior quarter YoY: +3.0% (decel: -7.3%)",
      "severity": "WARNING"
    },
    {
      "quarter": "2022-03 (Q1)",
      "signal": "GROSS MARGIN INFLECTION",
      "detail": "GM: +53.3% -> +45.9% -> +60.1% (reversal +14.1%)",
      "severity": "HIGH"
    },
    {
      "quarter": "2021-12 (Q4)",
      "signal": "FCF TURNED POSITIVE",
      "detail": "FCF margin: -12.1% -> +10.8%",
      "severity": "HIGH"
    }
  ],
  "data_quality": {
    "n_quarters": 20,
    "coverage": {
      "revenue": [
        20,
        20
      ],
      "gross_profit": [
        20,
        20
      ],
      "op_income": [
        20,
        20
      ],
      "fcf": [
        20,
        20
      ]
    },
    "gaps": [],
    "warnings": []
  },
  "market_cap": null,
  "source": "SEC EDGAR",
  "last_updated": "2026-02-02T22:41:32.004371"
}