{
  "ticker": "AMD",
  "name": "ADVANCED MICRO DEVICES, INC.",
  "quarters": [
    {
      "date": "2020-12-26T00:00:00",
      "quarter_label": "2020-12 (Q4)",
      "revenue": 3244000000,
      "gross_profit": 1451000000,
      "operating_income": 570000000,
      "net_income": 1781000000,
      "opex": 881000000,
      "cogs": 1793000000,
      "rd": 573000000,
      "sga": 308000000,
      "fcf": 480000000,
      "ocf": 554000000,
      "capex": -74000000,
      "gross_margin": 0.4472872996300863,
      "op_margin": 0.17570900123304561,
      "fcf_margin": 0.14796547472256474
    },
    {
      "date": "2021-03-27T00:00:00",
      "quarter_label": "2021-03 (Q1)",
      "revenue": 3445000000,
      "gross_profit": 1587000000,
      "operating_income": 662000000,
      "net_income": 555000000,
      "opex": 925000000,
      "cogs": 1858000000,
      "rd": 610000000,
      "sga": 319000000,
      "fcf": 832000000,
      "ocf": 898000000,
      "capex": -66000000,
      "gross_margin": 0.4606676342525399,
      "op_margin": 0.19216255442670538,
      "fcf_margin": 0.24150943396226415,
      "op_leverage_ratio": 1.2406190449501178,
      "fcf_margin_change": 0.09354395923969941
    },
    {
      "date": "2021-06-26T00:00:00",
      "quarter_label": "2021-06 (Q2)",
      "revenue": 3850000000,
      "gross_profit": 1830000000,
      "operating_income": 831000000,
      "net_income": 710000000,
      "opex": 999000000,
      "cogs": 2020000000,
      "rd": 659000000,
      "sga": 341000000,
      "fcf": 888000000,
      "ocf": 952000000,
      "capex": -64000000,
      "gross_margin": 0.4753246753246753,
      "op_margin": 0.21584415584415584,
      "fcf_margin": 0.23064935064935066,
      "op_leverage_ratio": 1.469521044992743,
      "fcf_margin_change": -0.010860083312913493
    },
    {
      "date": "2021-09-25T00:00:00",
      "quarter_label": "2021-09 (Q3)",
      "revenue": 4313000000,
      "gross_profit": 2086000000,
      "operating_income": 948000000,
      "net_income": 923000000,
      "opex": 1138000000,
      "cogs": 2227000000,
      "rd": 765000000,
      "sga": 376000000,
      "fcf": 764000000,
      "ocf": 849000000,
      "capex": -85000000,
      "gross_margin": 0.48365406909343844,
      "op_margin": 0.21980060282865754,
      "fcf_margin": 0.17713888244841178,
      "op_leverage_ratio": 0.8643128094926656,
      "fcf_margin_change": -0.05351046820093888
    },
    {
      "date": "2021-12-25T00:00:00",
      "quarter_label": "2021-12 (Q4)",
      "revenue": 4826000000,
      "gross_profit": 2426000000,
      "operating_income": 1207000000,
      "net_income": 974000000,
      "opex": 1219000000,
      "cogs": 2400000000,
      "rd": 811000000,
      "sga": 412000000,
      "fcf": 736000000,
      "ocf": 822000000,
      "capex": -86000000,
      "gross_margin": 0.5026937422295897,
      "op_margin": 0.25010360547036886,
      "fcf_margin": 0.1525072523829258,
      "incr_op_margin_yoy": 0.4026548672566372,
      "rev_growth_yoy": 0.4876695437731196,
      "op_leverage_ratio": 1.6710719530102789,
      "fcf_margin_change": -0.024631630065485965
    },
    {
      "date": "2022-03-26T00:00:00",
      "quarter_label": "2022-03 (Q1)",
      "revenue": 5887000000,
      "gross_profit": 2818000000,
      "operating_income": 951000000,
      "net_income": 786000000,
      "opex": 1867000000,
      "cogs": 3069000000,
      "rd": 1060000000,
      "sga": 597000000,
      "fcf": 924000000,
      "ocf": 995000000,
      "capex": -71000000,
      "gross_margin": 0.4786818413453372,
      "op_margin": 0.16154238151860031,
      "fcf_margin": 0.15695600475624258,
      "incr_op_margin_yoy": 0.11834561834561834,
      "rev_growth_yoy": 0.7088534107402031,
      "rev_growth_yoy_accel": 0.22118386696708353,
      "op_leverage_ratio": 0.4135773689838478,
      "fcf_margin_change": 0.004448752373316767
    },
    {
      "date": "2022-06-25T00:00:00",
      "quarter_label": "2022-06 (Q2)",
      "revenue": 6550000000,
      "gross_profit": 3028000000,
      "operating_income": 526000000,
      "net_income": 447000000,
      "opex": 2502000000,
      "cogs": 3522000000,
      "rd": 1300000000,
      "sga": 592000000,
      "fcf": 906000000,
      "ocf": 1038000000,
      "capex": -132000000,
      "gross_margin": 0.4622900763358779,
      "op_margin": 0.08030534351145038,
      "fcf_margin": 0.1383206106870229,
      "incr_op_margin_yoy": -0.11296296296296296,
      "rev_growth_yoy": 0.7012987012987013,
      "rev_growth_yoy_accel": -0.007554709441501828,
      "op_leverage_ratio": 0.3311235619923253,
      "fcf_margin_change": -0.018635394069219685
    },
    {
      "date": "2022-09-24T00:00:00",
      "quarter_label": "2022-09 (Q3)",
      "revenue": 5565000000,
      "gross_profit": 2354000000,
      "operating_income": -64000000,
      "net_income": 66000000,
      "opex": 2418000000,
      "cogs": 3211000000,
      "rd": 1279000000,
      "sga": 557000000,
      "fcf": 842000000,
      "ocf": 965000000,
      "capex": -123000000,
      "gross_margin": 0.4230008984725966,
      "op_margin": -0.011500449236298293,
      "fcf_margin": 0.15130278526504942,
      "incr_op_margin_yoy": -0.8083067092651757,
      "rev_growth_yoy": 0.2902851843264549,
      "rev_growth_yoy_accel": -0.4110135169722464,
      "fcf_margin_change": 0.012982174578026529
    },
    {
      "date": "2022-12-31T00:00:00",
      "quarter_label": "2022-12 (Q4)",
      "revenue": 5599000000,
      "gross_profit": 2403000000,
      "operating_income": -149000000,
      "net_income": 21000000,
      "opex": 2552000000,
      "cogs": 3196000000,
      "rd": 1366000000,
      "sga": 590000000,
      "fcf": 443000000,
      "ocf": 567000000,
      "capex": -124000000,
      "gross_margin": 0.42918378281836045,
      "op_margin": -0.02661189498124665,
      "fcf_margin": 0.07912127165565279,
      "incr_op_margin_yoy": -1.7542043984476068,
      "rev_growth_yoy": 0.16017405719021965,
      "rev_growth_yoy_accel": -0.13011112713623524,
      "fcf_margin_change": -0.07218151360939663
    },
    {
      "date": "2023-04-01T00:00:00",
      "quarter_label": "2023-04 (Q2)",
      "revenue": 5353000000,
      "gross_profit": 2359000000,
      "operating_income": -145000000,
      "net_income": -139000000,
      "opex": 2504000000,
      "cogs": 2994000000,
      "rd": 1411000000,
      "sga": 585000000,
      "fcf": 328000000,
      "ocf": 486000000,
      "capex": -158000000,
      "gross_margin": 0.4406874649729124,
      "op_margin": -0.02708761442181954,
      "fcf_margin": 0.061274051933495235,
      "incr_op_margin_yoy": 2.052434456928839,
      "rev_growth_yoy": -0.09070834041107526,
      "rev_growth_yoy_accel": -0.25088239760129494,
      "fcf_margin_change": -0.017847219722157553
    },
    {
      "date": "2023-07-01T00:00:00",
      "quarter_label": "2023-07 (Q3)",
      "revenue": 5359000000,
      "gross_profit": 2443000000,
      "operating_income": -20000000,
      "net_income": 27000000,
      "opex": 2463000000,
      "cogs": 2916000000,
      "rd": 1443000000,
      "sga": 547000000,
      "fcf": 254000000,
      "ocf": 379000000,
      "capex": -125000000,
      "gross_margin": 0.4558686322075014,
      "op_margin": -0.003732039559619332,
      "fcf_margin": 0.047396902407165514,
      "incr_op_margin_yoy": 0.45843828715365237,
      "rev_growth_yoy": -0.18183206106870228,
      "rev_growth_yoy_accel": -0.09112372065762703,
      "fcf_margin_change": -0.013877149526329721
    },
    {
      "date": "2023-09-30T00:00:00",
      "quarter_label": "2023-09 (Q3)",
      "revenue": 5800000000,
      "gross_profit": 2747000000,
      "operating_income": 224000000,
      "net_income": 299000000,
      "opex": 2523000000,
      "cogs": 3053000000,
      "rd": 1507000000,
      "sga": 576000000,
      "fcf": 297000000,
      "ocf": 421000000,
      "capex": -124000000,
      "gross_margin": 0.4736206896551724,
      "op_margin": 0.038620689655172416,
      "fcf_margin": 0.05120689655172414,
      "incr_op_margin_yoy": 1.225531914893617,
      "rev_growth_yoy": 0.042228212039532795,
      "rev_growth_yoy_accel": 0.22406027310823506,
      "op_leverage_ratio": 3.378064937488338,
      "fcf_margin_change": 0.003809994144558626
    },
    {
      "date": "2023-12-30T00:00:00",
      "quarter_label": "2023-12 (Q4)",
      "revenue": 6168000000,
      "gross_profit": 2911000000,
      "operating_income": 342000000,
      "net_income": 667000000,
      "opex": 2569000000,
      "cogs": 3257000000,
      "rd": 1511000000,
      "sga": 644000000,
      "fcf": 242000000,
      "ocf": 381000000,
      "capex": -139000000,
      "gross_margin": 0.4719520103761349,
      "op_margin": 0.05544747081712062,
      "fcf_margin": 0.039234760051880674,
      "incr_op_margin_yoy": 0.8629173989455184,
      "rev_growth_yoy": 0.10162529023039829,
      "rev_growth_yoy_accel": 0.059397078190865496,
      "op_leverage_ratio": 3.4800000000000004,
      "fcf_margin_change": -0.011972136499843467
    },
    {
      "date": "2024-03-30T00:00:00",
      "quarter_label": "2024-03 (Q1)",
      "revenue": 5473000000,
      "gross_profit": 2560000000,
      "operating_income": 36000000,
      "net_income": 123000000,
      "opex": 2524000000,
      "cogs": 2913000000,
      "rd": 1525000000,
      "sga": 620000000,
      "fcf": 379000000,
      "ocf": 521000000,
      "capex": -142000000,
      "gross_margin": 0.46775077653937513,
      "op_margin": 0.006577745295084963,
      "fcf_margin": 0.0692490407454778,
      "incr_op_margin_yoy": 1.5083333333333333,
      "rev_growth_yoy": 0.022417336073229963,
      "rev_growth_yoy_accel": -0.07920795415716833,
      "fcf_margin_change": 0.03001428069359713
    },
    {
      "date": "2024-06-29T00:00:00",
      "quarter_label": "2024-06 (Q2)",
      "revenue": 5835000000,
      "gross_profit": 2864000000,
      "operating_income": 269000000,
      "net_income": 265000000,
      "opex": 2595000000,
      "cogs": 2971000000,
      "rd": 1583000000,
      "sga": 650000000,
      "fcf": 439000000,
      "ocf": 593000000,
      "capex": -154000000,
      "gross_margin": 0.4908311910882605,
      "op_margin": 0.04610111396743787,
      "fcf_margin": 0.07523564695801199,
      "incr_op_margin_yoy": 0.6071428571428571,
      "rev_growth_yoy": 0.0888225415189401,
      "rev_growth_yoy_accel": 0.06640520544571014,
      "op_leverage_ratio": 2.3513329198652544,
      "fcf_margin_change": 0.00598660621253419
    },
    {
      "date": "2024-09-28T00:00:00",
      "quarter_label": "2024-09 (Q3)",
      "revenue": 6819000000,
      "gross_profit": 3419000000,
      "operating_income": 724000000,
      "net_income": 771000000,
      "opex": 2695000000,
      "cogs": 3400000000,
      "rd": 1636000000,
      "sga": 721000000,
      "fcf": 496000000,
      "ocf": 628000000,
      "capex": -132000000,
      "gross_margin": 0.5013931661533949,
      "op_margin": 0.1061739257955712,
      "fcf_margin": 0.07273793811409297,
      "incr_op_margin_yoy": 0.49067713444553485,
      "rev_growth_yoy": 0.1756896551724138,
      "rev_growth_yoy_accel": 0.0868671136534737,
      "op_leverage_ratio": 4.376143958868895,
      "fcf_margin_change": -0.0024977088439190193
    },
    {
      "date": "2024-12-28T00:00:00",
      "quarter_label": "2024-12 (Q4)",
      "revenue": 7658000000,
      "gross_profit": 3882000000,
      "operating_income": 871000000,
      "net_income": 482000000,
      "opex": 3011000000,
      "cogs": 3776000000,
      "rd": 1712000000,
      "sga": 792000000,
      "fcf": 1091000000,
      "ocf": 1299000000,
      "capex": -208000000,
      "gross_margin": 0.5069208670671194,
      "op_margin": 0.11373726821624446,
      "fcf_margin": 0.1424653956646644,
      "incr_op_margin_yoy": 0.35503355704697986,
      "rev_growth_yoy": 0.24156939040207523,
      "rev_growth_yoy_accel": 0.06587973522966142,
      "op_leverage_ratio": 1.049332097025994,
      "fcf_margin_change": 0.06972745755057143
    },
    {
      "date": "2025-03-29T00:00:00",
      "quarter_label": "2025-03 (Q1)",
      "revenue": 7438000000,
      "gross_profit": 3736000000,
      "operating_income": 806000000,
      "net_income": 709000000,
      "opex": 2930000000,
      "cogs": 3702000000,
      "rd": 1728000000,
      "sga": 886000000,
      "fcf": 727000000,
      "ocf": 939000000,
      "capex": -212000000,
      "gross_margin": 0.5022855606345792,
      "op_margin": 0.10836246302769562,
      "fcf_margin": 0.09774132831406292,
      "incr_op_margin_yoy": 0.39185750636132316,
      "rev_growth_yoy": 0.35903526402338753,
      "rev_growth_yoy_accel": 0.1174658736213123,
      "fcf_margin_change": -0.044724067350601485
    },
    {
      "date": "2025-06-28T00:00:00",
      "quarter_label": "2025-06 (Q2)",
      "revenue": 7685000000,
      "gross_profit": 3059000000,
      "operating_income": -134000000,
      "net_income": 872000000,
      "opex": 3193000000,
      "cogs": 4626000000,
      "rd": 1894000000,
      "sga": 991000000,
      "fcf": 1729000000,
      "ocf": 2011000000,
      "capex": -282000000,
      "gross_margin": 0.39804814573845154,
      "op_margin": -0.017436564736499675,
      "fcf_margin": 0.22498373454782042,
      "incr_op_margin_yoy": -0.21783783783783783,
      "rev_growth_yoy": 0.3170522707797772,
      "rev_growth_yoy_accel": -0.04198299324361032,
      "op_leverage_ratio": 0.36995819433041915,
      "fcf_margin_change": 0.1272424062337575
    },
    {
      "date": "2025-09-27T00:00:00",
      "quarter_label": "2025-09 (Q3)",
      "revenue": 9246000000,
      "gross_profit": 4780000000,
      "operating_income": 1270000000,
      "net_income": 1243000000,
      "opex": 3510000000,
      "cogs": 4466000000,
      "rd": 2139000000,
      "sga": 1069000000,
      "fcf": 1901000000,
      "ocf": 2159000000,
      "capex": -258000000,
      "gross_margin": 0.5169803158122431,
      "op_margin": 0.13735669478693488,
      "fcf_margin": 0.20560242266926237,
      "incr_op_margin_yoy": 0.2249690976514215,
      "rev_growth_yoy": 0.355917289925209,
      "rev_growth_yoy_accel": 0.03886501914543178,
      "op_leverage_ratio": 2.04596729669211,
      "fcf_margin_change": -0.019381311878558044
    }
  ],
  "signals": [
    {
      "quarter": "2025-09 (Q3)",
      "signal": "OPERATING LEVERAGE",
      "detail": "Rev growth +20.3% vs OpEx growth +9.9% (leverage: 2.0x)",
      "severity": "MEDIUM"
    },
    {
      "quarter": "2025-09 (Q3)",
      "signal": "GROSS MARGIN INFLECTION",
      "detail": "GM: +50.2% -> +39.8% -> +51.7% (reversal +11.9%)",
      "severity": "HIGH"
    },
    {
      "quarter": "2025-09 (Q3)",
      "signal": "INCREMENTAL MARGIN (YoY)",
      "detail": "YoY Incr OPM: +22.5% vs year-ago OPM: +10.6%",
      "severity": "MEDIUM"
    },
    {
      "quarter": "2025-09 (Q3)",
      "signal": "OP MARGIN TURNED POSITIVE (QoQ)",
      "detail": "Op margin: -1.7% -> +13.7%",
      "severity": "HIGH"
    },
    {
      "quarter": "2025-06 (Q2)",
      "signal": "FCF MARGIN EXPANSION",
      "detail": "FCF margin: +9.8% -> +22.5% (+12.7%)",
      "severity": "MEDIUM"
    },
    {
      "quarter": "2025-03 (Q1)",
      "signal": "YoY REVENUE GROWTH ACCELERATION",
      "detail": "YoY growth: +35.9% vs prior quarter YoY: +24.2% (accel: +11.7%)",
      "severity": "MEDIUM"
    },
    {
      "quarter": "2025-03 (Q1)",
      "signal": "INCREMENTAL MARGIN (YoY)",
      "detail": "YoY Incr OPM: +39.2% vs year-ago OPM: +0.7%",
      "severity": "HIGH"
    },
    {
      "quarter": "2024-12 (Q4)",
      "signal": "FCF MARGIN EXPANSION",
      "detail": "FCF margin: +7.3% -> +14.2% (+7.0%)",
      "severity": "MEDIUM"
    },
    {
      "quarter": "2024-12 (Q4)",
      "signal": "YoY REVENUE GROWTH ACCELERATION",
      "detail": "YoY growth: +24.2% vs prior quarter YoY: +17.6% (accel: +6.6%)",
      "severity": "MEDIUM"
    },
    {
      "quarter": "2024-12 (Q4)",
      "signal": "INCREMENTAL MARGIN (YoY)",
      "detail": "YoY Incr OPM: +35.5% vs year-ago OPM: +5.5%",
      "severity": "HIGH"
    },
    {
      "quarter": "2024-09 (Q3)",
      "signal": "OPERATING LEVERAGE",
      "detail": "Rev growth +16.9% vs OpEx growth +3.9% (leverage: 4.4x)",
      "severity": "MEDIUM"
    },
    {
      "quarter": "2024-09 (Q3)",
      "signal": "YoY REVENUE GROWTH ACCELERATION",
      "detail": "YoY growth: +17.6% vs prior quarter YoY: +8.9% (accel: +8.7%)",
      "severity": "MEDIUM"
    },
    {
      "quarter": "2024-09 (Q3)",
      "signal": "INCREMENTAL MARGIN (YoY)",
      "detail": "YoY Incr OPM: +49.1% vs year-ago OPM: +3.9%",
      "severity": "HIGH"
    },
    {
      "quarter": "2024-06 (Q2)",
      "signal": "OPERATING LEVERAGE",
      "detail": "Rev growth +6.6% vs OpEx growth +2.8% (leverage: 2.4x)",
      "severity": "MEDIUM"
    },
    {
      "quarter": "2024-06 (Q2)",
      "signal": "GROSS MARGIN INFLECTION",
      "detail": "GM: +47.2% -> +46.8% -> +49.1% (reversal +2.3%)",
      "severity": "MEDIUM"
    },
    {
      "quarter": "2024-06 (Q2)",
      "signal": "YoY REVENUE GROWTH ACCELERATION",
      "detail": "YoY growth: +8.9% vs prior quarter YoY: +2.2% (accel: +6.6%)",
      "severity": "MEDIUM"
    },
    {
      "quarter": "2024-06 (Q2)",
      "signal": "OP MARGIN TURNED POSITIVE (YoY)",
      "detail": "Op margin: -0.4% (year-ago) -> +4.6%",
      "severity": "HIGH"
    },
    {
      "quarter": "2024-03 (Q1)",
      "signal": "YoY REVENUE GROWTH DECELERATION",
      "detail": "YoY growth: +2.2% vs prior quarter YoY: +10.2% (decel: -7.9%)",
      "severity": "WARNING"
    },
    {
      "quarter": "2024-03 (Q1)",
      "signal": "OP MARGIN TURNED POSITIVE (YoY)",
      "detail": "Op margin: -2.7% (year-ago) -> +0.7%",
      "severity": "HIGH"
    },
    {
      "quarter": "2023-12 (Q4)",
      "signal": "OPERATING LEVERAGE",
      "detail": "Rev growth +6.3% vs OpEx growth +1.8% (leverage: 3.5x)",
      "severity": "MEDIUM"
    },
    {
      "quarter": "2023-12 (Q4)",
      "signal": "YoY REVENUE GROWTH ACCELERATION",
      "detail": "YoY growth: +10.2% vs prior quarter YoY: +4.2% (accel: +5.9%)",
      "severity": "MEDIUM"
    },
    {
      "quarter": "2023-12 (Q4)",
      "signal": "OP MARGIN TURNED POSITIVE (YoY)",
      "detail": "Op margin: -2.7% (year-ago) -> +5.5%",
      "severity": "HIGH"
    },
    {
      "quarter": "2023-09 (Q3)",
      "signal": "OPERATING LEVERAGE",
      "detail": "Rev growth +8.2% vs OpEx growth +2.4% (leverage: 3.4x)",
      "severity": "MEDIUM"
    },
    {
      "quarter": "2023-09 (Q3)",
      "signal": "YoY REVENUE GROWTH ACCELERATION",
      "detail": "YoY growth: +4.2% vs prior quarter YoY: -18.2% (accel: +22.4%)",
      "severity": "HIGH"
    },
    {
      "quarter": "2023-09 (Q3)",
      "signal": "OP MARGIN TURNED POSITIVE (YoY)",
      "detail": "Op margin: -1.2% (year-ago) -> +3.9%",
      "severity": "HIGH"
    },
    {
      "quarter": "2023-09 (Q3)",
      "signal": "OP MARGIN TURNED POSITIVE (QoQ)",
      "detail": "Op margin: -0.4% -> +3.9%",
      "severity": "HIGH"
    },
    {
      "quarter": "2023-07 (Q3)",
      "signal": "YoY REVENUE GROWTH DECELERATION",
      "detail": "YoY growth: -18.2% vs prior quarter YoY: -9.1% (decel: -9.1%)",
      "severity": "WARNING"
    },
    {
      "quarter": "2023-04 (Q2)",
      "signal": "YoY REVENUE GROWTH DECELERATION",
      "detail": "YoY growth: -9.1% vs prior quarter YoY: +16.0% (decel: -25.1%)",
      "severity": "WARNING"
    },
    {
      "quarter": "2022-12 (Q4)",
      "signal": "YoY REVENUE GROWTH DECELERATION",
      "detail": "YoY growth: +16.0% vs prior quarter YoY: +29.0% (decel: -13.0%)",
      "severity": "WARNING"
    },
    {
      "quarter": "2022-09 (Q3)",
      "signal": "YoY REVENUE GROWTH DECELERATION",
      "detail": "YoY growth: +29.0% vs prior quarter YoY: +70.1% (decel: -41.1%)",
      "severity": "WARNING"
    },
    {
      "quarter": "2022-03 (Q1)",
      "signal": "YoY REVENUE GROWTH ACCELERATION",
      "detail": "YoY growth: +70.9% vs prior quarter YoY: +48.8% (accel: +22.1%)",
      "severity": "HIGH"
    },
    {
      "quarter": "2021-12 (Q4)",
      "signal": "OPERATING LEVERAGE",
      "detail": "Rev growth +11.9% vs OpEx growth +7.1% (leverage: 1.7x)",
      "severity": "MEDIUM"
    },
    {
      "quarter": "2021-12 (Q4)",
      "signal": "INCREMENTAL MARGIN (YoY)",
      "detail": "YoY Incr OPM: +40.3% vs year-ago OPM: +17.6%",
      "severity": "HIGH"
    },
    {
      "quarter": "2021-03 (Q1)",
      "signal": "FCF MARGIN EXPANSION",
      "detail": "FCF margin: +14.8% -> +24.2% (+9.4%)",
      "severity": "MEDIUM"
    }
  ],
  "data_quality": {
    "n_quarters": 20,
    "coverage": {
      "revenue": [
        20,
        20
      ],
      "gross_profit": [
        20,
        20
      ],
      "op_income": [
        20,
        20
      ],
      "fcf": [
        20,
        20
      ]
    },
    "gaps": [],
    "warnings": []
  },
  "market_cap": null,
  "source": "SEC EDGAR",
  "last_updated": "2026-02-02T19:46:05.084557"
}