{
  "ticker": "AME",
  "name": "AMETEK, Inc.",
  "quarters": [
    {
      "date": "2020-12-31T00:00:00",
      "quarter_label": "2020-12 (Q4)",
      "revenue": 1198947000,
      "gross_profit": 428979000,
      "operating_income": 298113000,
      "net_income": 221025000,
      "opex": 900834000,
      "cogs": 769968000,
      "rd": null,
      "sga": 130866000,
      "fcf": 348847000,
      "ocf": 385882000,
      "capex": -37035000,
      "gross_margin": 0.3577964663992654,
      "op_margin": 0.2486456865899827,
      "fcf_margin": 0.2909611517439887
    },
    {
      "date": "2021-03-31T00:00:00",
      "quarter_label": "2021-03 (Q1)",
      "revenue": 1215742000,
      "gross_profit": 426350000,
      "operating_income": 293345000,
      "net_income": 219233000,
      "opex": 922397000,
      "cogs": 789392000,
      "rd": null,
      "sga": 133005000,
      "fcf": 266870000,
      "ocf": 284407000,
      "capex": -17537000,
      "gross_margin": 0.35069118283319983,
      "op_margin": 0.2412888589848833,
      "fcf_margin": 0.21951203462576763,
      "op_leverage_ratio": 0.5852152155878699,
      "fcf_margin_change": -0.07144911711822105
    },
    {
      "date": "2021-06-30T00:00:00",
      "quarter_label": "2021-06 (Q2)",
      "revenue": 1386346000,
      "gross_profit": 473634000,
      "operating_income": 316611000,
      "net_income": 231679000,
      "opex": 1069735000,
      "cogs": 912712000,
      "rd": null,
      "sga": 157023000,
      "fcf": 263568000,
      "ocf": 287036000,
      "capex": -23468000,
      "gross_margin": 0.34164198547837266,
      "op_margin": 0.22837805280932755,
      "fcf_margin": 0.19011704148892122,
      "op_leverage_ratio": 0.8785184779333436,
      "fcf_margin_change": -0.029394993136846403
    },
    {
      "date": "2021-09-30T00:00:00",
      "quarter_label": "2021-09 (Q3)",
      "revenue": 1440681000,
      "gross_profit": 491279000,
      "operating_income": 337563000,
      "net_income": 257460000,
      "opex": 1103118000,
      "cogs": 949402000,
      "rd": null,
      "sga": 153716000,
      "fcf": 280893000,
      "ocf": 307117000,
      "capex": -26224000,
      "gross_margin": 0.3410047054136204,
      "op_margin": 0.2343079418691577,
      "fcf_margin": 0.1949723776464047,
      "op_leverage_ratio": 1.2559110475572952,
      "fcf_margin_change": 0.004855336157483486
    },
    {
      "date": "2021-12-31T00:00:00",
      "quarter_label": "2021-12 (Q4)",
      "revenue": 1503745000,
      "gross_profit": 521351000,
      "operating_income": 361151000,
      "net_income": 281681000,
      "opex": 1142594000,
      "cogs": 982394000,
      "rd": null,
      "sga": 160200000,
      "fcf": 238455000,
      "ocf": 281897000,
      "capex": -43442000,
      "gross_margin": 0.3467017346691095,
      "op_margin": 0.24016771460586736,
      "fcf_margin": 0.1585740933469438,
      "incr_op_margin_yoy": 0.2068189423815117,
      "rev_growth_yoy": 0.2542214126229099,
      "op_leverage_ratio": 1.2232142049337176,
      "fcf_margin_change": -0.036398284299460903
    },
    {
      "date": "2022-03-31T00:00:00",
      "quarter_label": "2022-03 (Q1)",
      "revenue": 1458525000,
      "gross_profit": 509692000,
      "operating_income": 353240000,
      "net_income": 272447000,
      "opex": 1105285000,
      "cogs": 948833000,
      "rd": null,
      "sga": 156452000,
      "fcf": 174952000,
      "ocf": 201341000,
      "capex": -26389000,
      "gross_margin": 0.3494571570593579,
      "op_margin": 0.24218988361529628,
      "fcf_margin": 0.1199513206835673,
      "incr_op_margin_yoy": 0.24670178719267824,
      "rev_growth_yoy": 0.19969944280941188,
      "rev_growth_yoy_accel": -0.05452196981349805,
      "fcf_margin_change": -0.038622772663376506
    },
    {
      "date": "2022-06-30T00:00:00",
      "quarter_label": "2022-06 (Q2)",
      "revenue": 1514552000,
      "gross_profit": 526377000,
      "operating_income": 364842000,
      "net_income": 282373000,
      "opex": 1149710000,
      "cogs": 988175000,
      "rd": null,
      "sga": 161535000,
      "fcf": 209745000,
      "ocf": 235896000,
      "capex": -26151000,
      "gross_margin": 0.3475463371346775,
      "op_margin": 0.2408910357650315,
      "fcf_margin": 0.13848649633687057,
      "incr_op_margin_yoy": 0.37619924184515546,
      "rev_growth_yoy": 0.09247763545319855,
      "rev_growth_yoy_accel": -0.10722180735621333,
      "op_leverage_ratio": 0.9557192434594438,
      "fcf_margin_change": 0.018535175653303274
    },
    {
      "date": "2022-09-30T00:00:00",
      "quarter_label": "2022-09 (Q3)",
      "revenue": 1551786000,
      "gross_profit": 547190000,
      "operating_income": 384520000,
      "net_income": 297641000,
      "opex": 1167266000,
      "cogs": 1004596000,
      "rd": null,
      "sga": 162670000,
      "fcf": 298832000,
      "ocf": 327121000,
      "capex": -28289000,
      "gross_margin": 0.3526194977915769,
      "op_margin": 0.24779189914073205,
      "fcf_margin": 0.19257294498081565,
      "incr_op_margin_yoy": 0.42263624499347463,
      "rev_growth_yoy": 0.07711977877128941,
      "rev_growth_yoy_accel": -0.015357856681909143,
      "op_leverage_ratio": 1.6099717005197547,
      "fcf_margin_change": 0.05408644864394507
    },
    {
      "date": "2022-12-31T00:00:00",
      "quarter_label": "2022-12 (Q4)",
      "revenue": 1625667000,
      "gross_profit": 562010000,
      "operating_income": 398090000,
      "net_income": 307081000,
      "opex": 1227577000,
      "cogs": 1063657000,
      "rd": null,
      "sga": 163920000,
      "fcf": 326839000,
      "ocf": 385015000,
      "capex": -58176000,
      "gross_margin": 0.34571040686684296,
      "op_margin": 0.24487794855896072,
      "fcf_margin": 0.20104916935633188,
      "incr_op_margin_yoy": 0.3029723921851676,
      "rev_growth_yoy": 0.08107890633052811,
      "rev_growth_yoy_accel": 0.003959127559238704,
      "op_leverage_ratio": 0.921455235356462,
      "fcf_margin_change": 0.008476224375516234
    },
    {
      "date": "2023-03-31T00:00:00",
      "quarter_label": "2023-03 (Q1)",
      "revenue": 1597117000,
      "gross_profit": 574592000,
      "operating_income": 405541000,
      "net_income": 305712000,
      "opex": 1191576000,
      "cogs": 1022525000,
      "rd": null,
      "sga": 169051000,
      "fcf": 366530000,
      "ocf": 386536000,
      "capex": -20006000,
      "gross_margin": 0.3597682574288546,
      "op_margin": 0.25392065828614935,
      "fcf_margin": 0.22949477089029796,
      "incr_op_margin_yoy": 0.3773738743939044,
      "rev_growth_yoy": 0.09502202567662536,
      "rev_growth_yoy_accel": 0.013943119346097252,
      "fcf_margin_change": 0.02844560153396608
    },
    {
      "date": "2023-06-30T00:00:00",
      "quarter_label": "2023-06 (Q2)",
      "revenue": 1646111000,
      "gross_profit": 592921000,
      "operating_income": 418791000,
      "net_income": 324242000,
      "opex": 1227320000,
      "cogs": 1053190000,
      "rd": null,
      "sga": 174130000,
      "fcf": 307418000,
      "ocf": 335247000,
      "capex": -27829000,
      "gross_margin": 0.3601950293752973,
      "op_margin": 0.25441236951821594,
      "fcf_margin": 0.1867541131794879,
      "incr_op_margin_yoy": 0.41007456730440334,
      "rev_growth_yoy": 0.08686331007453028,
      "rev_growth_yoy_accel": -0.008158715602095079,
      "op_leverage_ratio": 1.022644675132285,
      "fcf_margin_change": -0.042740657710810065
    },
    {
      "date": "2023-09-30T00:00:00",
      "quarter_label": "2023-09 (Q3)",
      "revenue": 1622837000,
      "gross_profit": 601917000,
      "operating_income": 438135000,
      "net_income": 340370000,
      "opex": 1184702000,
      "cogs": 1020920000,
      "rd": null,
      "sga": 163782000,
      "fcf": 444185000,
      "ocf": 472856000,
      "capex": -28671000,
      "gross_margin": 0.37090416351118444,
      "op_margin": 0.2699809038122744,
      "fcf_margin": 0.27370894304233884,
      "incr_op_margin_yoy": 0.7545988093059914,
      "rev_growth_yoy": 0.04578659686322727,
      "rev_growth_yoy_accel": -0.04107671321130301,
      "fcf_margin_change": 0.08695482986285094
    },
    {
      "date": "2023-12-31T00:00:00",
      "quarter_label": "2023-12 (Q4)",
      "revenue": 1730885000,
      "gross_profit": 615035000,
      "operating_income": 444992000,
      "net_income": 342864000,
      "opex": 1285893000,
      "cogs": 1115850000,
      "rd": null,
      "sga": 170043000,
      "fcf": 480914000,
      "ocf": 540657000,
      "capex": -59743000,
      "gross_margin": 0.35532978794085107,
      "op_margin": 0.2570892924717702,
      "fcf_margin": 0.27784283762352785,
      "incr_op_margin_yoy": 0.4457602311391587,
      "rev_growth_yoy": 0.06472297217080743,
      "rev_growth_yoy_accel": 0.018936375307580154,
      "op_leverage_ratio": 0.7794873388432901,
      "fcf_margin_change": 0.004133894581189013
    },
    {
      "date": "2024-03-31T00:00:00",
      "quarter_label": "2024-03 (Q1)",
      "revenue": 1736180000,
      "gross_profit": 591499000,
      "operating_income": 417216000,
      "net_income": 310943000,
      "opex": 1318964000,
      "cogs": 1144681000,
      "rd": null,
      "sga": 174283000,
      "fcf": 382575000,
      "ocf": 410227000,
      "capex": -27652000,
      "gross_margin": 0.34068990542455274,
      "op_margin": 0.2403068806229769,
      "fcf_margin": 0.22035445633517262,
      "incr_op_margin_yoy": 0.08395475431998446,
      "rev_growth_yoy": 0.08707126653839387,
      "rev_growth_yoy_accel": 0.022348294367586438,
      "fcf_margin_change": -0.057488381288355234
    },
    {
      "date": "2024-06-30T00:00:00",
      "quarter_label": "2024-06 (Q2)",
      "revenue": 1734834000,
      "gross_profit": 624409000,
      "operating_income": 447514000,
      "net_income": 337683000,
      "opex": 1287320000,
      "cogs": 1110425000,
      "rd": null,
      "sga": 176895000,
      "fcf": 360019000,
      "ocf": 381435000,
      "capex": -21416000,
      "gross_margin": 0.35992435011073104,
      "op_margin": 0.2579578219011156,
      "fcf_margin": 0.20752360168177475,
      "incr_op_margin_yoy": 0.32373792590421874,
      "rev_growth_yoy": 0.05389855240624721,
      "rev_growth_yoy_accel": -0.033172714132146654,
      "fcf_margin_change": -0.012830854653397866
    },
    {
      "date": "2024-09-30T00:00:00",
      "quarter_label": "2024-09 (Q3)",
      "revenue": 1708564000,
      "gross_profit": 615810000,
      "operating_income": 445851000,
      "net_income": 340241000,
      "opex": 1262713000,
      "cogs": 1092754000,
      "rd": null,
      "sga": 169959000,
      "fcf": 460888000,
      "ocf": 487170000,
      "capex": -26282000,
      "gross_margin": 0.36042548011078307,
      "op_margin": 0.26095071650813195,
      "fcf_margin": 0.2697516745056082,
      "incr_op_margin_yoy": 0.09000664901372964,
      "rev_growth_yoy": 0.052825391582765245,
      "rev_growth_yoy_accel": -0.0010731608234819667,
      "fcf_margin_change": 0.06222807282383347
    },
    {
      "date": "2024-12-31T00:00:00",
      "quarter_label": "2024-12 (Q4)",
      "revenue": 1761602000,
      "gross_profit": 644749000,
      "operating_income": 468981000,
      "net_income": 387257000,
      "opex": 1292621000,
      "cogs": 1116853000,
      "rd": null,
      "sga": 175768000,
      "fcf": 498291000,
      "ocf": 550016000,
      "capex": -51725000,
      "gross_margin": 0.36600151453052393,
      "op_margin": 0.2662241527882007,
      "fcf_margin": 0.2828624172770013,
      "incr_op_margin_yoy": 0.7809681935084807,
      "rev_growth_yoy": 0.0177464129621552,
      "rev_growth_yoy_accel": -0.035078978620610046,
      "op_leverage_ratio": 1.3106090643921926,
      "fcf_margin_change": 0.013110742771393069
    },
    {
      "date": "2025-03-31T00:00:00",
      "quarter_label": "2025-03 (Q1)",
      "revenue": 1731971000,
      "gross_profit": 625000000,
      "operating_income": 454829000,
      "net_income": 351758000,
      "opex": 1277142000,
      "cogs": 1106971000,
      "rd": null,
      "sga": 170171000,
      "fcf": 394476000,
      "ocf": 417545000,
      "capex": -23069000,
      "gross_margin": 0.3608605455865023,
      "op_margin": 0.2626077457417012,
      "fcf_margin": 0.22776131932924973,
      "incr_op_margin_yoy": -8.936326918507959,
      "rev_growth_yoy": -0.002424287804259927,
      "rev_growth_yoy_accel": -0.020170700766415126,
      "fcf_margin_change": -0.05510109794775156
    },
    {
      "date": "2025-06-30T00:00:00",
      "quarter_label": "2025-06 (Q2)",
      "revenue": 1778056000,
      "gross_profit": 635889000,
      "operating_income": 461626000,
      "net_income": 358367000,
      "opex": 1316430000,
      "cogs": 1142167000,
      "rd": null,
      "sga": 174263000,
      "fcf": 329820000,
      "ocf": 359089000,
      "capex": -29269000,
      "gross_margin": 0.3576315931556711,
      "op_margin": 0.25962399384496326,
      "fcf_margin": 0.18549472007630805,
      "incr_op_margin_yoy": 0.32650039331821756,
      "rev_growth_yoy": 0.02491419928362022,
      "rev_growth_yoy_accel": 0.027338487087880146,
      "op_leverage_ratio": 0.8649644175700901,
      "fcf_margin_change": -0.04226659925294168
    },
    {
      "date": "2025-09-30T00:00:00",
      "quarter_label": "2025-09 (Q3)",
      "revenue": 1892641000,
      "gross_profit": 686136000,
      "operating_income": 488380000,
      "net_income": 371416000,
      "opex": 1404261000,
      "cogs": 1206505000,
      "rd": null,
      "sga": 197756000,
      "fcf": 419952000,
      "ocf": 440865000,
      "capex": -20913000,
      "gross_margin": 0.36252834002856327,
      "op_margin": 0.25804154089444326,
      "fcf_margin": 0.22188677091957745,
      "incr_op_margin_yoy": 0.23103918468901602,
      "rev_growth_yoy": 0.10773784300734418,
      "rev_growth_yoy_accel": 0.08282364372372396,
      "op_leverage_ratio": 0.9659002478085743,
      "fcf_margin_change": 0.03639205084326941
    }
  ],
  "signals": [
    {
      "quarter": "2025-09 (Q3)",
      "signal": "YoY REVENUE GROWTH ACCELERATION",
      "detail": "YoY growth: +10.8% vs prior quarter YoY: +2.5% (accel: +8.3%)",
      "severity": "MEDIUM"
    },
    {
      "quarter": "2024-12 (Q4)",
      "signal": "INCREMENTAL MARGIN (YoY)",
      "detail": "YoY Incr OPM: +78.1% vs year-ago OPM: +25.7%",
      "severity": "HIGH"
    },
    {
      "quarter": "2024-09 (Q3)",
      "signal": "FCF MARGIN EXPANSION",
      "detail": "FCF margin: +20.8% -> +27.0% (+6.2%)",
      "severity": "MEDIUM"
    },
    {
      "quarter": "2023-12 (Q4)",
      "signal": "INCREMENTAL MARGIN (YoY)",
      "detail": "YoY Incr OPM: +44.6% vs year-ago OPM: +24.5%",
      "severity": "HIGH"
    },
    {
      "quarter": "2023-09 (Q3)",
      "signal": "FCF MARGIN EXPANSION",
      "detail": "FCF margin: +18.7% -> +27.4% (+8.7%)",
      "severity": "MEDIUM"
    },
    {
      "quarter": "2023-09 (Q3)",
      "signal": "INCREMENTAL MARGIN (YoY)",
      "detail": "YoY Incr OPM: +75.5% vs year-ago OPM: +24.8%",
      "severity": "HIGH"
    },
    {
      "quarter": "2023-06 (Q2)",
      "signal": "INCREMENTAL MARGIN (YoY)",
      "detail": "YoY Incr OPM: +41.0% vs year-ago OPM: +24.1%",
      "severity": "MEDIUM"
    },
    {
      "quarter": "2023-03 (Q1)",
      "signal": "INCREMENTAL MARGIN (YoY)",
      "detail": "YoY Incr OPM: +37.7% vs year-ago OPM: +24.2%",
      "severity": "MEDIUM"
    },
    {
      "quarter": "2022-09 (Q3)",
      "signal": "FCF MARGIN EXPANSION",
      "detail": "FCF margin: +13.8% -> +19.3% (+5.4%)",
      "severity": "MEDIUM"
    },
    {
      "quarter": "2022-09 (Q3)",
      "signal": "OPERATING LEVERAGE",
      "detail": "Rev growth +2.5% vs OpEx growth +1.5% (leverage: 1.6x)",
      "severity": "MEDIUM"
    },
    {
      "quarter": "2022-09 (Q3)",
      "signal": "INCREMENTAL MARGIN (YoY)",
      "detail": "YoY Incr OPM: +42.3% vs year-ago OPM: +23.4%",
      "severity": "MEDIUM"
    },
    {
      "quarter": "2022-06 (Q2)",
      "signal": "YoY REVENUE GROWTH DECELERATION",
      "detail": "YoY growth: +9.2% vs prior quarter YoY: +20.0% (decel: -10.7%)",
      "severity": "WARNING"
    },
    {
      "quarter": "2022-06 (Q2)",
      "signal": "INCREMENTAL MARGIN (YoY)",
      "detail": "YoY Incr OPM: +37.6% vs year-ago OPM: +22.8%",
      "severity": "MEDIUM"
    },
    {
      "quarter": "2022-03 (Q1)",
      "signal": "YoY REVENUE GROWTH DECELERATION",
      "detail": "YoY growth: +20.0% vs prior quarter YoY: +25.4% (decel: -5.5%)",
      "severity": "WARNING"
    }
  ],
  "data_quality": {
    "n_quarters": 20,
    "coverage": {
      "revenue": [
        20,
        20
      ],
      "gross_profit": [
        20,
        20
      ],
      "op_income": [
        20,
        20
      ],
      "fcf": [
        20,
        20
      ]
    },
    "gaps": [],
    "warnings": []
  },
  "market_cap": null,
  "source": "SEC EDGAR",
  "last_updated": "2026-02-02T19:59:28.727684",
  "sector": "Industrials",
  "industry": "Specialty Industrial Machinery"
}