{
  "ticker": "AMGN",
  "name": "AMGEN INC",
  "quarters": [
    {
      "date": "2020-12-31T00:00:00",
      "quarter_label": "2020-12 (Q4)",
      "revenue": 6634000000,
      "gross_profit": 4737000000,
      "operating_income": 2008000000,
      "net_income": 1615000000,
      "opex": 4626000000,
      "cogs": 1597000000,
      "rd": null,
      "sga": 1773000000,
      "fcf": 1980000000,
      "ocf": 2153000000,
      "capex": -173000000,
      "gross_margin": 0.7140488393126319,
      "op_margin": 0.3026831474223696,
      "fcf_margin": 0.29846246608381066
    },
    {
      "date": "2021-03-31T00:00:00",
      "quarter_label": "2021-03 (Q1)",
      "revenue": 5901000000,
      "gross_profit": 4411000000,
      "operating_income": 2129000000,
      "net_income": 1646000000,
      "opex": 3772000000,
      "cogs": 1490000000,
      "rd": null,
      "sga": 1254000000,
      "fcf": 1938000000,
      "ocf": 2104000000,
      "capex": -166000000,
      "gross_margin": 0.7475004236570073,
      "op_margin": 0.3607863074055245,
      "fcf_margin": 0.3284189120488053,
      "fcf_margin_change": 0.029956445964994638
    },
    {
      "date": "2021-06-30T00:00:00",
      "quarter_label": "2021-06 (Q2)",
      "revenue": 6526000000,
      "gross_profit": 4889000000,
      "operating_income": 828000000,
      "net_income": 464000000,
      "opex": 5698000000,
      "cogs": 1637000000,
      "rd": null,
      "sga": 1384000000,
      "fcf": 1746000000,
      "ocf": 1931000000,
      "capex": -185000000,
      "gross_margin": 0.7491572172847073,
      "op_margin": 0.12687710695678822,
      "fcf_margin": 0.2675452038001839,
      "op_leverage_ratio": 0.20742915777338897,
      "fcf_margin_change": -0.06087370824862143
    },
    {
      "date": "2021-09-30T00:00:00",
      "quarter_label": "2021-09 (Q3)",
      "revenue": 6706000000,
      "gross_profit": 5097000000,
      "operating_income": 2378000000,
      "net_income": 1884000000,
      "opex": 4328000000,
      "cogs": 1609000000,
      "rd": null,
      "sga": 1305000000,
      "fcf": 2176000000,
      "ocf": 2418000000,
      "capex": -242000000,
      "gross_margin": 0.7600656128839844,
      "op_margin": 0.3546078138980018,
      "fcf_margin": 0.3244855353414852,
      "op_leverage_ratio": Infinity,
      "fcf_margin_change": 0.05694033154130135
    },
    {
      "date": "2021-12-31T00:00:00",
      "quarter_label": "2021-12 (Q4)",
      "revenue": 6846000000,
      "gross_profit": 5128000000,
      "operating_income": 2304000000,
      "net_income": 1899000000,
      "opex": 4542000000,
      "cogs": 1718000000,
      "rd": null,
      "sga": 1425000000,
      "fcf": 2521000000,
      "ocf": 2808000000,
      "capex": -287000000,
      "gross_margin": 0.7490505404615834,
      "op_margin": 0.33654688869412797,
      "fcf_margin": 0.36824423020742036,
      "incr_op_margin_yoy": 1.3962264150943395,
      "rev_growth_yoy": 0.031956587277660535,
      "op_leverage_ratio": 0.4222191871695315,
      "fcf_margin_change": 0.043758694865935144
    },
    {
      "date": "2022-03-31T00:00:00",
      "quarter_label": "2022-03 (Q1)",
      "revenue": 6238000000,
      "gross_profit": 4677000000,
      "operating_income": 2500000000,
      "net_income": 1476000000,
      "opex": 3738000000,
      "cogs": 1561000000,
      "rd": null,
      "sga": 1228000000,
      "fcf": 1974000000,
      "ocf": 2164000000,
      "capex": -190000000,
      "gross_margin": 0.749759538313562,
      "op_margin": 0.40076947739660146,
      "fcf_margin": 0.3164475793523565,
      "incr_op_margin_yoy": 1.1008902077151335,
      "rev_growth_yoy": 0.05710896458227419,
      "rev_growth_yoy_accel": 0.025152377304613657,
      "fcf_margin_change": -0.05179665085506385
    },
    {
      "date": "2022-06-30T00:00:00",
      "quarter_label": "2022-06 (Q2)",
      "revenue": 6594000000,
      "gross_profit": 5084000000,
      "operating_income": 2176000000,
      "net_income": 1317000000,
      "opex": 4418000000,
      "cogs": 1510000000,
      "rd": null,
      "sga": 1327000000,
      "fcf": 1684000000,
      "ocf": 1930000000,
      "capex": -246000000,
      "gross_margin": 0.7710039429784653,
      "op_margin": 0.3299969669396421,
      "fcf_margin": 0.2553836821352745,
      "incr_op_margin_yoy": 19.823529411764707,
      "rev_growth_yoy": 0.010419859025436715,
      "rev_growth_yoy_accel": -0.046689105556837474,
      "op_leverage_ratio": 0.31371480301001453,
      "fcf_margin_change": -0.061063897217082
    },
    {
      "date": "2022-09-30T00:00:00",
      "quarter_label": "2022-09 (Q3)",
      "revenue": 6652000000,
      "gross_profit": 5064000000,
      "operating_income": 2660000000,
      "net_income": 2143000000,
      "opex": 3992000000,
      "cogs": 1588000000,
      "rd": null,
      "sga": 1287000000,
      "fcf": 2818000000,
      "ocf": 2978000000,
      "capex": -160000000,
      "gross_margin": 0.7612748045700541,
      "op_margin": 0.39987973541791944,
      "fcf_margin": 0.4236319903788334,
      "incr_op_margin_yoy": -5.222222222222222,
      "rev_growth_yoy": -0.008052490307187594,
      "rev_growth_yoy_accel": -0.01847234933262431,
      "fcf_margin_change": 0.1682483082435589
    },
    {
      "date": "2022-12-31T00:00:00",
      "quarter_label": "2022-12 (Q4)",
      "revenue": 6839000000,
      "gross_profit": 5092000000,
      "operating_income": 2230000000,
      "net_income": 1616000000,
      "opex": 4609000000,
      "cogs": 1747000000,
      "rd": null,
      "sga": 1572000000,
      "fcf": 2309000000,
      "ocf": 2649000000,
      "capex": -340000000,
      "gross_margin": 0.7445532972656821,
      "op_margin": 0.3260710630209095,
      "fcf_margin": 0.3376224594238924,
      "incr_op_margin_yoy": 10.571428571428571,
      "rev_growth_yoy": -0.0010224948875255625,
      "rev_growth_yoy_accel": 0.0070299954196620315,
      "op_leverage_ratio": 0.1818840996383291,
      "fcf_margin_change": -0.08600953095494102
    },
    {
      "date": "2023-03-31T00:00:00",
      "quarter_label": "2023-03 (Q1)",
      "revenue": 6105000000,
      "gross_profit": 4385000000,
      "operating_income": 1921000000,
      "net_income": 2841000000,
      "opex": 4184000000,
      "cogs": 1720000000,
      "rd": null,
      "sga": 1258000000,
      "fcf": 720000000,
      "ocf": 1064000000,
      "capex": -344000000,
      "gross_margin": 0.7182637182637183,
      "op_margin": 0.3146601146601147,
      "fcf_margin": 0.11793611793611794,
      "incr_op_margin_yoy": 4.353383458646617,
      "rev_growth_yoy": -0.0213209361974992,
      "rev_growth_yoy_accel": -0.020298441309973637,
      "fcf_margin_change": -0.21968634148777447
    },
    {
      "date": "2023-06-30T00:00:00",
      "quarter_label": "2023-06 (Q2)",
      "revenue": 6986000000,
      "gross_profit": 5173000000,
      "operating_income": 2684000000,
      "net_income": 1379000000,
      "opex": 4302000000,
      "cogs": 1813000000,
      "rd": null,
      "sga": 1294000000,
      "fcf": 3838000000,
      "ocf": 4109000000,
      "capex": -271000000,
      "gross_margin": 0.7404809619238477,
      "op_margin": 0.38419696535929,
      "fcf_margin": 0.5493844832522187,
      "incr_op_margin_yoy": 1.2959183673469388,
      "rev_growth_yoy": 0.059447983014861996,
      "rev_growth_yoy_accel": 0.08076891921236119,
      "op_leverage_ratio": 5.116817279529144,
      "fcf_margin_change": 0.43144836531610076
    },
    {
      "date": "2023-09-30T00:00:00",
      "quarter_label": "2023-09 (Q3)",
      "revenue": 6903000000,
      "gross_profit": 5097000000,
      "operating_income": 2021000000,
      "net_income": 1730000000,
      "opex": 4882000000,
      "cogs": 1806000000,
      "rd": null,
      "sga": 1353000000,
      "fcf": 2512000000,
      "ocf": 2760000000,
      "capex": -248000000,
      "gross_margin": 0.738374619730552,
      "op_margin": 0.2927712588729538,
      "fcf_margin": 0.36389975373026223,
      "incr_op_margin_yoy": -2.545816733067729,
      "rev_growth_yoy": 0.037733012627781115,
      "rev_growth_yoy_accel": -0.02171497038708088,
      "fcf_margin_change": -0.18548472952195644
    },
    {
      "date": "2023-12-31T00:00:00",
      "quarter_label": "2023-12 (Q4)",
      "revenue": 8196000000,
      "gross_profit": 5084000000,
      "operating_income": 1271000000,
      "net_income": 767000000,
      "opex": 6925000000,
      "cogs": 3112000000,
      "rd": null,
      "sga": 2274000000,
      "fcf": 289000000,
      "ocf": 538000000,
      "capex": -249000000,
      "gross_margin": 0.6203025866276233,
      "op_margin": 0.15507564665690582,
      "fcf_margin": 0.03526110297706198,
      "incr_op_margin_yoy": -0.7067059690493737,
      "rev_growth_yoy": 0.1984208217575669,
      "rev_growth_yoy_accel": 0.16068780912978578,
      "op_leverage_ratio": 0.44759998153561953,
      "fcf_margin_change": -0.32863865075320026
    },
    {
      "date": "2024-03-31T00:00:00",
      "quarter_label": "2024-03 (Q1)",
      "revenue": 7447000000,
      "gross_profit": 4247000000,
      "operating_income": 991000000,
      "net_income": -113000000,
      "opex": 6456000000,
      "cogs": 3200000000,
      "rd": null,
      "sga": 1808000000,
      "fcf": 459000000,
      "ocf": 689000000,
      "capex": -230000000,
      "gross_margin": 0.5702967637975024,
      "op_margin": 0.133073720961461,
      "fcf_margin": 0.06163555794279576,
      "incr_op_margin_yoy": -0.6929955290611028,
      "rev_growth_yoy": 0.21981981981981982,
      "rev_growth_yoy_accel": 0.021398998062252927,
      "fcf_margin_change": 0.026374454965733776
    },
    {
      "date": "2024-06-30T00:00:00",
      "quarter_label": "2024-06 (Q2)",
      "revenue": 8388000000,
      "gross_profit": 5152000000,
      "operating_income": 1909000000,
      "net_income": 746000000,
      "opex": 6479000000,
      "cogs": 3236000000,
      "rd": null,
      "sga": 1785000000,
      "fcf": 2221000000,
      "ocf": 2459000000,
      "capex": -238000000,
      "gross_margin": 0.614210777300906,
      "op_margin": 0.22758702908917502,
      "fcf_margin": 0.26478302336671433,
      "incr_op_margin_yoy": -0.5527817403708987,
      "rev_growth_yoy": 0.20068708846263955,
      "rev_growth_yoy_accel": -0.01913273135718027,
      "op_leverage_ratio": 35.46859254675066,
      "fcf_margin_change": 0.20314746542391857
    },
    {
      "date": "2024-09-30T00:00:00",
      "quarter_label": "2024-09 (Q3)",
      "revenue": 8503000000,
      "gross_profit": 5193000000,
      "operating_income": 2047000000,
      "net_income": 2830000000,
      "opex": 6456000000,
      "cogs": 3310000000,
      "rd": null,
      "sga": 1625000000,
      "fcf": 3314000000,
      "ocf": 3571000000,
      "capex": -257000000,
      "gross_margin": 0.610725626249559,
      "op_margin": 0.240738562860167,
      "fcf_margin": 0.38974479595436906,
      "incr_op_margin_yoy": 0.01625,
      "rev_growth_yoy": 0.23178328263074024,
      "rev_growth_yoy_accel": 0.031096194168100694,
      "op_leverage_ratio": Infinity,
      "fcf_margin_change": 0.12496177258765473
    },
    {
      "date": "2024-12-31T00:00:00",
      "quarter_label": "2024-12 (Q4)",
      "revenue": 9086000000,
      "gross_profit": 5974000000,
      "operating_income": 2311000000,
      "net_income": 627000000,
      "opex": 6775000000,
      "cogs": 3112000000,
      "rd": null,
      "sga": 1878000000,
      "fcf": 4400000000,
      "ocf": 4771000000,
      "capex": -371000000,
      "gross_margin": 0.6574950473255557,
      "op_margin": 0.25434734756768657,
      "fcf_margin": 0.48426150121065376,
      "incr_op_margin_yoy": 1.1685393258426966,
      "rev_growth_yoy": 0.10858955588091752,
      "rev_growth_yoy_accel": -0.12319372674982272,
      "op_leverage_ratio": 1.387615729945212,
      "fcf_margin_change": 0.0945167052562847
    },
    {
      "date": "2025-03-31T00:00:00",
      "quarter_label": "2025-03 (Q1)",
      "revenue": 8149000000,
      "gross_profit": 5181000000,
      "operating_income": 1178000000,
      "net_income": 1730000000,
      "opex": 6971000000,
      "cogs": 2968000000,
      "rd": null,
      "sga": 1687000000,
      "fcf": 980000000,
      "ocf": 1391000000,
      "capex": -411000000,
      "gross_margin": 0.6357835317216837,
      "op_margin": 0.14455761443121856,
      "fcf_margin": 0.1202601546201988,
      "incr_op_margin_yoy": 0.26638176638176636,
      "rev_growth_yoy": 0.09426614744192292,
      "rev_growth_yoy_accel": -0.0143234084389946,
      "fcf_margin_change": -0.36400134659045497
    },
    {
      "date": "2025-06-30T00:00:00",
      "quarter_label": "2025-06 (Q2)",
      "revenue": 9179000000,
      "gross_profit": 6168000000,
      "operating_income": 2656000000,
      "net_income": 1432000000,
      "opex": 6523000000,
      "cogs": 3011000000,
      "rd": null,
      "sga": 1691000000,
      "fcf": 1911000000,
      "ocf": 2280000000,
      "capex": -369000000,
      "gross_margin": 0.6719686240331191,
      "op_margin": 0.28935613901296436,
      "fcf_margin": 0.20819261357446345,
      "incr_op_margin_yoy": 0.9443742098609356,
      "rev_growth_yoy": 0.09430138292799237,
      "rev_growth_yoy_accel": 3.5235486069443156e-05,
      "op_leverage_ratio": Infinity,
      "fcf_margin_change": 0.08793245895426464
    },
    {
      "date": "2025-09-30T00:00:00",
      "quarter_label": "2025-09 (Q3)",
      "revenue": 9557000000,
      "gross_profit": 6475000000,
      "operating_income": 2526000000,
      "net_income": 3216000000,
      "opex": 7031000000,
      "cogs": 3082000000,
      "rd": null,
      "sga": 1720000000,
      "fcf": 4248000000,
      "ocf": 4684000000,
      "capex": -436000000,
      "gross_margin": 0.6775138641833212,
      "op_margin": 0.26430888354086013,
      "fcf_margin": 0.44449094904258657,
      "incr_op_margin_yoy": 0.45445920303605314,
      "rev_growth_yoy": 0.12395625073503469,
      "rev_growth_yoy_accel": 0.029654867807042323,
      "op_leverage_ratio": 0.5287861800257864,
      "fcf_margin_change": 0.23629833546812312
    }
  ],
  "signals": [
    {
      "quarter": "2025-09 (Q3)",
      "signal": "FCF MARGIN EXPANSION",
      "detail": "FCF margin: +20.8% -> +44.4% (+23.6%)",
      "severity": "MEDIUM"
    },
    {
      "quarter": "2025-09 (Q3)",
      "signal": "INCREMENTAL MARGIN (YoY)",
      "detail": "YoY Incr OPM: +45.4% vs year-ago OPM: +24.1%",
      "severity": "HIGH"
    },
    {
      "quarter": "2025-06 (Q2)",
      "signal": "FCF MARGIN EXPANSION",
      "detail": "FCF margin: +12.0% -> +20.8% (+8.8%)",
      "severity": "MEDIUM"
    },
    {
      "quarter": "2025-06 (Q2)",
      "signal": "GROSS MARGIN INFLECTION",
      "detail": "GM: +65.7% -> +63.6% -> +67.2% (reversal +3.6%)",
      "severity": "MEDIUM"
    },
    {
      "quarter": "2025-06 (Q2)",
      "signal": "INCREMENTAL MARGIN (YoY)",
      "detail": "YoY Incr OPM: +94.4% vs year-ago OPM: +22.8%",
      "severity": "HIGH"
    },
    {
      "quarter": "2025-03 (Q1)",
      "signal": "INCREMENTAL MARGIN (YoY)",
      "detail": "YoY Incr OPM: +26.6% vs year-ago OPM: +13.3%",
      "severity": "MEDIUM"
    },
    {
      "quarter": "2024-12 (Q4)",
      "signal": "FCF MARGIN EXPANSION",
      "detail": "FCF margin: +39.0% -> +48.4% (+9.5%)",
      "severity": "MEDIUM"
    },
    {
      "quarter": "2024-12 (Q4)",
      "signal": "GROSS MARGIN INFLECTION",
      "detail": "GM: +61.4% -> +61.1% -> +65.7% (reversal +4.7%)",
      "severity": "MEDIUM"
    },
    {
      "quarter": "2024-12 (Q4)",
      "signal": "YoY REVENUE GROWTH DECELERATION",
      "detail": "YoY growth: +10.9% vs prior quarter YoY: +23.2% (decel: -12.3%)",
      "severity": "WARNING"
    },
    {
      "quarter": "2024-12 (Q4)",
      "signal": "INCREMENTAL MARGIN (YoY)",
      "detail": "YoY Incr OPM: +116.9% vs year-ago OPM: +15.5%",
      "severity": "HIGH"
    },
    {
      "quarter": "2024-09 (Q3)",
      "signal": "FCF MARGIN EXPANSION",
      "detail": "FCF margin: +26.5% -> +39.0% (+12.5%)",
      "severity": "MEDIUM"
    },
    {
      "quarter": "2024-06 (Q2)",
      "signal": "FCF MARGIN EXPANSION",
      "detail": "FCF margin: +6.2% -> +26.5% (+20.3%)",
      "severity": "MEDIUM"
    },
    {
      "quarter": "2024-06 (Q2)",
      "signal": "OPERATING LEVERAGE",
      "detail": "Rev growth +12.6% vs OpEx growth +0.4% (leverage: 35.5x)",
      "severity": "MEDIUM"
    },
    {
      "quarter": "2024-06 (Q2)",
      "signal": "GROSS MARGIN INFLECTION",
      "detail": "GM: +62.0% -> +57.0% -> +61.4% (reversal +4.4%)",
      "severity": "MEDIUM"
    },
    {
      "quarter": "2023-12 (Q4)",
      "signal": "YoY REVENUE GROWTH ACCELERATION",
      "detail": "YoY growth: +19.8% vs prior quarter YoY: +3.8% (accel: +16.1%)",
      "severity": "HIGH"
    },
    {
      "quarter": "2023-06 (Q2)",
      "signal": "FCF MARGIN EXPANSION",
      "detail": "FCF margin: +11.8% -> +54.9% (+43.1%)",
      "severity": "MEDIUM"
    },
    {
      "quarter": "2023-06 (Q2)",
      "signal": "OPERATING LEVERAGE",
      "detail": "Rev growth +14.4% vs OpEx growth +2.8% (leverage: 5.1x)",
      "severity": "MEDIUM"
    },
    {
      "quarter": "2023-06 (Q2)",
      "signal": "GROSS MARGIN INFLECTION",
      "detail": "GM: +74.5% -> +71.8% -> +74.0% (reversal +2.2%)",
      "severity": "MEDIUM"
    },
    {
      "quarter": "2023-06 (Q2)",
      "signal": "YoY REVENUE GROWTH ACCELERATION",
      "detail": "YoY growth: +5.9% vs prior quarter YoY: -2.1% (accel: +8.1%)",
      "severity": "MEDIUM"
    },
    {
      "quarter": "2023-06 (Q2)",
      "signal": "INCREMENTAL MARGIN (YoY)",
      "detail": "YoY Incr OPM: +129.6% vs year-ago OPM: +33.0%",
      "severity": "HIGH"
    },
    {
      "quarter": "2023-03 (Q1)",
      "signal": "INCREMENTAL MARGIN (YoY)",
      "detail": "YoY Incr OPM: +435.3% vs year-ago OPM: +40.1%",
      "severity": "HIGH"
    },
    {
      "quarter": "2022-12 (Q4)",
      "signal": "INCREMENTAL MARGIN (YoY)",
      "detail": "YoY Incr OPM: +1057.1% vs year-ago OPM: +33.7%",
      "severity": "HIGH"
    },
    {
      "quarter": "2022-09 (Q3)",
      "signal": "FCF MARGIN EXPANSION",
      "detail": "FCF margin: +25.5% -> +42.4% (+16.8%)",
      "severity": "MEDIUM"
    },
    {
      "quarter": "2022-06 (Q2)",
      "signal": "INCREMENTAL MARGIN (YoY)",
      "detail": "YoY Incr OPM: +1982.4% vs year-ago OPM: +12.7%",
      "severity": "HIGH"
    },
    {
      "quarter": "2022-03 (Q1)",
      "signal": "INCREMENTAL MARGIN (YoY)",
      "detail": "YoY Incr OPM: +110.1% vs year-ago OPM: +36.1%",
      "severity": "HIGH"
    },
    {
      "quarter": "2021-12 (Q4)",
      "signal": "INCREMENTAL MARGIN (YoY)",
      "detail": "YoY Incr OPM: +139.6% vs year-ago OPM: +30.3%",
      "severity": "HIGH"
    },
    {
      "quarter": "2021-09 (Q3)",
      "signal": "FCF MARGIN EXPANSION",
      "detail": "FCF margin: +26.8% -> +32.4% (+5.7%)",
      "severity": "MEDIUM"
    }
  ],
  "data_quality": {
    "n_quarters": 20,
    "coverage": {
      "revenue": [
        20,
        20
      ],
      "gross_profit": [
        20,
        20
      ],
      "op_income": [
        20,
        20
      ],
      "fcf": [
        20,
        20
      ]
    },
    "gaps": [],
    "warnings": []
  },
  "market_cap": null,
  "source": "SEC EDGAR",
  "last_updated": "2026-02-02T19:46:11.883572",
  "sector": "Healthcare",
  "industry": "Drug Manufacturers - General"
}