{
  "ticker": "AMKR",
  "name": "AMKOR TECHNOLOGY, INC.",
  "quarters": [
    {
      "date": "2020-12-31T00:00:00",
      "quarter_label": "2020-12 (Q4)",
      "revenue": 1371041000,
      "gross_profit": 278501000,
      "operating_income": 159179000,
      "net_income": 126674000,
      "opex": 119322000,
      "cogs": 1092540000,
      "rd": 41103000,
      "sga": 78219000,
      "fcf": 58495000,
      "ocf": 335985000,
      "capex": -277490000,
      "gross_margin": 0.20313105151487082,
      "op_margin": 0.11610083141204385,
      "fcf_margin": 0.04266466137774144
    },
    {
      "date": "2021-03-31T00:00:00",
      "quarter_label": "2021-03 (Q1)",
      "revenue": 1326150000,
      "gross_profit": 265534000,
      "operating_income": 144448000,
      "net_income": 119809000,
      "opex": 121086000,
      "cogs": 1060616000,
      "rd": 44318000,
      "sga": 76768000,
      "fcf": 66437000,
      "ocf": 176788000,
      "capex": -110351000,
      "gross_margin": 0.2002292350035818,
      "op_margin": 0.1089228217019191,
      "fcf_margin": 0.0500976510952758,
      "fcf_margin_change": 0.007432989717534359
    },
    {
      "date": "2021-06-30T00:00:00",
      "quarter_label": "2021-06 (Q2)",
      "revenue": 1406535000,
      "gross_profit": 272820000,
      "operating_income": 155115000,
      "net_income": 125806000,
      "opex": 117705000,
      "cogs": 1133715000,
      "rd": 43516000,
      "sga": 74189000,
      "fcf": 116277000,
      "ocf": 279543000,
      "capex": -163266000,
      "gross_margin": 0.19396602288602843,
      "op_margin": 0.11028164958568397,
      "fcf_margin": 0.08266911239322164,
      "op_leverage_ratio": Infinity,
      "fcf_margin_change": 0.03257146129794584
    },
    {
      "date": "2021-09-30T00:00:00",
      "quarter_label": "2021-09 (Q3)",
      "revenue": 1681000000,
      "gross_profit": 324832000,
      "operating_income": 211461000,
      "net_income": 180854000,
      "opex": 113371000,
      "cogs": 1356168000,
      "rd": 40790000,
      "sga": 72581000,
      "fcf": -42520000,
      "ocf": 175288000,
      "capex": -217808000,
      "gross_margin": 0.19323735871505057,
      "op_margin": 0.12579476502082093,
      "fcf_margin": -0.02529446757882213,
      "op_leverage_ratio": Infinity,
      "fcf_margin_change": -0.10796357997204377
    },
    {
      "date": "2021-12-31T00:00:00",
      "quarter_label": "2021-12 (Q4)",
      "revenue": 1724644000,
      "gross_profit": 362368000,
      "operating_income": 252409000,
      "net_income": 216526000,
      "opex": 109959000,
      "cogs": 1362276000,
      "rd": 37413000,
      "sga": 72546000,
      "fcf": 201322000,
      "ocf": 489676000,
      "capex": -288354000,
      "gross_margin": 0.21011176799385844,
      "op_margin": 0.1463542620969893,
      "fcf_margin": 0.1167324966775752,
      "incr_op_margin_yoy": 0.2636572653512555,
      "rev_growth_yoy": 0.25790840682372007,
      "op_leverage_ratio": Infinity,
      "fcf_margin_change": 0.14202696425639733
    },
    {
      "date": "2022-03-31T00:00:00",
      "quarter_label": "2022-03 (Q1)",
      "revenue": 1596816000,
      "gross_profit": 325330000,
      "operating_income": 210008000,
      "net_income": 170663000,
      "opex": 115322000,
      "cogs": 1271486000,
      "rd": 38363000,
      "sga": 76959000,
      "fcf": 8024000,
      "ocf": 166178000,
      "capex": -158154000,
      "gross_margin": 0.20373668600515024,
      "op_margin": 0.13151671826935601,
      "fcf_margin": 0.005024999749501508,
      "incr_op_margin_yoy": 0.2422173453629196,
      "rev_growth_yoy": 0.20409908381404818,
      "rev_growth_yoy_accel": -0.053809323009671894,
      "fcf_margin_change": -0.11170749692807369
    },
    {
      "date": "2022-06-30T00:00:00",
      "quarter_label": "2022-06 (Q2)",
      "revenue": 1504868000,
      "gross_profit": 249155000,
      "operating_income": 142809000,
      "net_income": 124778000,
      "opex": 106346000,
      "cogs": 1255713000,
      "rd": 37478000,
      "sga": 68868000,
      "fcf": 114037000,
      "ocf": 296091000,
      "capex": -182054000,
      "gross_margin": 0.16556601642137384,
      "op_margin": 0.09489802427854137,
      "fcf_margin": 0.0757787393977412,
      "incr_op_margin_yoy": -0.1251461869362269,
      "rev_growth_yoy": 0.06991152015413765,
      "rev_growth_yoy_accel": -0.13418756365991052,
      "fcf_margin_change": 0.0707537396482397
    },
    {
      "date": "2022-09-30T00:00:00",
      "quarter_label": "2022-09 (Q3)",
      "revenue": 2083691000,
      "gross_profit": 421228000,
      "operating_income": 319287000,
      "net_income": 306081000,
      "opex": 101941000,
      "cogs": 1662463000,
      "rd": 33994000,
      "sga": 67947000,
      "fcf": -151799000,
      "ocf": 83495000,
      "capex": -235294000,
      "gross_margin": 0.20215473407525397,
      "op_margin": 0.1532314532241105,
      "fcf_margin": -0.07285101293809879,
      "incr_op_margin_yoy": 0.2677636202448031,
      "rev_growth_yoy": 0.23955443188578227,
      "rev_growth_yoy_accel": 0.1696429117316446,
      "op_leverage_ratio": Infinity,
      "fcf_margin_change": -0.14862975233583997
    },
    {
      "date": "2022-12-31T00:00:00",
      "quarter_label": "2022-12 (Q4)",
      "revenue": 1906210000,
      "gross_profit": 334274000,
      "operating_income": 225082000,
      "net_income": 164301000,
      "opex": 109192000,
      "cogs": 1571936000,
      "rd": 39594000,
      "sga": 69598000,
      "fcf": 220200000,
      "ocf": 552992000,
      "capex": -332792000,
      "gross_margin": 0.17536053215542882,
      "op_margin": 0.11807828098687972,
      "fcf_margin": 0.1155171780653758,
      "incr_op_margin_yoy": -0.15050725356068867,
      "rev_growth_yoy": 0.10527737898372069,
      "rev_growth_yoy_accel": -0.13427705290206157,
      "fcf_margin_change": 0.18836819100347457
    },
    {
      "date": "2023-03-31T00:00:00",
      "quarter_label": "2023-03 (Q1)",
      "revenue": 1471539000,
      "gross_profit": 194421000,
      "operating_income": 68703000,
      "net_income": 45351000,
      "opex": 125718000,
      "cogs": 1277118000,
      "rd": 47047000,
      "sga": 78671000,
      "fcf": 77522000,
      "ocf": 175746000,
      "capex": -98224000,
      "gross_margin": 0.13212086122080352,
      "op_margin": 0.046687855367747645,
      "fcf_margin": 0.052680900744050956,
      "incr_op_margin_yoy": 1.1279404838877047,
      "rev_growth_yoy": -0.07845424895542129,
      "rev_growth_yoy_accel": -0.183731627939142,
      "fcf_margin_change": -0.06283627732132485
    },
    {
      "date": "2023-06-30T00:00:00",
      "quarter_label": "2023-06 (Q2)",
      "revenue": 1457922000,
      "gross_profit": 186870000,
      "operating_income": 76322000,
      "net_income": 64286000,
      "opex": 110548000,
      "cogs": 1271052000,
      "rd": 45688000,
      "sga": 64860000,
      "fcf": 62747000,
      "ocf": 246832000,
      "capex": -184085000,
      "gross_margin": 0.12817558140970506,
      "op_margin": 0.05234985136379038,
      "fcf_margin": 0.04303865364539392,
      "incr_op_margin_yoy": 1.416244195458612,
      "rev_growth_yoy": -0.031196091617337867,
      "rev_growth_yoy_accel": 0.04725815733808342,
      "fcf_margin_change": -0.009642247098657034
    },
    {
      "date": "2023-09-30T00:00:00",
      "quarter_label": "2023-09 (Q3)",
      "revenue": 1821793000,
      "gross_profit": 282753000,
      "operating_income": 166598000,
      "net_income": 132614000,
      "opex": 116155000,
      "cogs": 1539040000,
      "rd": 43135000,
      "sga": 73020000,
      "fcf": 44264000,
      "ocf": 273609000,
      "capex": -229345000,
      "gross_margin": 0.1552058878258946,
      "op_margin": 0.09144727200071578,
      "fcf_margin": 0.02429694262740059,
      "incr_op_margin_yoy": 0.5830094158794645,
      "rev_growth_yoy": -0.1256894616332268,
      "rev_growth_yoy_accel": -0.09449337001588894,
      "op_leverage_ratio": 4.920774784650796,
      "fcf_margin_change": -0.018741711017993334
    },
    {
      "date": "2023-12-31T00:00:00",
      "quarter_label": "2023-12 (Q4)",
      "revenue": 1751811000,
      "gross_profit": 279109000,
      "operating_income": 158664000,
      "net_income": 117562000,
      "opex": 120445000,
      "cogs": 1472702000,
      "rd": 41603000,
      "sga": 78842000,
      "fcf": 336020000,
      "ocf": 573833000,
      "capex": -237813000,
      "gross_margin": 0.159325977516981,
      "op_margin": 0.09057141438203094,
      "fcf_margin": 0.19181292959114882,
      "incr_op_margin_yoy": 0.4301711798651546,
      "rev_growth_yoy": -0.08099789634930045,
      "rev_growth_yoy_accel": 0.04469156528392636,
      "fcf_margin_change": 0.16751598696374823
    },
    {
      "date": "2024-03-31T00:00:00",
      "quarter_label": "2024-03 (Q1)",
      "revenue": 1365511000,
      "gross_profit": 201643000,
      "operating_income": 73126000,
      "net_income": 58897000,
      "opex": 128517000,
      "cogs": 1163868000,
      "rd": 38171000,
      "sga": 90346000,
      "fcf": 66143000,
      "ocf": 162312000,
      "capex": -96169000,
      "gross_margin": 0.1476685284849408,
      "op_margin": 0.05355211345789232,
      "fcf_margin": 0.048438276952730515,
      "incr_op_margin_yoy": -0.04171539593314973,
      "rev_growth_yoy": -0.0720524566457294,
      "rev_growth_yoy_accel": 0.008945439703571048,
      "fcf_margin_change": -0.1433746526384183
    },
    {
      "date": "2024-06-30T00:00:00",
      "quarter_label": "2024-06 (Q2)",
      "revenue": 1461474000,
      "gross_profit": 212375000,
      "operating_income": 81527000,
      "net_income": 66897000,
      "opex": 130848000,
      "cogs": 1249099000,
      "rd": 39568000,
      "sga": 91280000,
      "fcf": 58382000,
      "ocf": 224756000,
      "capex": -166374000,
      "gross_margin": 0.14531561970996404,
      "op_margin": 0.05578409195100289,
      "fcf_margin": 0.03994734083534842,
      "incr_op_margin_yoy": 1.4653716216216217,
      "rev_growth_yoy": 0.002436344331178211,
      "rev_growth_yoy_accel": 0.07448880097690762,
      "op_leverage_ratio": 3.874600401218641,
      "fcf_margin_change": -0.008490936117382095
    },
    {
      "date": "2024-09-30T00:00:00",
      "quarter_label": "2024-09 (Q3)",
      "revenue": 1861589000,
      "gross_profit": 272484000,
      "operating_income": 149367000,
      "net_income": 122569000,
      "opex": 123117000,
      "cogs": 1589105000,
      "rd": 42364000,
      "sga": 80753000,
      "fcf": -31332000,
      "ocf": 164192000,
      "capex": -195524000,
      "gross_margin": 0.14637172866835804,
      "op_margin": 0.08023629275849825,
      "fcf_margin": -0.016830782734534852,
      "incr_op_margin_yoy": -0.43298321439340637,
      "rev_growth_yoy": 0.0218444137176946,
      "rev_growth_yoy_accel": 0.019408069386516392,
      "op_leverage_ratio": Infinity,
      "fcf_margin_change": -0.05677812356988327
    },
    {
      "date": "2024-12-31T00:00:00",
      "quarter_label": "2024-12 (Q4)",
      "revenue": 1629118000,
      "gross_profit": 246710000,
      "operating_income": 134435000,
      "net_income": 105649000,
      "opex": 112275000,
      "cogs": 1382408000,
      "rd": 42848000,
      "sga": 69427000,
      "fcf": 251879000,
      "ocf": 537608000,
      "capex": -285729000,
      "gross_margin": 0.15143777184955295,
      "op_margin": 0.08252011210974282,
      "fcf_margin": 0.1546106543540738,
      "incr_op_margin_yoy": 0.19747662865852167,
      "rev_growth_yoy": -0.07003780658986615,
      "rev_growth_yoy_accel": -0.09188222030756076,
      "fcf_margin_change": 0.17144143708860865
    },
    {
      "date": "2025-03-31T00:00:00",
      "quarter_label": "2025-03 (Q1)",
      "revenue": 1321575000,
      "gross_profit": 157583000,
      "operating_income": 31523000,
      "net_income": 21128000,
      "opex": 126060000,
      "cogs": 1163992000,
      "rd": 45652000,
      "sga": 80408000,
      "fcf": -55748000,
      "ocf": 24149000,
      "capex": -79897000,
      "gross_margin": 0.11923878705332652,
      "op_margin": 0.023852600117284302,
      "fcf_margin": -0.04218300134309441,
      "incr_op_margin_yoy": 0.9469000364166059,
      "rev_growth_yoy": -0.032175500600141634,
      "rev_growth_yoy_accel": 0.037862305989724516,
      "fcf_margin_change": -0.19679365569716822
    },
    {
      "date": "2025-06-30T00:00:00",
      "quarter_label": "2025-06 (Q2)",
      "revenue": 1511392000,
      "gross_profit": 181897000,
      "operating_income": 91967000,
      "net_income": 54417000,
      "opex": 89930000,
      "cogs": 1329495000,
      "rd": 42008000,
      "sga": 47922000,
      "fcf": 112274000,
      "ocf": 258463000,
      "capex": -146189000,
      "gross_margin": 0.12035064364506362,
      "op_margin": 0.06084920391268447,
      "fcf_margin": 0.07428516228748068,
      "incr_op_margin_yoy": 0.20914299451099805,
      "rev_growth_yoy": 0.03415592750880276,
      "rev_growth_yoy_accel": 0.06633142810894439,
      "op_leverage_ratio": Infinity,
      "fcf_margin_change": 0.11646816363057509
    },
    {
      "date": "2025-09-30T00:00:00",
      "quarter_label": "2025-09 (Q3)",
      "revenue": 1986968000,
      "gross_profit": 284490000,
      "operating_income": 158927000,
      "net_income": 126589000,
      "opex": 125563000,
      "cogs": 1702478000,
      "rd": 42352000,
      "sga": 83211000,
      "fcf": -77931000,
      "ocf": 168514000,
      "capex": -246445000,
      "gross_margin": 0.14317794750594875,
      "op_margin": 0.07998468017602699,
      "fcf_margin": -0.03922106445599526,
      "incr_op_margin_yoy": 0.07624881359717336,
      "rev_growth_yoy": 0.0673505268885882,
      "rev_growth_yoy_accel": 0.03319459937978544,
      "op_leverage_ratio": 0.7941362417468625,
      "fcf_margin_change": -0.11350622674347594
    }
  ],
  "signals": [
    {
      "quarter": "2025-06 (Q2)",
      "signal": "FCF TURNED POSITIVE",
      "detail": "FCF margin: -4.2% -> +7.4%",
      "severity": "HIGH"
    },
    {
      "quarter": "2025-06 (Q2)",
      "signal": "YoY REVENUE GROWTH ACCELERATION",
      "detail": "YoY growth: +3.4% vs prior quarter YoY: -3.2% (accel: +6.6%)",
      "severity": "MEDIUM"
    },
    {
      "quarter": "2025-06 (Q2)",
      "signal": "INCREMENTAL MARGIN (YoY)",
      "detail": "YoY Incr OPM: +20.9% vs year-ago OPM: +5.6%",
      "severity": "MEDIUM"
    },
    {
      "quarter": "2025-03 (Q1)",
      "signal": "INCREMENTAL MARGIN (YoY)",
      "detail": "YoY Incr OPM: +94.7% vs year-ago OPM: +5.4%",
      "severity": "HIGH"
    },
    {
      "quarter": "2024-12 (Q4)",
      "signal": "FCF TURNED POSITIVE",
      "detail": "FCF margin: -1.7% -> +15.5%",
      "severity": "HIGH"
    },
    {
      "quarter": "2024-12 (Q4)",
      "signal": "YoY REVENUE GROWTH DECELERATION",
      "detail": "YoY growth: -7.0% vs prior quarter YoY: +2.2% (decel: -9.2%)",
      "severity": "WARNING"
    },
    {
      "quarter": "2024-12 (Q4)",
      "signal": "INCREMENTAL MARGIN (YoY)",
      "detail": "YoY Incr OPM: +19.7% vs year-ago OPM: +9.1%",
      "severity": "MEDIUM"
    },
    {
      "quarter": "2024-06 (Q2)",
      "signal": "OPERATING LEVERAGE",
      "detail": "Rev growth +7.0% vs OpEx growth +1.8% (leverage: 3.9x)",
      "severity": "MEDIUM"
    },
    {
      "quarter": "2024-06 (Q2)",
      "signal": "YoY REVENUE GROWTH ACCELERATION",
      "detail": "YoY growth: +0.2% vs prior quarter YoY: -7.2% (accel: +7.4%)",
      "severity": "MEDIUM"
    },
    {
      "quarter": "2024-06 (Q2)",
      "signal": "INCREMENTAL MARGIN (YoY)",
      "detail": "YoY Incr OPM: +146.5% vs year-ago OPM: +5.2%",
      "severity": "HIGH"
    },
    {
      "quarter": "2023-12 (Q4)",
      "signal": "FCF MARGIN EXPANSION",
      "detail": "FCF margin: +2.4% -> +19.2% (+16.8%)",
      "severity": "MEDIUM"
    },
    {
      "quarter": "2023-12 (Q4)",
      "signal": "INCREMENTAL MARGIN (YoY)",
      "detail": "YoY Incr OPM: +43.0% vs year-ago OPM: +11.8%",
      "severity": "HIGH"
    },
    {
      "quarter": "2023-09 (Q3)",
      "signal": "OPERATING LEVERAGE",
      "detail": "Rev growth +25.0% vs OpEx growth +5.1% (leverage: 4.9x)",
      "severity": "MEDIUM"
    },
    {
      "quarter": "2023-09 (Q3)",
      "signal": "GROSS MARGIN INFLECTION",
      "detail": "GM: +13.2% -> +12.8% -> +15.5% (reversal +2.7%)",
      "severity": "MEDIUM"
    },
    {
      "quarter": "2023-09 (Q3)",
      "signal": "YoY REVENUE GROWTH DECELERATION",
      "detail": "YoY growth: -12.6% vs prior quarter YoY: -3.1% (decel: -9.4%)",
      "severity": "WARNING"
    },
    {
      "quarter": "2023-09 (Q3)",
      "signal": "INCREMENTAL MARGIN (YoY)",
      "detail": "YoY Incr OPM: +58.3% vs year-ago OPM: +15.3%",
      "severity": "HIGH"
    },
    {
      "quarter": "2023-06 (Q2)",
      "signal": "INCREMENTAL MARGIN (YoY)",
      "detail": "YoY Incr OPM: +141.6% vs year-ago OPM: +9.5%",
      "severity": "HIGH"
    },
    {
      "quarter": "2023-03 (Q1)",
      "signal": "YoY REVENUE GROWTH DECELERATION",
      "detail": "YoY growth: -7.8% vs prior quarter YoY: +10.5% (decel: -18.4%)",
      "severity": "WARNING"
    },
    {
      "quarter": "2023-03 (Q1)",
      "signal": "INCREMENTAL MARGIN (YoY)",
      "detail": "YoY Incr OPM: +112.8% vs year-ago OPM: +13.2%",
      "severity": "HIGH"
    },
    {
      "quarter": "2022-12 (Q4)",
      "signal": "FCF TURNED POSITIVE",
      "detail": "FCF margin: -7.3% -> +11.6%",
      "severity": "HIGH"
    },
    {
      "quarter": "2022-12 (Q4)",
      "signal": "YoY REVENUE GROWTH DECELERATION",
      "detail": "YoY growth: +10.5% vs prior quarter YoY: +24.0% (decel: -13.4%)",
      "severity": "WARNING"
    },
    {
      "quarter": "2022-09 (Q3)",
      "signal": "GROSS MARGIN INFLECTION",
      "detail": "GM: +20.4% -> +16.6% -> +20.2% (reversal +3.7%)",
      "severity": "MEDIUM"
    },
    {
      "quarter": "2022-09 (Q3)",
      "signal": "YoY REVENUE GROWTH ACCELERATION",
      "detail": "YoY growth: +24.0% vs prior quarter YoY: +7.0% (accel: +17.0%)",
      "severity": "HIGH"
    },
    {
      "quarter": "2022-09 (Q3)",
      "signal": "INCREMENTAL MARGIN (YoY)",
      "detail": "YoY Incr OPM: +26.8% vs year-ago OPM: +12.6%",
      "severity": "MEDIUM"
    },
    {
      "quarter": "2022-06 (Q2)",
      "signal": "FCF MARGIN EXPANSION",
      "detail": "FCF margin: +0.5% -> +7.6% (+7.1%)",
      "severity": "MEDIUM"
    },
    {
      "quarter": "2022-06 (Q2)",
      "signal": "YoY REVENUE GROWTH DECELERATION",
      "detail": "YoY growth: +7.0% vs prior quarter YoY: +20.4% (decel: -13.4%)",
      "severity": "WARNING"
    },
    {
      "quarter": "2022-03 (Q1)",
      "signal": "YoY REVENUE GROWTH DECELERATION",
      "detail": "YoY growth: +20.4% vs prior quarter YoY: +25.8% (decel: -5.4%)",
      "severity": "WARNING"
    },
    {
      "quarter": "2022-03 (Q1)",
      "signal": "INCREMENTAL MARGIN (YoY)",
      "detail": "YoY Incr OPM: +24.2% vs year-ago OPM: +10.9%",
      "severity": "MEDIUM"
    },
    {
      "quarter": "2021-12 (Q4)",
      "signal": "FCF TURNED POSITIVE",
      "detail": "FCF margin: -2.5% -> +11.7%",
      "severity": "HIGH"
    },
    {
      "quarter": "2021-12 (Q4)",
      "signal": "INCREMENTAL MARGIN (YoY)",
      "detail": "YoY Incr OPM: +26.4% vs year-ago OPM: +11.6%",
      "severity": "MEDIUM"
    }
  ],
  "data_quality": {
    "n_quarters": 20,
    "coverage": {
      "revenue": [
        20,
        20
      ],
      "gross_profit": [
        20,
        20
      ],
      "op_income": [
        20,
        20
      ],
      "fcf": [
        20,
        20
      ]
    },
    "gaps": [],
    "warnings": []
  },
  "market_cap": null,
  "source": "SEC EDGAR",
  "last_updated": "2026-02-02T20:32:01.547961"
}