{
  "ticker": "AMN",
  "name": "AMN HEALTHCARE SERVICES, INC.",
  "sector": "Healthcare",
  "industry": "Medical Care Facilities",
  "quarters": [
    {
      "date": "2021-03-31T00:00:00",
      "quarter_label": "2021-03 (Q1)",
      "revenue": 885945000,
      "gross_profit": 288868000,
      "operating_income": 104402000,
      "net_income": 70378000,
      "opex": 184466000,
      "cogs": 597077000,
      "rd": null,
      "sga": 161212000,
      "fcf": 27524000,
      "ocf": 39131000,
      "capex": -11607000,
      "gross_margin": 0.3260563579003211,
      "op_margin": 0.1178425297281434,
      "fcf_margin": 0.03106739131661672
    },
    {
      "date": "2021-06-30T00:00:00",
      "quarter_label": "2021-06 (Q2)",
      "revenue": 857445000,
      "gross_profit": 280543000,
      "operating_income": 99174000,
      "net_income": 66770000,
      "opex": 181369000,
      "cogs": 576902000,
      "rd": null,
      "sga": 156629000,
      "fcf": 160032000,
      "ocf": 171494000,
      "capex": -11462000,
      "gross_margin": 0.3271848340126772,
      "op_margin": 0.11566222906425486,
      "fcf_margin": 0.1866382100309641,
      "fcf_margin_change": 0.15557081871434736
    },
    {
      "date": "2021-09-30T00:00:00",
      "quarter_label": "2021-09 (Q3)",
      "revenue": 877800000,
      "gross_profit": 305865000,
      "operating_income": 105829000,
      "net_income": 74023000,
      "opex": 200036000,
      "cogs": 571935000,
      "rd": null,
      "sga": 173932000,
      "fcf": 1105000,
      "ocf": 16746000,
      "capex": -15641000,
      "gross_margin": 0.348444976076555,
      "op_margin": 0.12056163135110504,
      "fcf_margin": 0.0012588288904078378,
      "op_leverage_ratio": 0.23064995037901842,
      "fcf_margin_change": -0.18537938114055624
    },
    {
      "date": "2021-12-31T00:00:00",
      "quarter_label": "2021-12 (Q4)",
      "revenue": 1363045000,
      "gross_profit": 434325000,
      "operating_income": 168593000,
      "net_income": 116217000,
      "opex": 265732000,
      "cogs": 928720000,
      "rd": null,
      "sga": 238678000,
      "fcf": 63122000,
      "ocf": 77985000,
      "capex": -14863000,
      "gross_margin": 0.3186431849278637,
      "op_margin": 0.12368850624887659,
      "fcf_margin": 0.04630954957466555,
      "op_leverage_ratio": 1.6831961399674407,
      "fcf_margin_change": 0.04505072068425771
    },
    {
      "date": "2022-03-31T00:00:00",
      "quarter_label": "2022-03 (Q1)",
      "revenue": 1552538000,
      "gross_profit": 496168000,
      "operating_income": 207933000,
      "net_income": 146008000,
      "opex": 288235000,
      "cogs": 1056370000,
      "rd": null,
      "sga": 257579000,
      "fcf": 186625000,
      "ocf": 200215000,
      "capex": -13590000,
      "gross_margin": 0.3195850922811551,
      "op_margin": 0.1339310213340994,
      "fcf_margin": 0.12020639752456945,
      "incr_op_margin_yoy": 0.15531366215966863,
      "rev_growth_yoy": 0.7524090095886313,
      "op_leverage_ratio": 1.6416720849183355,
      "fcf_margin_change": 0.0738968479499039
    },
    {
      "date": "2022-06-30T00:00:00",
      "quarter_label": "2022-06 (Q2)",
      "revenue": 1426607000,
      "gross_profit": 460237000,
      "operating_income": 183533000,
      "net_income": 123800000,
      "opex": 276704000,
      "cogs": 966370000,
      "rd": null,
      "sga": 244430000,
      "fcf": 207241000,
      "ocf": 224462000,
      "capex": -17221000,
      "gross_margin": 0.32260952035143525,
      "op_margin": 0.1286500066241088,
      "fcf_margin": 0.14526845865749993,
      "incr_op_margin_yoy": 0.14821614935642224,
      "rev_growth_yoy": 0.6637883479406842,
      "rev_growth_yoy_accel": -0.08862066164794713,
      "fcf_margin_change": 0.025062061132930483
    },
    {
      "date": "2022-09-30T00:00:00",
      "quarter_label": "2022-09 (Q3)",
      "revenue": 1138586000,
      "gross_profit": 385026000,
      "operating_income": 136368000,
      "net_income": 92445000,
      "opex": 248658000,
      "cogs": 753560000,
      "rd": null,
      "sga": 215419000,
      "fcf": 93310000,
      "ocf": 113728000,
      "capex": -20418000,
      "gross_margin": 0.33816154423117795,
      "op_margin": 0.11976960897112734,
      "fcf_margin": 0.08195252708183659,
      "incr_op_margin_yoy": 0.1171036788784674,
      "rev_growth_yoy": 0.2970904534062429,
      "rev_growth_yoy_accel": -0.3666978945344413,
      "fcf_margin_change": -0.06331593157566334
    },
    {
      "date": "2022-12-31T00:00:00",
      "quarter_label": "2022-12 (Q4)",
      "revenue": 1125511000,
      "gross_profit": 375253000,
      "operating_income": 119267000,
      "net_income": 81797000,
      "opex": 255986000,
      "cogs": 750258000,
      "rd": null,
      "sga": 219148000,
      "fcf": 90726000,
      "ocf": 115328000,
      "capex": -24602000,
      "gross_margin": 0.33340678145304664,
      "op_margin": 0.10596697855462986,
      "fcf_margin": 0.08060871906183058,
      "incr_op_margin_yoy": 0.2076586930713077,
      "rev_growth_yoy": -0.1742671738643992,
      "rev_growth_yoy_accel": -0.4713576272706421,
      "fcf_margin_change": -0.0013438080200060126
    },
    {
      "date": "2023-03-31T00:00:00",
      "quarter_label": "2023-03 (Q1)",
      "revenue": 1126223000,
      "gross_profit": 368846000,
      "operating_income": 125670000,
      "net_income": 84110000,
      "opex": 243176000,
      "cogs": 757377000,
      "rd": null,
      "sga": 205599000,
      "fcf": 25947000,
      "ocf": 43434000,
      "capex": -17487000,
      "gross_margin": 0.32750707453142053,
      "op_margin": 0.11158536098090698,
      "fcf_margin": 0.02303895409701276,
      "incr_op_margin_yoy": 0.19296294993138877,
      "rev_growth_yoy": -0.2745923127163393,
      "rev_growth_yoy_accel": -0.10032513885194014,
      "fcf_margin_change": -0.05756976496481782
    },
    {
      "date": "2023-06-30T00:00:00",
      "quarter_label": "2023-06 (Q2)",
      "revenue": 991299000,
      "gross_profit": 330281000,
      "operating_income": 91663000,
      "net_income": 60906000,
      "opex": 238618000,
      "cogs": 661018000,
      "rd": null,
      "sga": 201771000,
      "fcf": 171218000,
      "ocf": 197667000,
      "capex": -26449000,
      "gross_margin": 0.33317999917280255,
      "op_margin": 0.09246756024166271,
      "fcf_margin": 0.17272084406420263,
      "incr_op_margin_yoy": 0.21104597204737796,
      "rev_growth_yoy": -0.3051351914016965,
      "rev_growth_yoy_accel": -0.030542878685357155,
      "fcf_margin_change": 0.14968188996718987
    },
    {
      "date": "2023-09-30T00:00:00",
      "quarter_label": "2023-09 (Q3)",
      "revenue": 853463000,
      "gross_profit": 289506000,
      "operating_income": 86926000,
      "net_income": 53174000,
      "opex": 202580000,
      "cogs": 563957000,
      "rd": null,
      "sga": 163405000,
      "fcf": 142299000,
      "ocf": 172194000,
      "capex": -29895000,
      "gross_margin": 0.33921329922914056,
      "op_margin": 0.10185092968295052,
      "fcf_margin": 0.16673130528212704,
      "incr_op_margin_yoy": 0.17340586343437744,
      "rev_growth_yoy": -0.2504185015448987,
      "rev_growth_yoy_accel": 0.054716689856797784,
      "fcf_margin_change": -0.005989538782075587
    },
    {
      "date": "2023-12-31T00:00:00",
      "quarter_label": "2023-12 (Q4)",
      "revenue": 818269000,
      "gross_profit": 260948000,
      "operating_income": 34170000,
      "net_income": 12489000,
      "opex": 226778000,
      "cogs": 557321000,
      "rd": null,
      "sga": 185463000,
      "fcf": -70986000,
      "ocf": -41130000,
      "capex": -29856000,
      "gross_margin": 0.31890246361526586,
      "op_margin": 0.041758883692282124,
      "fcf_margin": -0.08675142282061278,
      "incr_op_margin_yoy": 0.2769705964679308,
      "rev_growth_yoy": -0.27298000641486403,
      "rev_growth_yoy_accel": -0.022561504869965332,
      "fcf_margin_change": -0.2534827281027398
    },
    {
      "date": "2024-03-31T00:00:00",
      "quarter_label": "2024-03 (Q1)",
      "revenue": 820878000,
      "gross_profit": 257506000,
      "operating_income": 39945000,
      "net_income": 17328000,
      "opex": 217561000,
      "cogs": 563372000,
      "rd": null,
      "sga": 174842000,
      "fcf": 63241000,
      "ocf": 81386000,
      "capex": -18145000,
      "gross_margin": 0.3136958232526636,
      "op_margin": 0.04866131142508388,
      "fcf_margin": 0.07704068083198722,
      "incr_op_margin_yoy": 0.280748006353469,
      "rev_growth_yoy": -0.2711230369118727,
      "rev_growth_yoy_accel": 0.0018569695029913569,
      "fcf_margin_change": 0.1637921036526
    },
    {
      "date": "2024-06-30T00:00:00",
      "quarter_label": "2024-06 (Q2)",
      "revenue": 740685000,
      "gross_profit": 229827000,
      "operating_income": 37682000,
      "net_income": 16237000,
      "opex": 192145000,
      "cogs": 510858000,
      "rd": null,
      "sga": 149044000,
      "fcf": 72249000,
      "ocf": 99515000,
      "capex": -27266000,
      "gross_margin": 0.31028979930739786,
      "op_margin": 0.050874528308255194,
      "fcf_margin": 0.09754349014763361,
      "incr_op_margin_yoy": 0.21539498990479383,
      "rev_growth_yoy": -0.25281373228460835,
      "rev_growth_yoy_accel": 0.018309304627264322,
      "fcf_margin_change": 0.020502809315646395
    },
    {
      "date": "2024-09-30T00:00:00",
      "quarter_label": "2024-09 (Q3)",
      "revenue": 687509000,
      "gross_profit": 213055000,
      "operating_income": 22252000,
      "net_income": 6989000,
      "opex": 190803000,
      "cogs": 474454000,
      "rd": null,
      "sga": 149681000,
      "fcf": 47443000,
      "ocf": 66703000,
      "capex": -19260000,
      "gross_margin": 0.30989412502236335,
      "op_margin": 0.03236612175258797,
      "fcf_margin": 0.06900709663437134,
      "incr_op_margin_yoy": 0.3897104016775733,
      "rev_growth_yoy": -0.19444779679962693,
      "rev_growth_yoy_accel": 0.058365935484981424,
      "fcf_margin_change": -0.028536393513262273
    },
    {
      "date": "2024-12-31T00:00:00",
      "quarter_label": "2024-12 (Q4)",
      "revenue": 734709000,
      "gross_profit": 218988000,
      "operating_income": -202552000,
      "net_income": -187533000,
      "opex": 421540000,
      "cogs": 515721000,
      "rd": null,
      "sga": 158922000,
      "fcf": 56594000,
      "ocf": 72814000,
      "capex": -16220000,
      "gross_margin": 0.29806086491386385,
      "op_margin": -0.2756901031564878,
      "fcf_margin": 0.07702913670582502,
      "incr_op_margin_yoy": 2.8329583532790807,
      "rev_growth_yoy": -0.10211800764785174,
      "rev_growth_yoy_accel": 0.09232978915177519,
      "op_leverage_ratio": 0.05677165671016524,
      "fcf_margin_change": 0.008022040071453684
    },
    {
      "date": "2025-03-31T00:00:00",
      "quarter_label": "2025-03 (Q1)",
      "revenue": 689533000,
      "gross_profit": 198120000,
      "operating_income": 12507000,
      "net_income": -1092000,
      "opex": 185613000,
      "cogs": 491413000,
      "rd": null,
      "sga": 147731000,
      "fcf": 82696000,
      "ocf": 92671000,
      "capex": -9975000,
      "gross_margin": 0.2873248996059652,
      "op_margin": 0.018138363211042837,
      "fcf_margin": 0.11993044567845194,
      "incr_op_margin_yoy": 0.20890022459933763,
      "rev_growth_yoy": -0.16000550629935265,
      "rev_growth_yoy_accel": -0.057887498651500904,
      "fcf_margin_change": 0.04290130897262692
    },
    {
      "date": "2025-06-30T00:00:00",
      "quarter_label": "2025-06 (Q2)",
      "revenue": 658175000,
      "gross_profit": 196399000,
      "operating_income": -123715000,
      "net_income": -116202000,
      "opex": 320114000,
      "cogs": 461776000,
      "rd": null,
      "sga": 154584000,
      "fcf": 68748000,
      "ocf": 78548000,
      "capex": -9800000,
      "gross_margin": 0.29839936187184257,
      "op_margin": -0.1879667261746496,
      "fcf_margin": 0.10445246325065521,
      "incr_op_margin_yoy": 1.9560901708883771,
      "rev_growth_yoy": -0.1113968826154168,
      "rev_growth_yoy_accel": 0.04860862368393584,
      "fcf_margin_change": -0.01547798242779673
    },
    {
      "date": "2025-09-30T00:00:00",
      "quarter_label": "2025-09 (Q3)",
      "revenue": 634496000,
      "gross_profit": 184412000,
      "operating_income": 47618000,
      "net_income": 29288000,
      "opex": 136794000,
      "cogs": 450084000,
      "rd": null,
      "sga": 138594000,
      "fcf": 14758000,
      "ocf": 22666000,
      "capex": -7908000,
      "gross_margin": 0.2906432822271535,
      "op_margin": 0.07504854246520072,
      "fcf_margin": 0.023259405890659675,
      "incr_op_margin_yoy": -0.47848640899402034,
      "rev_growth_yoy": -0.07710880875741263,
      "rev_growth_yoy_accel": 0.03428807385800417,
      "fcf_margin_change": -0.08119305735999555
    },
    {
      "date": "2025-12-31T00:00:00",
      "quarter_label": "2025-12 (Q4)",
      "revenue": 748225000,
      "gross_profit": 195127000,
      "operating_income": 8118000,
      "net_income": -7696000,
      "opex": 187009000,
      "cogs": 553098000,
      "rd": null,
      "sga": 152113000,
      "fcf": 67626000,
      "ocf": 75572000,
      "capex": -7946000,
      "gross_margin": 0.26078652811654246,
      "op_margin": 0.010849677570249591,
      "fcf_margin": 0.09038190383908584,
      "incr_op_margin_yoy": 15.586712044983724,
      "rev_growth_yoy": 0.018396399118562588,
      "rev_growth_yoy_accel": 0.09550520787597522,
      "op_leverage_ratio": 0.48828784543238335,
      "fcf_margin_change": 0.06712249794842617
    }
  ],
  "signals": [
    {
      "quarter": "2025-12 (Q4)",
      "signal": "FCF MARGIN EXPANSION",
      "detail": "FCF margin: +2.3% -> +9.0% (+6.7%)",
      "severity": "MEDIUM"
    },
    {
      "quarter": "2025-12 (Q4)",
      "signal": "YoY REVENUE GROWTH ACCELERATION",
      "detail": "YoY growth: +1.8% vs prior quarter YoY: -7.7% (accel: +9.6%)",
      "severity": "MEDIUM"
    },
    {
      "quarter": "2025-12 (Q4)",
      "signal": "OP MARGIN TURNED POSITIVE (YoY)",
      "detail": "Op margin: -27.6% (year-ago) -> +1.1%",
      "severity": "HIGH"
    },
    {
      "quarter": "2025-09 (Q3)",
      "signal": "OP MARGIN TURNED POSITIVE (QoQ)",
      "detail": "Op margin: -18.8% -> +7.5%",
      "severity": "HIGH"
    },
    {
      "quarter": "2025-03 (Q1)",
      "signal": "YoY REVENUE GROWTH DECELERATION",
      "detail": "YoY growth: -16.0% vs prior quarter YoY: -10.2% (decel: -5.8%)",
      "severity": "WARNING"
    },
    {
      "quarter": "2025-03 (Q1)",
      "signal": "INCREMENTAL MARGIN (YoY)",
      "detail": "YoY Incr OPM: +20.9% vs year-ago OPM: +4.9%",
      "severity": "MEDIUM"
    },
    {
      "quarter": "2025-03 (Q1)",
      "signal": "OP MARGIN TURNED POSITIVE (QoQ)",
      "detail": "Op margin: -27.6% -> +1.8%",
      "severity": "HIGH"
    },
    {
      "quarter": "2024-12 (Q4)",
      "signal": "YoY REVENUE GROWTH ACCELERATION",
      "detail": "YoY growth: -10.2% vs prior quarter YoY: -19.4% (accel: +9.2%)",
      "severity": "MEDIUM"
    },
    {
      "quarter": "2024-09 (Q3)",
      "signal": "YoY REVENUE GROWTH ACCELERATION",
      "detail": "YoY growth: -19.4% vs prior quarter YoY: -25.3% (accel: +5.8%)",
      "severity": "MEDIUM"
    },
    {
      "quarter": "2024-09 (Q3)",
      "signal": "INCREMENTAL MARGIN (YoY)",
      "detail": "YoY Incr OPM: +39.0% vs year-ago OPM: +10.2%",
      "severity": "HIGH"
    },
    {
      "quarter": "2024-06 (Q2)",
      "signal": "INCREMENTAL MARGIN (YoY)",
      "detail": "YoY Incr OPM: +21.5% vs year-ago OPM: +9.2%",
      "severity": "MEDIUM"
    },
    {
      "quarter": "2024-03 (Q1)",
      "signal": "FCF TURNED POSITIVE",
      "detail": "FCF margin: -8.7% -> +7.7%",
      "severity": "HIGH"
    },
    {
      "quarter": "2024-03 (Q1)",
      "signal": "INCREMENTAL MARGIN (YoY)",
      "detail": "YoY Incr OPM: +28.1% vs year-ago OPM: +11.2%",
      "severity": "MEDIUM"
    },
    {
      "quarter": "2023-12 (Q4)",
      "signal": "INCREMENTAL MARGIN (YoY)",
      "detail": "YoY Incr OPM: +27.7% vs year-ago OPM: +10.6%",
      "severity": "MEDIUM"
    },
    {
      "quarter": "2023-09 (Q3)",
      "signal": "YoY REVENUE GROWTH ACCELERATION",
      "detail": "YoY growth: -25.0% vs prior quarter YoY: -30.5% (accel: +5.5%)",
      "severity": "MEDIUM"
    },
    {
      "quarter": "2023-06 (Q2)",
      "signal": "FCF MARGIN EXPANSION",
      "detail": "FCF margin: +2.3% -> +17.3% (+15.0%)",
      "severity": "MEDIUM"
    },
    {
      "quarter": "2023-03 (Q1)",
      "signal": "YoY REVENUE GROWTH DECELERATION",
      "detail": "YoY growth: -27.5% vs prior quarter YoY: -17.4% (decel: -10.0%)",
      "severity": "WARNING"
    },
    {
      "quarter": "2022-12 (Q4)",
      "signal": "YoY REVENUE GROWTH DECELERATION",
      "detail": "YoY growth: -17.4% vs prior quarter YoY: +29.7% (decel: -47.1%)",
      "severity": "WARNING"
    },
    {
      "quarter": "2022-09 (Q3)",
      "signal": "YoY REVENUE GROWTH DECELERATION",
      "detail": "YoY growth: +29.7% vs prior quarter YoY: +66.4% (decel: -36.7%)",
      "severity": "WARNING"
    },
    {
      "quarter": "2022-06 (Q2)",
      "signal": "YoY REVENUE GROWTH DECELERATION",
      "detail": "YoY growth: +66.4% vs prior quarter YoY: +75.2% (decel: -8.9%)",
      "severity": "WARNING"
    },
    {
      "quarter": "2022-03 (Q1)",
      "signal": "FCF MARGIN EXPANSION",
      "detail": "FCF margin: +4.6% -> +12.0% (+7.4%)",
      "severity": "MEDIUM"
    },
    {
      "quarter": "2022-03 (Q1)",
      "signal": "OPERATING LEVERAGE",
      "detail": "Rev growth +13.9% vs OpEx growth +8.5% (leverage: 1.6x)",
      "severity": "MEDIUM"
    },
    {
      "quarter": "2021-12 (Q4)",
      "signal": "OPERATING LEVERAGE",
      "detail": "Rev growth +55.3% vs OpEx growth +32.8% (leverage: 1.7x)",
      "severity": "MEDIUM"
    },
    {
      "quarter": "2021-06 (Q2)",
      "signal": "FCF MARGIN EXPANSION",
      "detail": "FCF margin: +3.1% -> +18.7% (+15.6%)",
      "severity": "MEDIUM"
    }
  ],
  "data_quality": {
    "n_quarters": 20,
    "coverage": {
      "revenue": [
        20,
        20
      ],
      "gross_profit": [
        20,
        20
      ],
      "op_income": [
        20,
        20
      ],
      "fcf": [
        20,
        20
      ]
    },
    "gaps": [],
    "warnings": []
  },
  "market_cap": null,
  "source": "SEC EDGAR",
  "last_updated": "2026-02-24T10:12:11.967946"
}