{
  "ticker": "AMPGW",
  "name": "AmpliTech     Group, Inc.",
  "quarters": [
    {
      "date": "2020-12-31T00:00:00",
      "quarter_label": "2020-12 (Q4)",
      "revenue": 890702,
      "gross_profit": 268689,
      "operating_income": -445228,
      "net_income": -476340,
      "opex": 713917,
      "cogs": 622013,
      "rd": 20870,
      "sga": 713917,
      "fcf": -67249,
      "ocf": -7187,
      "capex": -60062,
      "gross_margin": 0.3016598143935907,
      "op_margin": -0.4998619066758579,
      "fcf_margin": -0.07550112158724243
    },
    {
      "date": "2021-03-31T00:00:00",
      "quarter_label": "2021-03 (Q1)",
      "revenue": 472974,
      "gross_profit": 54981,
      "operating_income": -853573,
      "net_income": -879931,
      "opex": 908554,
      "cogs": 417993,
      "rd": 7229,
      "sga": 908554,
      "fcf": -673991,
      "ocf": -658991,
      "capex": -15000,
      "gross_margin": 0.1162452904387979,
      "op_margin": -1.8046932812374465,
      "fcf_margin": -1.425006448557426,
      "fcf_margin_change": -1.3495053269701835
    },
    {
      "date": "2021-06-30T00:00:00",
      "quarter_label": "2021-06 (Q2)",
      "revenue": 1024410,
      "gross_profit": 344623,
      "operating_income": -698927,
      "net_income": -472695,
      "opex": 1043550,
      "cogs": 679787,
      "rd": 55732,
      "sga": 1043550,
      "fcf": -1360090,
      "ocf": -961554,
      "capex": -398536,
      "gross_margin": 0.33641120254585566,
      "op_margin": -0.6822727228355834,
      "fcf_margin": -1.3276812994797005,
      "op_leverage_ratio": 7.846711622647052,
      "fcf_margin_change": 0.0973251490777256
    },
    {
      "date": "2021-09-30T00:00:00",
      "quarter_label": "2021-09 (Q3)",
      "revenue": 1056596,
      "gross_profit": 313613,
      "operating_income": -536716,
      "net_income": -592845,
      "opex": 850329,
      "cogs": 742983,
      "rd": 16755,
      "sga": 850329,
      "fcf": -1428551,
      "ocf": -893964,
      "capex": -534587,
      "gross_margin": 0.2968144872780136,
      "op_margin": -0.5079670943293368,
      "fcf_margin": -1.3520314292312294,
      "op_leverage_ratio": Infinity,
      "fcf_margin_change": -0.02435012975152895
    },
    {
      "date": "2021-12-31T00:00:00",
      "quarter_label": "2021-12 (Q4)",
      "revenue": 2721452,
      "gross_profit": 579419,
      "operating_income": -3016204,
      "net_income": -2813334,
      "opex": 3595623,
      "cogs": 2142033,
      "rd": 1794257,
      "sga": 1762224,
      "fcf": 199943,
      "ocf": 315496,
      "capex": -115553,
      "gross_margin": 0.2129080358573291,
      "op_margin": -1.108306889116545,
      "fcf_margin": 0.07346923627534126,
      "incr_op_margin_yoy": -1.4043293732077018,
      "rev_growth_yoy": 2.0554012453098793,
      "op_leverage_ratio": 0.48805171498152367,
      "fcf_margin_change": 1.4255006655065707
    },
    {
      "date": "2022-03-31T00:00:00",
      "quarter_label": "2022-03 (Q1)",
      "revenue": 5099520,
      "gross_profit": 2323598,
      "operating_income": 8985,
      "net_income": 3625,
      "opex": 2314613,
      "cogs": 2775922,
      "rd": 413303,
      "sga": 1901310,
      "fcf": -1924901,
      "ocf": -1842051,
      "capex": -82850,
      "gross_margin": 0.4556503357178715,
      "op_margin": 0.0017619305346385542,
      "fcf_margin": -0.3774670949422691,
      "incr_op_margin_yoy": 0.18643670677866384,
      "rev_growth_yoy": 9.781818873764731,
      "rev_growth_yoy_accel": 7.726417628454852,
      "op_leverage_ratio": Infinity,
      "fcf_margin_change": -0.45093633121761034
    },
    {
      "date": "2022-06-30T00:00:00",
      "quarter_label": "2022-06 (Q2)",
      "revenue": 4584042,
      "gross_profit": 2037719,
      "operating_income": -359902,
      "net_income": -369540,
      "opex": 2397621,
      "cogs": 2546323,
      "rd": 175836,
      "sga": 2221785,
      "fcf": -1507875,
      "ocf": -1340245,
      "capex": -167630,
      "gross_margin": 0.44452450479293165,
      "op_margin": -0.07851193335488636,
      "fcf_margin": -0.32894004897860885,
      "incr_op_margin_yoy": 0.09524158677076731,
      "rev_growth_yoy": 3.474811842914458,
      "rev_growth_yoy_accel": -6.307007030850273,
      "fcf_margin_change": 0.048527045963660254
    },
    {
      "date": "2022-09-30T00:00:00",
      "quarter_label": "2022-09 (Q3)",
      "revenue": 5435654,
      "gross_profit": 2660915,
      "operating_income": 586021,
      "net_income": 576916,
      "opex": 2074894,
      "cogs": 2774739,
      "rd": 222549,
      "sga": 1852345,
      "fcf": -772297,
      "ocf": -326524,
      "capex": -445773,
      "gross_margin": 0.48952987073864523,
      "op_margin": 0.10781057808315246,
      "fcf_margin": -0.14207986748236734,
      "incr_op_margin_yoy": 0.2563877893373415,
      "rev_growth_yoy": 4.144496098792727,
      "rev_growth_yoy_accel": 0.669684255878269,
      "op_leverage_ratio": Infinity,
      "fcf_margin_change": 0.1868601814962415
    },
    {
      "date": "2022-12-31T00:00:00",
      "quarter_label": "2022-12 (Q4)",
      "revenue": 4275276,
      "gross_profit": 1902632,
      "operating_income": -84147,
      "net_income": -888108,
      "opex": 1986779,
      "cogs": 2372644,
      "rd": 212439,
      "sga": 1655810,
      "fcf": 44066,
      "ocf": 83574,
      "capex": -39508,
      "gross_margin": 0.4450313851082363,
      "op_margin": -0.01968223805901654,
      "fcf_margin": 0.01030717081189612,
      "incr_op_margin_yoy": 1.8869942799184463,
      "rev_growth_yoy": 0.5709540348314062,
      "rev_growth_yoy_accel": -3.573542063961321,
      "fcf_margin_change": 0.15238703829426345
    },
    {
      "date": "2023-03-31T00:00:00",
      "quarter_label": "2023-03 (Q1)",
      "revenue": 4112299,
      "gross_profit": 1816531,
      "operating_income": -619111,
      "net_income": -581966,
      "opex": 2435642,
      "cogs": 2295768,
      "rd": 348730,
      "sga": 2086912,
      "fcf": -704175,
      "ocf": -652506,
      "capex": -51669,
      "gross_margin": 0.44173125543643593,
      "op_margin": -0.1505510664472598,
      "fcf_margin": -0.17123633276665923,
      "rev_growth_yoy": -0.1935909654241968,
      "rev_growth_yoy_accel": -0.7645450002556029,
      "fcf_margin_change": -0.18154350357855534
    },
    {
      "date": "2023-06-30T00:00:00",
      "quarter_label": "2023-06 (Q2)",
      "revenue": 4073231,
      "gross_profit": 1921209,
      "operating_income": -508110,
      "net_income": -472761,
      "opex": 2429319,
      "cogs": 2152022,
      "rd": 697905,
      "sga": 1731414,
      "fcf": -1329218,
      "ocf": -604380,
      "capex": -724838,
      "gross_margin": 0.47166708688998976,
      "op_margin": -0.12474372310335456,
      "fcf_margin": -0.3263301295703583,
      "rev_growth_yoy": -0.11143244324550255,
      "rev_growth_yoy_accel": 0.08215852217869424,
      "fcf_margin_change": -0.15509379680369906
    },
    {
      "date": "2023-09-30T00:00:00",
      "quarter_label": "2023-09 (Q3)",
      "revenue": 3387169,
      "gross_profit": 1482781,
      "operating_income": -927244,
      "net_income": -887709,
      "opex": 2410025,
      "cogs": 1904388,
      "rd": 425573,
      "sga": 1984452,
      "fcf": -664389,
      "ocf": -509204,
      "capex": -155185,
      "gross_margin": 0.43776410329688303,
      "op_margin": -0.27375191494726125,
      "fcf_margin": -0.19614876021834163,
      "incr_op_margin_yoy": 0.7387239838221905,
      "rev_growth_yoy": -0.3768608156442629,
      "rev_growth_yoy_accel": -0.2654283723987603,
      "fcf_margin_change": 0.13018136935201666
    },
    {
      "date": "2023-12-31T00:00:00",
      "quarter_label": "2023-12 (Q4)",
      "revenue": 4011878,
      "gross_profit": 2008857,
      "operating_income": -523071,
      "net_income": -523003,
      "opex": 2531928,
      "cogs": 2003021,
      "rd": 698387,
      "sga": 1833541,
      "fcf": -1746457,
      "ocf": -1704800,
      "capex": -41657,
      "gross_margin": 0.5007273401633848,
      "op_margin": -0.1303805848532782,
      "fcf_margin": -0.4353215626198005,
      "rev_growth_yoy": -0.06160958964988459,
      "rev_growth_yoy_accel": 0.31525122599437827,
      "op_leverage_ratio": 3.646263506569003,
      "fcf_margin_change": -0.23917280240145886
    },
    {
      "date": "2024-03-31T00:00:00",
      "quarter_label": "2024-03 (Q1)",
      "revenue": 2293331,
      "gross_profit": 882630,
      "operating_income": -1427872,
      "net_income": -4655161,
      "opex": 2310502,
      "cogs": 1410701,
      "rd": 276755,
      "sga": 2033747,
      "fcf": -1078439,
      "ocf": -1076864,
      "capex": -1575,
      "gross_margin": 0.3848681241390798,
      "op_margin": -0.6226192381300388,
      "fcf_margin": -0.4702500424055664,
      "incr_op_margin_yoy": 0.4446262935906514,
      "rev_growth_yoy": -0.4423238679872256,
      "rev_growth_yoy_accel": -0.380714278337341,
      "fcf_margin_change": -0.03492847978576591
    },
    {
      "date": "2024-06-30T00:00:00",
      "quarter_label": "2024-06 (Q2)",
      "revenue": 2527442,
      "gross_profit": 1057087,
      "operating_income": -1568090,
      "net_income": -1576274,
      "opex": 2625177,
      "cogs": 1470355,
      "rd": 460122,
      "sga": 2165055,
      "fcf": -1331707,
      "ocf": -1319602,
      "capex": -12105,
      "gross_margin": 0.4182438212231972,
      "op_margin": -0.6204257110548926,
      "fcf_margin": -0.5268991335904049,
      "incr_op_margin_yoy": 0.6857210136700417,
      "rev_growth_yoy": -0.3794994686036711,
      "rev_growth_yoy_accel": 0.0628243993835545,
      "op_leverage_ratio": 0.74954754546178,
      "fcf_margin_change": -0.05664909118483846
    },
    {
      "date": "2024-09-30T00:00:00",
      "quarter_label": "2024-09 (Q3)",
      "revenue": 2834512,
      "gross_profit": 1347929,
      "operating_income": -1088738,
      "net_income": -1189683,
      "opex": 2436667,
      "cogs": 1486583,
      "rd": 572422,
      "sga": 1864245,
      "fcf": -1745154,
      "ocf": -1732403,
      "capex": -12751,
      "gross_margin": 0.47554182166101255,
      "op_margin": -0.3841006847033987,
      "fcf_margin": -0.6156805827599248,
      "rev_growth_yoy": -0.16316192076628003,
      "rev_growth_yoy_accel": 0.2163375478373911,
      "op_leverage_ratio": Infinity,
      "fcf_margin_change": -0.08878144916951991
    },
    {
      "date": "2024-12-31T00:00:00",
      "quarter_label": "2024-12 (Q4)",
      "revenue": 1853087,
      "gross_profit": 197461,
      "operating_income": -4345287,
      "net_income": -3821286,
      "opex": 4542748,
      "cogs": 1655626,
      "rd": 2281396,
      "sga": 1793424,
      "fcf": -1183334,
      "ocf": -1166845,
      "capex": -16489,
      "gross_margin": 0.10655786803317922,
      "op_margin": -2.344890984611084,
      "fcf_margin": -0.638574443617596,
      "incr_op_margin_yoy": 1.770535452482431,
      "rev_growth_yoy": -0.5380998624584297,
      "rev_growth_yoy_accel": -0.37493794169214967,
      "fcf_margin_change": -0.0228938608576712
    },
    {
      "date": "2025-03-31T00:00:00",
      "quarter_label": "2025-03 (Q1)",
      "revenue": 3599099,
      "gross_profit": 1187870,
      "operating_income": -1890018,
      "net_income": -1840521,
      "opex": 3077888,
      "cogs": 2411229,
      "rd": 739673,
      "sga": 2338215,
      "fcf": -2369992,
      "ocf": -2008947,
      "capex": -361045,
      "gross_margin": 0.33004649219151794,
      "op_margin": -0.5251364299787252,
      "fcf_margin": -0.6584959180061454,
      "incr_op_margin_yoy": -0.3539265780751251,
      "rev_growth_yoy": 0.5693761607024891,
      "rev_growth_yoy_accel": 1.1074760231609186,
      "op_leverage_ratio": Infinity,
      "fcf_margin_change": -0.01992147438854941
    },
    {
      "date": "2025-06-30T00:00:00",
      "quarter_label": "2025-06 (Q2)",
      "revenue": 11025927,
      "gross_profit": 862879,
      "operating_income": -1925059,
      "net_income": -1771625,
      "opex": 2787938,
      "cogs": 10163048,
      "rd": 658795,
      "sga": 2129143,
      "fcf": -2377737,
      "ocf": -2251290,
      "capex": -126447,
      "gross_margin": 0.0782590887822856,
      "op_margin": -0.17459384594147956,
      "fcf_margin": -0.2156496229296639,
      "incr_op_margin_yoy": -0.04200383950786522,
      "rev_growth_yoy": 3.3624846781845044,
      "rev_growth_yoy_accel": 2.793108517482015,
      "op_leverage_ratio": Infinity,
      "fcf_margin_change": 0.4428462950764815
    },
    {
      "date": "2025-09-30T00:00:00",
      "quarter_label": "2025-09 (Q3)",
      "revenue": 6093832,
      "gross_profit": 2959643,
      "operating_income": -221256,
      "net_income": -188373,
      "opex": 3180899,
      "cogs": 3134189,
      "rd": 699319,
      "sga": 2481580,
      "fcf": -1441987,
      "ocf": -999351,
      "capex": -442636,
      "gross_margin": 0.4856784696394649,
      "op_margin": -0.03630818834519888,
      "fcf_margin": -0.2366305799044017,
      "incr_op_margin_yoy": 0.26615428985187095,
      "rev_growth_yoy": 1.149869889420119,
      "rev_growth_yoy_accel": -2.2126147887643857,
      "fcf_margin_change": -0.020980956974737813
    }
  ],
  "signals": [
    {
      "quarter": "2025-09 (Q3)",
      "signal": "GROSS MARGIN INFLECTION",
      "detail": "GM: +33.0% -> +7.8% -> +48.6% (reversal +40.7%)",
      "severity": "HIGH"
    },
    {
      "quarter": "2025-09 (Q3)",
      "signal": "YoY REVENUE GROWTH DECELERATION",
      "detail": "YoY growth: +115.0% vs prior quarter YoY: +336.2% (decel: -221.3%)",
      "severity": "WARNING"
    },
    {
      "quarter": "2025-06 (Q2)",
      "signal": "FCF MARGIN EXPANSION",
      "detail": "FCF margin: -65.8% -> -21.6% (+44.3%)",
      "severity": "MEDIUM"
    },
    {
      "quarter": "2025-06 (Q2)",
      "signal": "YoY REVENUE GROWTH ACCELERATION",
      "detail": "YoY growth: +336.2% vs prior quarter YoY: +56.9% (accel: +279.3%)",
      "severity": "HIGH"
    },
    {
      "quarter": "2025-03 (Q1)",
      "signal": "GROSS MARGIN INFLECTION",
      "detail": "GM: +47.6% -> +10.7% -> +33.0% (reversal +22.3%)",
      "severity": "HIGH"
    },
    {
      "quarter": "2025-03 (Q1)",
      "signal": "YoY REVENUE GROWTH ACCELERATION",
      "detail": "YoY growth: +56.9% vs prior quarter YoY: -53.8% (accel: +110.7%)",
      "severity": "HIGH"
    },
    {
      "quarter": "2024-12 (Q4)",
      "signal": "YoY REVENUE GROWTH DECELERATION",
      "detail": "YoY growth: -53.8% vs prior quarter YoY: -16.3% (decel: -37.5%)",
      "severity": "WARNING"
    },
    {
      "quarter": "2024-09 (Q3)",
      "signal": "YoY REVENUE GROWTH ACCELERATION",
      "detail": "YoY growth: -16.3% vs prior quarter YoY: -37.9% (accel: +21.6%)",
      "severity": "HIGH"
    },
    {
      "quarter": "2024-06 (Q2)",
      "signal": "GROSS MARGIN INFLECTION",
      "detail": "GM: +50.1% -> +38.5% -> +41.8% (reversal +3.3%)",
      "severity": "MEDIUM"
    },
    {
      "quarter": "2024-06 (Q2)",
      "signal": "YoY REVENUE GROWTH ACCELERATION",
      "detail": "YoY growth: -37.9% vs prior quarter YoY: -44.2% (accel: +6.3%)",
      "severity": "MEDIUM"
    },
    {
      "quarter": "2024-03 (Q1)",
      "signal": "YoY REVENUE GROWTH DECELERATION",
      "detail": "YoY growth: -44.2% vs prior quarter YoY: -6.2% (decel: -38.1%)",
      "severity": "WARNING"
    },
    {
      "quarter": "2023-12 (Q4)",
      "signal": "OPERATING LEVERAGE",
      "detail": "Rev growth +18.4% vs OpEx growth +5.1% (leverage: 3.6x)",
      "severity": "MEDIUM"
    },
    {
      "quarter": "2023-12 (Q4)",
      "signal": "GROSS MARGIN INFLECTION",
      "detail": "GM: +47.2% -> +43.8% -> +50.1% (reversal +6.3%)",
      "severity": "HIGH"
    },
    {
      "quarter": "2023-12 (Q4)",
      "signal": "YoY REVENUE GROWTH ACCELERATION",
      "detail": "YoY growth: -6.2% vs prior quarter YoY: -37.7% (accel: +31.5%)",
      "severity": "HIGH"
    },
    {
      "quarter": "2023-09 (Q3)",
      "signal": "FCF MARGIN EXPANSION",
      "detail": "FCF margin: -32.6% -> -19.6% (+13.0%)",
      "severity": "MEDIUM"
    },
    {
      "quarter": "2023-09 (Q3)",
      "signal": "YoY REVENUE GROWTH DECELERATION",
      "detail": "YoY growth: -37.7% vs prior quarter YoY: -11.1% (decel: -26.5%)",
      "severity": "WARNING"
    },
    {
      "quarter": "2023-06 (Q2)",
      "signal": "GROSS MARGIN INFLECTION",
      "detail": "GM: +44.5% -> +44.2% -> +47.2% (reversal +3.0%)",
      "severity": "MEDIUM"
    },
    {
      "quarter": "2023-06 (Q2)",
      "signal": "YoY REVENUE GROWTH ACCELERATION",
      "detail": "YoY growth: -11.1% vs prior quarter YoY: -19.4% (accel: +8.2%)",
      "severity": "MEDIUM"
    },
    {
      "quarter": "2023-03 (Q1)",
      "signal": "YoY REVENUE GROWTH DECELERATION",
      "detail": "YoY growth: -19.4% vs prior quarter YoY: +57.1% (decel: -76.5%)",
      "severity": "WARNING"
    },
    {
      "quarter": "2022-12 (Q4)",
      "signal": "FCF TURNED POSITIVE",
      "detail": "FCF margin: -14.2% -> +1.0%",
      "severity": "HIGH"
    },
    {
      "quarter": "2022-12 (Q4)",
      "signal": "YoY REVENUE GROWTH DECELERATION",
      "detail": "YoY growth: +57.1% vs prior quarter YoY: +414.4% (decel: -357.4%)",
      "severity": "WARNING"
    },
    {
      "quarter": "2022-09 (Q3)",
      "signal": "FCF MARGIN EXPANSION",
      "detail": "FCF margin: -32.9% -> -14.2% (+18.7%)",
      "severity": "MEDIUM"
    },
    {
      "quarter": "2022-09 (Q3)",
      "signal": "GROSS MARGIN INFLECTION",
      "detail": "GM: +45.6% -> +44.5% -> +49.0% (reversal +4.5%)",
      "severity": "MEDIUM"
    },
    {
      "quarter": "2022-09 (Q3)",
      "signal": "YoY REVENUE GROWTH ACCELERATION",
      "detail": "YoY growth: +414.4% vs prior quarter YoY: +347.5% (accel: +67.0%)",
      "severity": "HIGH"
    },
    {
      "quarter": "2022-09 (Q3)",
      "signal": "OP MARGIN TURNED POSITIVE (YoY)",
      "detail": "Op margin: -50.8% (year-ago) -> +10.8%",
      "severity": "HIGH"
    },
    {
      "quarter": "2022-09 (Q3)",
      "signal": "OP MARGIN TURNED POSITIVE (QoQ)",
      "detail": "Op margin: -7.9% -> +10.8%",
      "severity": "HIGH"
    },
    {
      "quarter": "2022-06 (Q2)",
      "signal": "YoY REVENUE GROWTH DECELERATION",
      "detail": "YoY growth: +347.5% vs prior quarter YoY: +978.2% (decel: -630.7%)",
      "severity": "WARNING"
    },
    {
      "quarter": "2022-03 (Q1)",
      "signal": "GROSS MARGIN INFLECTION",
      "detail": "GM: +29.7% -> +21.3% -> +45.6% (reversal +24.3%)",
      "severity": "HIGH"
    },
    {
      "quarter": "2022-03 (Q1)",
      "signal": "YoY REVENUE GROWTH ACCELERATION",
      "detail": "YoY growth: +978.2% vs prior quarter YoY: +205.5% (accel: +772.6%)",
      "severity": "HIGH"
    },
    {
      "quarter": "2022-03 (Q1)",
      "signal": "OP MARGIN TURNED POSITIVE (YoY)",
      "detail": "Op margin: -180.5% (year-ago) -> +0.2%",
      "severity": "HIGH"
    },
    {
      "quarter": "2022-03 (Q1)",
      "signal": "OP MARGIN TURNED POSITIVE (QoQ)",
      "detail": "Op margin: -110.8% -> +0.2%",
      "severity": "HIGH"
    },
    {
      "quarter": "2021-12 (Q4)",
      "signal": "FCF TURNED POSITIVE",
      "detail": "FCF margin: -135.2% -> +7.3%",
      "severity": "HIGH"
    },
    {
      "quarter": "2021-06 (Q2)",
      "signal": "FCF MARGIN EXPANSION",
      "detail": "FCF margin: -142.5% -> -132.8% (+9.7%)",
      "severity": "MEDIUM"
    },
    {
      "quarter": "2021-06 (Q2)",
      "signal": "OPERATING LEVERAGE",
      "detail": "Rev growth +116.6% vs OpEx growth +14.9% (leverage: 7.8x)",
      "severity": "MEDIUM"
    },
    {
      "quarter": "2021-06 (Q2)",
      "signal": "GROSS MARGIN INFLECTION",
      "detail": "GM: +30.2% -> +11.6% -> +33.6% (reversal +22.0%)",
      "severity": "HIGH"
    }
  ],
  "data_quality": {
    "n_quarters": 20,
    "coverage": {
      "revenue": [
        20,
        20
      ],
      "gross_profit": [
        20,
        20
      ],
      "op_income": [
        20,
        20
      ],
      "fcf": [
        20,
        20
      ]
    },
    "gaps": [],
    "warnings": []
  },
  "market_cap": null,
  "source": "SEC EDGAR",
  "last_updated": "2026-02-03T01:08:43.548994"
}