{
  "ticker": "AMPH",
  "name": "Amphastar Pharmaceuticals, Inc.",
  "quarters": [
    {
      "date": "2020-12-31T00:00:00",
      "quarter_label": "2020-12 (Q4)",
      "revenue": 95921000,
      "gross_profit": 36832000,
      "operating_income": 2879000,
      "net_income": -6273000,
      "opex": 33953000,
      "cogs": 59089000,
      "rd": 18133000,
      "sga": null,
      "fcf": 7564000,
      "ocf": 16893000,
      "capex": -9329000,
      "gross_margin": 0.38398265239103013,
      "op_margin": 0.03001428258671198,
      "fcf_margin": 0.07885655904337945
    },
    {
      "date": "2021-03-31T00:00:00",
      "quarter_label": "2021-03 (Q1)",
      "revenue": 103020000,
      "gross_profit": 44946000,
      "operating_income": 10306000,
      "net_income": 5041000,
      "opex": 34640000,
      "cogs": 58074000,
      "rd": 14765000,
      "sga": null,
      "fcf": 15207000,
      "ocf": 22825000,
      "capex": -7618000,
      "gross_margin": 0.4362842166569598,
      "op_margin": 0.10003882741215298,
      "fcf_margin": 0.14761211415259173,
      "op_leverage_ratio": 3.6576731546446206,
      "fcf_margin_change": 0.06875555510921229
    },
    {
      "date": "2021-06-30T00:00:00",
      "quarter_label": "2021-06 (Q2)",
      "revenue": 101663000,
      "gross_profit": 47376000,
      "operating_income": 10560000,
      "net_income": 7767000,
      "opex": 36816000,
      "cogs": 54287000,
      "rd": 18122000,
      "sga": null,
      "fcf": 26418000,
      "ocf": 32159000,
      "capex": -5741000,
      "gross_margin": 0.46601024954998377,
      "op_margin": 0.10387259868388696,
      "fcf_margin": 0.25985855227565585,
      "fcf_margin_change": 0.11224643812306412
    },
    {
      "date": "2021-09-30T00:00:00",
      "quarter_label": "2021-09 (Q3)",
      "revenue": 112198000,
      "gross_profit": 51183000,
      "operating_income": 24769000,
      "net_income": 29548000,
      "opex": 26414000,
      "cogs": 61015000,
      "rd": 10759000,
      "sga": null,
      "fcf": -4650000,
      "ocf": 2569000,
      "capex": -7219000,
      "gross_margin": 0.45618460222107343,
      "op_margin": 0.22076151090037255,
      "fcf_margin": -0.04144458903010749,
      "op_leverage_ratio": Infinity,
      "fcf_margin_change": -0.30130314130576336
    },
    {
      "date": "2021-12-31T00:00:00",
      "quarter_label": "2021-12 (Q4)",
      "revenue": 120887000,
      "gross_profit": 56234000,
      "operating_income": 24252000,
      "net_income": 19760000,
      "opex": 31982000,
      "cogs": 64653000,
      "rd": 17286000,
      "sga": null,
      "fcf": 33563000,
      "ocf": 40441000,
      "capex": -6878000,
      "gross_margin": 0.4651782242921075,
      "op_margin": 0.20061710523050452,
      "fcf_margin": 0.27763944841049903,
      "incr_op_margin_yoy": 0.8560842746134744,
      "rev_growth_yoy": 0.260276686022873,
      "op_leverage_ratio": 0.3673834842826096,
      "fcf_margin_change": 0.31908403744060654
    },
    {
      "date": "2022-03-31T00:00:00",
      "quarter_label": "2022-03 (Q1)",
      "revenue": 120368000,
      "gross_profit": 55826000,
      "operating_income": 21614000,
      "net_income": 24253000,
      "opex": 34212000,
      "cogs": 64542000,
      "rd": 16223000,
      "sga": null,
      "fcf": 44626000,
      "ocf": 50765000,
      "capex": -6139000,
      "gross_margin": 0.4637943639505516,
      "op_margin": 0.1795659976073375,
      "fcf_margin": 0.3707463777748239,
      "incr_op_margin_yoy": 0.6518330643301822,
      "rev_growth_yoy": 0.16839448650747427,
      "rev_growth_yoy_accel": -0.09188219951539875,
      "fcf_margin_change": 0.09310692936432485
    },
    {
      "date": "2022-06-30T00:00:00",
      "quarter_label": "2022-06 (Q2)",
      "revenue": 123467000,
      "gross_profit": 63356000,
      "operating_income": 24823000,
      "net_income": 17346000,
      "opex": 38533000,
      "cogs": 60111000,
      "rd": 22798000,
      "sga": null,
      "fcf": -3147000,
      "ocf": 2815000,
      "capex": -5962000,
      "gross_margin": 0.5131411632258013,
      "op_margin": 0.20104967319202702,
      "fcf_margin": -0.025488592093433873,
      "incr_op_margin_yoy": 0.654146028251697,
      "rev_growth_yoy": 0.21447330887343477,
      "rev_growth_yoy_accel": 0.0460788223659605,
      "op_leverage_ratio": 0.2038471898397641,
      "fcf_margin_change": -0.39623496986825774
    },
    {
      "date": "2022-09-30T00:00:00",
      "quarter_label": "2022-09 (Q3)",
      "revenue": 120129000,
      "gross_profit": 58510000,
      "operating_income": 23228000,
      "net_income": 15874000,
      "opex": 35282000,
      "cogs": 61619000,
      "rd": 18514000,
      "sga": null,
      "fcf": 14752000,
      "ocf": 20375000,
      "capex": -5623000,
      "gross_margin": 0.4870597441084168,
      "op_margin": 0.19335880595027014,
      "fcf_margin": 0.12280132191227763,
      "incr_op_margin_yoy": -0.19430084478628168,
      "rev_growth_yoy": 0.07068753453715752,
      "rev_growth_yoy_accel": -0.14378577433627726,
      "fcf_margin_change": 0.1482899140057115
    },
    {
      "date": "2022-12-31T00:00:00",
      "quarter_label": "2022-12 (Q4)",
      "revenue": 135023000,
      "gross_profit": 71168000,
      "operating_income": 37832000,
      "net_income": 33913000,
      "opex": 33336000,
      "cogs": 63855000,
      "rd": 17236000,
      "sga": null,
      "fcf": 8916000,
      "ocf": 15226000,
      "capex": -6310000,
      "gross_margin": 0.527080571458196,
      "op_margin": 0.2801893010820379,
      "fcf_margin": 0.0660331943446672,
      "incr_op_margin_yoy": 0.9606677985285795,
      "rev_growth_yoy": 0.11693565064895316,
      "rev_growth_yoy_accel": 0.046248116111795634,
      "op_leverage_ratio": Infinity,
      "fcf_margin_change": -0.05676812756761043
    },
    {
      "date": "2023-03-31T00:00:00",
      "quarter_label": "2023-03 (Q1)",
      "revenue": 140022000,
      "gross_profit": 73840000,
      "operating_income": 33433000,
      "net_income": 26032000,
      "opex": 40407000,
      "cogs": 66182000,
      "rd": 19815000,
      "sga": null,
      "fcf": 30905000,
      "ocf": 40382000,
      "capex": -9477000,
      "gross_margin": 0.5273457028181285,
      "op_margin": 0.23876962191655596,
      "fcf_margin": 0.22071531616460272,
      "incr_op_margin_yoy": 0.601353414063295,
      "rev_growth_yoy": 0.16328260002658515,
      "rev_growth_yoy_accel": 0.046346949377631994,
      "op_leverage_ratio": 0.17454524969741403,
      "fcf_margin_change": 0.15468212181993551
    },
    {
      "date": "2023-06-30T00:00:00",
      "quarter_label": "2023-06 (Q2)",
      "revenue": 145712000,
      "gross_profit": 72738000,
      "operating_income": 36896000,
      "net_income": 26124000,
      "opex": 35842000,
      "cogs": 72974000,
      "rd": 16843000,
      "sga": null,
      "fcf": 45869000,
      "ocf": 54923000,
      "capex": -9054000,
      "gross_margin": 0.4991901833754255,
      "op_margin": 0.2532118150872955,
      "fcf_margin": 0.3147921928187109,
      "incr_op_margin_yoy": 0.5427287030793436,
      "rev_growth_yoy": 0.18016959997408213,
      "rev_growth_yoy_accel": 0.016886999947496983,
      "op_leverage_ratio": Infinity,
      "fcf_margin_change": 0.09407687665410819
    },
    {
      "date": "2023-09-30T00:00:00",
      "quarter_label": "2023-09 (Q3)",
      "revenue": 180556000,
      "gross_profit": 108403000,
      "operating_income": 72678000,
      "net_income": 49222000,
      "opex": 35725000,
      "cogs": 72153000,
      "rd": 16664000,
      "sga": null,
      "fcf": 54141000,
      "ocf": 64334000,
      "capex": -10193000,
      "gross_margin": 0.6003843682846319,
      "op_margin": 0.40252331686568155,
      "fcf_margin": 0.29985710804404175,
      "incr_op_margin_yoy": 0.8183427937842356,
      "rev_growth_yoy": 0.5030175894247018,
      "rev_growth_yoy_accel": 0.32284798945061965,
      "op_leverage_ratio": Infinity,
      "fcf_margin_change": -0.01493508477466915
    },
    {
      "date": "2023-12-31T00:00:00",
      "quarter_label": "2023-12 (Q4)",
      "revenue": 178105000,
      "gross_profit": 96140000,
      "operating_income": 53980000,
      "net_income": 36167000,
      "opex": 42160000,
      "cogs": 81965000,
      "rd": 20419000,
      "sga": null,
      "fcf": 14422000,
      "ocf": 23864000,
      "capex": -9442000,
      "gross_margin": 0.5397939417759187,
      "op_margin": 0.3030796440302069,
      "fcf_margin": 0.08097470593189411,
      "incr_op_margin_yoy": 0.37482011048697833,
      "rev_growth_yoy": 0.3190715655851225,
      "rev_growth_yoy_accel": -0.18394602383957925,
      "fcf_margin_change": -0.21888240211214766
    },
    {
      "date": "2024-03-31T00:00:00",
      "quarter_label": "2024-03 (Q1)",
      "revenue": 171836000,
      "gross_profit": 90100000,
      "operating_income": 48010000,
      "net_income": 43177000,
      "opex": 42090000,
      "cogs": 81736000,
      "rd": 17043000,
      "sga": null,
      "fcf": 46498000,
      "ocf": 55291000,
      "capex": -8793000,
      "gross_margin": 0.5243371586861891,
      "op_margin": 0.27939430619893385,
      "fcf_margin": 0.27059521869689707,
      "incr_op_margin_yoy": 0.4581945055635884,
      "rev_growth_yoy": 0.22720715316164602,
      "rev_growth_yoy_accel": -0.09186441242347648,
      "fcf_margin_change": 0.18962051276500297
    },
    {
      "date": "2024-06-30T00:00:00",
      "quarter_label": "2024-06 (Q2)",
      "revenue": 182394000,
      "gross_profit": 95166000,
      "operating_income": 55217000,
      "net_income": 37949000,
      "opex": 39949000,
      "cogs": 87228000,
      "rd": 17652000,
      "sga": null,
      "fcf": 63065000,
      "ocf": 69109000,
      "capex": -6044000,
      "gross_margin": 0.5217605842297444,
      "op_margin": 0.3027347390813294,
      "fcf_margin": 0.34576247025669704,
      "incr_op_margin_yoy": 0.49945477345837197,
      "rev_growth_yoy": 0.25174316459866036,
      "rev_growth_yoy_accel": 0.024536011437014338,
      "op_leverage_ratio": Infinity,
      "fcf_margin_change": 0.07516725155979997
    },
    {
      "date": "2024-09-30T00:00:00",
      "quarter_label": "2024-09 (Q3)",
      "revenue": 191214000,
      "gross_profit": 101941000,
      "operating_income": 57048000,
      "net_income": 40429000,
      "opex": 44893000,
      "cogs": 89273000,
      "rd": 21077000,
      "sga": null,
      "fcf": 46169000,
      "ocf": 59962000,
      "capex": -13793000,
      "gross_margin": 0.533125189578169,
      "op_margin": 0.2983463553923876,
      "fcf_margin": 0.2414519857332622,
      "incr_op_margin_yoy": -1.466504034528054,
      "rev_growth_yoy": 0.059028777775316246,
      "rev_growth_yoy_accel": -0.19271438682334413,
      "op_leverage_ratio": 0.3907378548157403,
      "fcf_margin_change": -0.10431048452343483
    },
    {
      "date": "2024-12-31T00:00:00",
      "quarter_label": "2024-12 (Q4)",
      "revenue": 186523000,
      "gross_profit": 86648000,
      "operating_income": 45144000,
      "net_income": 37964000,
      "opex": 41504000,
      "cogs": 99875000,
      "rd": 18142000,
      "sga": null,
      "fcf": 16613000,
      "ocf": 29024000,
      "capex": -12411000,
      "gross_margin": 0.46454324667735347,
      "op_margin": 0.24202913313639604,
      "fcf_margin": 0.0890667638843467,
      "incr_op_margin_yoy": -1.049655500118793,
      "rev_growth_yoy": 0.047264254232054125,
      "rev_growth_yoy_accel": -0.011764523543262122,
      "fcf_margin_change": -0.1523852218489155
    },
    {
      "date": "2025-03-31T00:00:00",
      "quarter_label": "2025-03 (Q1)",
      "revenue": 170528000,
      "gross_profit": 85251000,
      "operating_income": 37293000,
      "net_income": 25285000,
      "opex": 47958000,
      "cogs": 85277000,
      "rd": 20096000,
      "sga": null,
      "fcf": 24380000,
      "ocf": 35077000,
      "capex": -10697000,
      "gross_margin": 0.4999237661850253,
      "op_margin": 0.21869135860386565,
      "fcf_margin": 0.14296772377556766,
      "incr_op_margin_yoy": 8.1934250764526,
      "rev_growth_yoy": -0.007611909029539793,
      "rev_growth_yoy_accel": -0.05487616326159392,
      "fcf_margin_change": 0.053900959891220956
    },
    {
      "date": "2025-06-30T00:00:00",
      "quarter_label": "2025-06 (Q2)",
      "revenue": 174414000,
      "gross_profit": 86490000,
      "operating_income": 42184000,
      "net_income": 31030000,
      "opex": 44306000,
      "cogs": 87924000,
      "rd": 20080000,
      "sga": null,
      "fcf": 25027000,
      "ocf": 35592000,
      "capex": -10565000,
      "gross_margin": 0.4958890914720149,
      "op_margin": 0.24186131847214098,
      "fcf_margin": 0.14349192152006146,
      "incr_op_margin_yoy": 1.6332080200501253,
      "rev_growth_yoy": -0.04375143919207869,
      "rev_growth_yoy_accel": -0.036139530162538895,
      "op_leverage_ratio": Infinity,
      "fcf_margin_change": 0.000524197744493804
    },
    {
      "date": "2025-09-30T00:00:00",
      "quarter_label": "2025-09 (Q3)",
      "revenue": 191840000,
      "gross_profit": 98646000,
      "operating_income": 25320000,
      "net_income": 17350000,
      "opex": 73326000,
      "cogs": 93194000,
      "rd": 22354000,
      "sga": null,
      "fcf": 47235000,
      "ocf": 52583000,
      "capex": -5348000,
      "gross_margin": 0.5142097581317765,
      "op_margin": 0.13198498748957466,
      "fcf_margin": 0.24622080900750626,
      "rev_growth_yoy": 0.003273818862635581,
      "rev_growth_yoy_accel": 0.04702525805471427,
      "op_leverage_ratio": 0.15253921338028265,
      "fcf_margin_change": 0.1027288874874448
    }
  ],
  "signals": [
    {
      "quarter": "2025-09 (Q3)",
      "signal": "FCF MARGIN EXPANSION",
      "detail": "FCF margin: +14.3% -> +24.6% (+10.3%)",
      "severity": "MEDIUM"
    },
    {
      "quarter": "2025-06 (Q2)",
      "signal": "INCREMENTAL MARGIN (YoY)",
      "detail": "YoY Incr OPM: +163.3% vs year-ago OPM: +30.3%",
      "severity": "HIGH"
    },
    {
      "quarter": "2025-03 (Q1)",
      "signal": "FCF MARGIN EXPANSION",
      "detail": "FCF margin: +8.9% -> +14.3% (+5.4%)",
      "severity": "MEDIUM"
    },
    {
      "quarter": "2025-03 (Q1)",
      "signal": "GROSS MARGIN INFLECTION",
      "detail": "GM: +53.3% -> +46.5% -> +50.0% (reversal +3.5%)",
      "severity": "MEDIUM"
    },
    {
      "quarter": "2025-03 (Q1)",
      "signal": "YoY REVENUE GROWTH DECELERATION",
      "detail": "YoY growth: -0.8% vs prior quarter YoY: +4.7% (decel: -5.5%)",
      "severity": "WARNING"
    },
    {
      "quarter": "2025-03 (Q1)",
      "signal": "INCREMENTAL MARGIN (YoY)",
      "detail": "YoY Incr OPM: +819.3% vs year-ago OPM: +27.9%",
      "severity": "HIGH"
    },
    {
      "quarter": "2024-09 (Q3)",
      "signal": "YoY REVENUE GROWTH DECELERATION",
      "detail": "YoY growth: +5.9% vs prior quarter YoY: +25.2% (decel: -19.3%)",
      "severity": "WARNING"
    },
    {
      "quarter": "2024-06 (Q2)",
      "signal": "FCF MARGIN EXPANSION",
      "detail": "FCF margin: +27.1% -> +34.6% (+7.5%)",
      "severity": "MEDIUM"
    },
    {
      "quarter": "2024-06 (Q2)",
      "signal": "INCREMENTAL MARGIN (YoY)",
      "detail": "YoY Incr OPM: +49.9% vs year-ago OPM: +25.3%",
      "severity": "HIGH"
    },
    {
      "quarter": "2024-03 (Q1)",
      "signal": "FCF MARGIN EXPANSION",
      "detail": "FCF margin: +8.1% -> +27.1% (+19.0%)",
      "severity": "MEDIUM"
    },
    {
      "quarter": "2024-03 (Q1)",
      "signal": "YoY REVENUE GROWTH DECELERATION",
      "detail": "YoY growth: +22.7% vs prior quarter YoY: +31.9% (decel: -9.2%)",
      "severity": "WARNING"
    },
    {
      "quarter": "2024-03 (Q1)",
      "signal": "INCREMENTAL MARGIN (YoY)",
      "detail": "YoY Incr OPM: +45.8% vs year-ago OPM: +23.9%",
      "severity": "HIGH"
    },
    {
      "quarter": "2023-12 (Q4)",
      "signal": "YoY REVENUE GROWTH DECELERATION",
      "detail": "YoY growth: +31.9% vs prior quarter YoY: +50.3% (decel: -18.4%)",
      "severity": "WARNING"
    },
    {
      "quarter": "2023-09 (Q3)",
      "signal": "GROSS MARGIN INFLECTION",
      "detail": "GM: +52.7% -> +49.9% -> +60.0% (reversal +10.1%)",
      "severity": "HIGH"
    },
    {
      "quarter": "2023-09 (Q3)",
      "signal": "YoY REVENUE GROWTH ACCELERATION",
      "detail": "YoY growth: +50.3% vs prior quarter YoY: +18.0% (accel: +32.3%)",
      "severity": "HIGH"
    },
    {
      "quarter": "2023-09 (Q3)",
      "signal": "INCREMENTAL MARGIN (YoY)",
      "detail": "YoY Incr OPM: +81.8% vs year-ago OPM: +19.3%",
      "severity": "HIGH"
    },
    {
      "quarter": "2023-06 (Q2)",
      "signal": "FCF MARGIN EXPANSION",
      "detail": "FCF margin: +22.1% -> +31.5% (+9.4%)",
      "severity": "MEDIUM"
    },
    {
      "quarter": "2023-06 (Q2)",
      "signal": "INCREMENTAL MARGIN (YoY)",
      "detail": "YoY Incr OPM: +54.3% vs year-ago OPM: +20.1%",
      "severity": "HIGH"
    },
    {
      "quarter": "2023-03 (Q1)",
      "signal": "FCF MARGIN EXPANSION",
      "detail": "FCF margin: +6.6% -> +22.1% (+15.5%)",
      "severity": "MEDIUM"
    },
    {
      "quarter": "2023-03 (Q1)",
      "signal": "INCREMENTAL MARGIN (YoY)",
      "detail": "YoY Incr OPM: +60.1% vs year-ago OPM: +18.0%",
      "severity": "HIGH"
    },
    {
      "quarter": "2022-12 (Q4)",
      "signal": "GROSS MARGIN INFLECTION",
      "detail": "GM: +51.3% -> +48.7% -> +52.7% (reversal +4.0%)",
      "severity": "MEDIUM"
    },
    {
      "quarter": "2022-12 (Q4)",
      "signal": "INCREMENTAL MARGIN (YoY)",
      "detail": "YoY Incr OPM: +96.1% vs year-ago OPM: +20.1%",
      "severity": "HIGH"
    },
    {
      "quarter": "2022-09 (Q3)",
      "signal": "FCF TURNED POSITIVE",
      "detail": "FCF margin: -2.5% -> +12.3%",
      "severity": "HIGH"
    },
    {
      "quarter": "2022-09 (Q3)",
      "signal": "YoY REVENUE GROWTH DECELERATION",
      "detail": "YoY growth: +7.1% vs prior quarter YoY: +21.4% (decel: -14.4%)",
      "severity": "WARNING"
    },
    {
      "quarter": "2022-06 (Q2)",
      "signal": "GROSS MARGIN INFLECTION",
      "detail": "GM: +46.5% -> +46.4% -> +51.3% (reversal +4.9%)",
      "severity": "MEDIUM"
    },
    {
      "quarter": "2022-06 (Q2)",
      "signal": "INCREMENTAL MARGIN (YoY)",
      "detail": "YoY Incr OPM: +65.4% vs year-ago OPM: +10.4%",
      "severity": "HIGH"
    },
    {
      "quarter": "2022-03 (Q1)",
      "signal": "FCF MARGIN EXPANSION",
      "detail": "FCF margin: +27.8% -> +37.1% (+9.3%)",
      "severity": "MEDIUM"
    },
    {
      "quarter": "2022-03 (Q1)",
      "signal": "YoY REVENUE GROWTH DECELERATION",
      "detail": "YoY growth: +16.8% vs prior quarter YoY: +26.0% (decel: -9.2%)",
      "severity": "WARNING"
    },
    {
      "quarter": "2022-03 (Q1)",
      "signal": "INCREMENTAL MARGIN (YoY)",
      "detail": "YoY Incr OPM: +65.2% vs year-ago OPM: +10.0%",
      "severity": "HIGH"
    },
    {
      "quarter": "2021-12 (Q4)",
      "signal": "FCF TURNED POSITIVE",
      "detail": "FCF margin: -4.1% -> +27.8%",
      "severity": "HIGH"
    },
    {
      "quarter": "2021-12 (Q4)",
      "signal": "INCREMENTAL MARGIN (YoY)",
      "detail": "YoY Incr OPM: +85.6% vs year-ago OPM: +3.0%",
      "severity": "HIGH"
    },
    {
      "quarter": "2021-06 (Q2)",
      "signal": "FCF MARGIN EXPANSION",
      "detail": "FCF margin: +14.8% -> +26.0% (+11.2%)",
      "severity": "MEDIUM"
    },
    {
      "quarter": "2021-03 (Q1)",
      "signal": "FCF MARGIN EXPANSION",
      "detail": "FCF margin: +7.9% -> +14.8% (+6.9%)",
      "severity": "MEDIUM"
    },
    {
      "quarter": "2021-03 (Q1)",
      "signal": "OPERATING LEVERAGE",
      "detail": "Rev growth +7.4% vs OpEx growth +2.0% (leverage: 3.7x)",
      "severity": "MEDIUM"
    }
  ],
  "data_quality": {
    "n_quarters": 20,
    "coverage": {
      "revenue": [
        20,
        20
      ],
      "gross_profit": [
        20,
        20
      ],
      "op_income": [
        20,
        20
      ],
      "fcf": [
        20,
        20
      ]
    },
    "gaps": [],
    "warnings": []
  },
  "market_cap": null,
  "source": "SEC EDGAR",
  "last_updated": "2026-02-02T21:55:20.069408"
}