{
  "ticker": "AMPX",
  "name": "Amprius Technologies, Inc.",
  "quarters": [
    {
      "date": "2021-09-30T00:00:00",
      "quarter_label": "2021-09 (Q3)",
      "revenue": 330000,
      "gross_profit": -1656000,
      "operating_income": -3137000,
      "net_income": -3141000,
      "opex": 1481000,
      "cogs": 1986000,
      "rd": 327000,
      "sga": 1154000,
      "fcf": null,
      "ocf": null,
      "capex": null,
      "gross_margin": -5.0181818181818185,
      "op_margin": -9.506060606060606,
      "fcf_margin": null
    },
    {
      "date": "2021-12-31T00:00:00",
      "quarter_label": "2021-12 (Q4)",
      "revenue": 1216000,
      "gross_profit": -895000,
      "operating_income": -3703000,
      "net_income": -3702000,
      "opex": 2808000,
      "cogs": 2111000,
      "rd": 472000,
      "sga": 2336000,
      "fcf": -2042000,
      "ocf": -1709000,
      "capex": -333000,
      "gross_margin": -0.7360197368421053,
      "op_margin": -3.0452302631578947,
      "fcf_margin": -1.6792763157894737,
      "op_leverage_ratio": 2.9964284898723483
    },
    {
      "date": "2022-03-31T00:00:00",
      "quarter_label": "2022-03 (Q1)",
      "revenue": 2110000,
      "gross_profit": -1039000,
      "operating_income": -114404,
      "net_income": -255835,
      "opex": 1871000,
      "cogs": 3149000,
      "rd": 369000,
      "sga": 1502000,
      "fcf": -3077000,
      "ocf": -3043000,
      "capex": -34000,
      "gross_margin": -0.4924170616113744,
      "op_margin": -0.05421990521327014,
      "fcf_margin": -1.4582938388625593,
      "op_leverage_ratio": Infinity,
      "fcf_margin_change": 0.22098247692691442
    },
    {
      "date": "2022-06-30T00:00:00",
      "quarter_label": "2022-06 (Q2)",
      "revenue": 691000,
      "gross_profit": -1364000,
      "operating_income": -1671750,
      "net_income": 2881004,
      "opex": 2797000,
      "cogs": 2055000,
      "rd": 478000,
      "sga": 2319000,
      "fcf": -2609000,
      "ocf": -2449000,
      "capex": -160000,
      "gross_margin": -1.9739507959479017,
      "op_margin": -2.4193198263386395,
      "fcf_margin": -3.7756874095513746,
      "fcf_margin_change": -2.3173935706888154
    },
    {
      "date": "2022-09-30T00:00:00",
      "quarter_label": "2022-09 (Q3)",
      "revenue": 816000,
      "gross_profit": -1468000,
      "operating_income": -4323000,
      "net_income": -4244000,
      "opex": 2855000,
      "cogs": 2284000,
      "rd": 488000,
      "sga": 2367000,
      "fcf": -3245000,
      "ocf": -2692000,
      "capex": -553000,
      "gross_margin": -1.7990196078431373,
      "op_margin": -5.297794117647059,
      "fcf_margin": -3.9767156862745097,
      "rev_growth_yoy": 1.4727272727272727,
      "op_leverage_ratio": 8.723613952792055,
      "fcf_margin_change": -0.20102827672313506
    },
    {
      "date": "2022-12-31T00:00:00",
      "quarter_label": "2022-12 (Q4)",
      "revenue": 792000,
      "gross_profit": -1608000,
      "operating_income": -6647000,
      "net_income": -6056000,
      "opex": 5039000,
      "cogs": 2400000,
      "rd": 690000,
      "sga": 4349000,
      "fcf": -6432000,
      "ocf": -5698000,
      "capex": -734000,
      "gross_margin": -2.0303030303030303,
      "op_margin": -8.392676767676768,
      "fcf_margin": -8.121212121212121,
      "rev_growth_yoy": -0.34868421052631576,
      "rev_growth_yoy_accel": -1.8214114832535884,
      "fcf_margin_change": -4.144496434937611
    },
    {
      "date": "2023-03-31T00:00:00",
      "quarter_label": "2023-03 (Q1)",
      "revenue": 679000,
      "gross_profit": -3425000,
      "operating_income": -9751000,
      "net_income": -9102000,
      "opex": 6326000,
      "cogs": 4104000,
      "rd": 800000,
      "sga": 5526000,
      "fcf": -7632000,
      "ocf": -6492000,
      "capex": -1140000,
      "gross_margin": -5.044182621502209,
      "op_margin": -14.360824742268042,
      "fcf_margin": -11.240058910162002,
      "incr_op_margin_yoy": 6.734169112508735,
      "rev_growth_yoy": -0.6781990521327014,
      "rev_growth_yoy_accel": -0.3295148416063856,
      "fcf_margin_change": -3.118846788949881
    },
    {
      "date": "2023-06-30T00:00:00",
      "quarter_label": "2023-06 (Q2)",
      "revenue": 1632000,
      "gross_profit": -3032000,
      "operating_income": -10083000,
      "net_income": -9448000,
      "opex": 7051000,
      "cogs": 4664000,
      "rd": 772000,
      "sga": 6279000,
      "fcf": -7311000,
      "ocf": -5583000,
      "capex": -1728000,
      "gross_margin": -1.857843137254902,
      "op_margin": -6.178308823529412,
      "fcf_margin": -4.479779411764706,
      "rev_growth_yoy": 1.361794500723589,
      "rev_growth_yoy_accel": 2.0399935528562905,
      "op_leverage_ratio": 12.246565435985984,
      "fcf_margin_change": 6.7602794983972965
    },
    {
      "date": "2023-09-30T00:00:00",
      "quarter_label": "2023-09 (Q3)",
      "revenue": 2798000,
      "gross_profit": -4248000,
      "operating_income": -9131000,
      "net_income": -8492000,
      "opex": 4883000,
      "cogs": 7046000,
      "rd": 815000,
      "sga": 4068000,
      "fcf": -17609000,
      "ocf": -8678000,
      "capex": -8931000,
      "gross_margin": -1.5182273052180129,
      "op_margin": -3.2634024303073623,
      "fcf_margin": -6.293423874195854,
      "incr_op_margin_yoy": -2.425832492431887,
      "rev_growth_yoy": 2.428921568627451,
      "rev_growth_yoy_accel": 1.0671270679038618,
      "op_leverage_ratio": Infinity,
      "fcf_margin_change": -1.8136444624311485
    },
    {
      "date": "2023-12-31T00:00:00",
      "quarter_label": "2023-12 (Q4)",
      "revenue": 3944000,
      "gross_profit": -3879000,
      "operating_income": -9744000,
      "net_income": -9734000,
      "opex": 5865000,
      "cogs": 7823000,
      "rd": 1290000,
      "sga": 4575000,
      "fcf": -10551000,
      "ocf": -4800000,
      "capex": -5751000,
      "gross_margin": -0.9835192697768763,
      "op_margin": -2.4705882352941178,
      "fcf_margin": -2.6752028397565923,
      "incr_op_margin_yoy": -0.9825507614213198,
      "rev_growth_yoy": 3.9797979797979797,
      "rev_growth_yoy_accel": 1.5508764111705289,
      "op_leverage_ratio": 2.0366300339637418,
      "fcf_margin_change": 3.618221034439262
    },
    {
      "date": "2024-03-31T00:00:00",
      "quarter_label": "2024-03 (Q1)",
      "revenue": 2336000,
      "gross_profit": -4445000,
      "operating_income": -10319000,
      "net_income": -9886000,
      "opex": 5874000,
      "cogs": 6781000,
      "rd": 1581000,
      "sga": 4293000,
      "fcf": -13675000,
      "ocf": -9779000,
      "capex": -3896000,
      "gross_margin": -1.9028253424657535,
      "op_margin": -4.417380136986301,
      "fcf_margin": -5.854023972602739,
      "incr_op_margin_yoy": -0.3427881713940857,
      "rev_growth_yoy": 2.440353460972018,
      "rev_growth_yoy_accel": -1.5394445188259618,
      "fcf_margin_change": -3.178821132846147
    },
    {
      "date": "2024-06-30T00:00:00",
      "quarter_label": "2024-06 (Q2)",
      "revenue": 3345000,
      "gross_profit": -6531000,
      "operating_income": -12932000,
      "net_income": -12517000,
      "opex": 6401000,
      "cogs": 9876000,
      "rd": 1662000,
      "sga": 4739000,
      "fcf": -9564000,
      "ocf": -7959000,
      "capex": -1605000,
      "gross_margin": -1.9524663677130045,
      "op_margin": -3.8660687593423018,
      "fcf_margin": -2.8591928251121077,
      "incr_op_margin_yoy": -1.663164039696439,
      "rev_growth_yoy": 1.0496323529411764,
      "rev_growth_yoy_accel": -1.3907211080308415,
      "op_leverage_ratio": 4.814394284006134,
      "fcf_margin_change": 2.9948311474906317
    },
    {
      "date": "2024-09-30T00:00:00",
      "quarter_label": "2024-09 (Q3)",
      "revenue": 7855000,
      "gross_profit": -5101000,
      "operating_income": -11253000,
      "net_income": -10850000,
      "opex": 6152000,
      "cogs": 12956000,
      "rd": 1817000,
      "sga": 4335000,
      "fcf": -10862000,
      "ocf": -9529000,
      "capex": -1333000,
      "gross_margin": -0.649395289624443,
      "op_margin": -1.4325907065563335,
      "fcf_margin": -1.3828134945894335,
      "incr_op_margin_yoy": -0.41961637334387974,
      "rev_growth_yoy": 1.807362401715511,
      "rev_growth_yoy_accel": 0.7577300487743346,
      "op_leverage_ratio": Infinity,
      "fcf_margin_change": 1.4763793305226742
    },
    {
      "date": "2024-12-31T00:00:00",
      "quarter_label": "2024-12 (Q4)",
      "revenue": 10631000,
      "gross_profit": -2253000,
      "operating_income": -11758000,
      "net_income": -11418000,
      "opex": 9505000,
      "cogs": 12884000,
      "rd": 2284000,
      "sga": 5359000,
      "fcf": -2458000,
      "ocf": -6085000,
      "capex": 3627000,
      "gross_margin": -0.21192738218417834,
      "op_margin": -1.1060107233562224,
      "fcf_margin": -0.23121061047878844,
      "incr_op_margin_yoy": -0.30118139673994315,
      "rev_growth_yoy": 1.6954868154158216,
      "rev_growth_yoy_accel": -0.11187558629968941,
      "op_leverage_ratio": 0.6484194683575688,
      "fcf_margin_change": 1.1516028841106452
    },
    {
      "date": "2025-03-31T00:00:00",
      "quarter_label": "2025-03 (Q1)",
      "revenue": 11284000,
      "gross_profit": -2361000,
      "operating_income": -9671000,
      "net_income": -9371000,
      "opex": 7310000,
      "cogs": 13645000,
      "rd": 2003000,
      "sga": 5307000,
      "fcf": -15039000,
      "ocf": -14126000,
      "capex": -913000,
      "gross_margin": -0.20923431407302376,
      "op_margin": -0.8570542360864941,
      "fcf_margin": -1.3327720666430345,
      "incr_op_margin_yoy": 0.07241841752346893,
      "rev_growth_yoy": 3.8304794520547945,
      "rev_growth_yoy_accel": 2.134992636638973,
      "op_leverage_ratio": Infinity,
      "fcf_margin_change": -1.1015614561642462
    },
    {
      "date": "2025-06-30T00:00:00",
      "quarter_label": "2025-06 (Q2)",
      "revenue": 15067000,
      "gross_profit": 1340000,
      "operating_income": -6813000,
      "net_income": -6370000,
      "opex": 8153000,
      "cogs": 13727000,
      "rd": 2162000,
      "sga": 5991000,
      "fcf": -4981000,
      "ocf": -4265000,
      "capex": -716000,
      "gross_margin": 0.0889360854848344,
      "op_margin": -0.45218026149863944,
      "fcf_margin": -0.33059003119400016,
      "incr_op_margin_yoy": 0.5220098959221976,
      "rev_growth_yoy": 3.504334828101644,
      "rev_growth_yoy_accel": -0.32614462395315025,
      "op_leverage_ratio": 2.9071207176476377,
      "fcf_margin_change": 1.0021820354490343
    },
    {
      "date": "2025-09-30T00:00:00",
      "quarter_label": "2025-09 (Q3)",
      "revenue": 21426000,
      "gross_profit": 3318000,
      "operating_income": -4692000,
      "net_income": -3892000,
      "opex": 8010000,
      "cogs": 18108000,
      "rd": 2509000,
      "sga": 5501000,
      "fcf": -9660000,
      "ocf": -9246000,
      "capex": -414000,
      "gross_margin": 0.1548585830299636,
      "op_margin": -0.2189862783534024,
      "fcf_margin": -0.45085410249229907,
      "incr_op_margin_yoy": 0.48345737233807384,
      "rev_growth_yoy": 1.727689369828135,
      "rev_growth_yoy_accel": -1.7766454582735092,
      "op_leverage_ratio": Infinity,
      "fcf_margin_change": -0.12026407129829891
    }
  ],
  "signals": [
    {
      "quarter": "2025-09 (Q3)",
      "signal": "YoY REVENUE GROWTH DECELERATION",
      "detail": "YoY growth: +172.8% vs prior quarter YoY: +350.4% (decel: -177.7%)",
      "severity": "WARNING"
    },
    {
      "quarter": "2025-06 (Q2)",
      "signal": "FCF MARGIN EXPANSION",
      "detail": "FCF margin: -133.3% -> -33.1% (+100.2%)",
      "severity": "MEDIUM"
    },
    {
      "quarter": "2025-06 (Q2)",
      "signal": "OPERATING LEVERAGE",
      "detail": "Rev growth +33.5% vs OpEx growth +11.5% (leverage: 2.9x)",
      "severity": "MEDIUM"
    },
    {
      "quarter": "2025-06 (Q2)",
      "signal": "YoY REVENUE GROWTH DECELERATION",
      "detail": "YoY growth: +350.4% vs prior quarter YoY: +383.0% (decel: -32.6%)",
      "severity": "WARNING"
    },
    {
      "quarter": "2025-03 (Q1)",
      "signal": "YoY REVENUE GROWTH ACCELERATION",
      "detail": "YoY growth: +383.0% vs prior quarter YoY: +169.5% (accel: +213.5%)",
      "severity": "HIGH"
    },
    {
      "quarter": "2024-12 (Q4)",
      "signal": "FCF MARGIN EXPANSION",
      "detail": "FCF margin: -138.3% -> -23.1% (+115.2%)",
      "severity": "MEDIUM"
    },
    {
      "quarter": "2024-12 (Q4)",
      "signal": "YoY REVENUE GROWTH DECELERATION",
      "detail": "YoY growth: +169.5% vs prior quarter YoY: +180.7% (decel: -11.2%)",
      "severity": "WARNING"
    },
    {
      "quarter": "2024-09 (Q3)",
      "signal": "FCF MARGIN EXPANSION",
      "detail": "FCF margin: -285.9% -> -138.3% (+147.6%)",
      "severity": "MEDIUM"
    },
    {
      "quarter": "2024-09 (Q3)",
      "signal": "GROSS MARGIN INFLECTION",
      "detail": "GM: -190.3% -> -195.2% -> -64.9% (reversal +130.3%)",
      "severity": "HIGH"
    },
    {
      "quarter": "2024-09 (Q3)",
      "signal": "YoY REVENUE GROWTH ACCELERATION",
      "detail": "YoY growth: +180.7% vs prior quarter YoY: +105.0% (accel: +75.8%)",
      "severity": "HIGH"
    },
    {
      "quarter": "2024-06 (Q2)",
      "signal": "FCF MARGIN EXPANSION",
      "detail": "FCF margin: -585.4% -> -285.9% (+299.5%)",
      "severity": "MEDIUM"
    },
    {
      "quarter": "2024-06 (Q2)",
      "signal": "OPERATING LEVERAGE",
      "detail": "Rev growth +43.2% vs OpEx growth +9.0% (leverage: 4.8x)",
      "severity": "MEDIUM"
    },
    {
      "quarter": "2024-06 (Q2)",
      "signal": "YoY REVENUE GROWTH DECELERATION",
      "detail": "YoY growth: +105.0% vs prior quarter YoY: +244.0% (decel: -139.1%)",
      "severity": "WARNING"
    },
    {
      "quarter": "2024-03 (Q1)",
      "signal": "YoY REVENUE GROWTH DECELERATION",
      "detail": "YoY growth: +244.0% vs prior quarter YoY: +398.0% (decel: -153.9%)",
      "severity": "WARNING"
    },
    {
      "quarter": "2023-12 (Q4)",
      "signal": "FCF MARGIN EXPANSION",
      "detail": "FCF margin: -629.3% -> -267.5% (+361.8%)",
      "severity": "MEDIUM"
    },
    {
      "quarter": "2023-12 (Q4)",
      "signal": "OPERATING LEVERAGE",
      "detail": "Rev growth +41.0% vs OpEx growth +20.1% (leverage: 2.0x)",
      "severity": "MEDIUM"
    },
    {
      "quarter": "2023-12 (Q4)",
      "signal": "YoY REVENUE GROWTH ACCELERATION",
      "detail": "YoY growth: +398.0% vs prior quarter YoY: +242.9% (accel: +155.1%)",
      "severity": "HIGH"
    },
    {
      "quarter": "2023-09 (Q3)",
      "signal": "YoY REVENUE GROWTH ACCELERATION",
      "detail": "YoY growth: +242.9% vs prior quarter YoY: +136.2% (accel: +106.7%)",
      "severity": "HIGH"
    },
    {
      "quarter": "2023-06 (Q2)",
      "signal": "FCF MARGIN EXPANSION",
      "detail": "FCF margin: -1124.0% -> -448.0% (+676.0%)",
      "severity": "MEDIUM"
    },
    {
      "quarter": "2023-06 (Q2)",
      "signal": "OPERATING LEVERAGE",
      "detail": "Rev growth +140.4% vs OpEx growth +11.5% (leverage: 12.2x)",
      "severity": "MEDIUM"
    },
    {
      "quarter": "2023-06 (Q2)",
      "signal": "GROSS MARGIN INFLECTION",
      "detail": "GM: -203.0% -> -504.4% -> -185.8% (reversal +318.6%)",
      "severity": "HIGH"
    },
    {
      "quarter": "2023-06 (Q2)",
      "signal": "YoY REVENUE GROWTH ACCELERATION",
      "detail": "YoY growth: +136.2% vs prior quarter YoY: -67.8% (accel: +204.0%)",
      "severity": "HIGH"
    },
    {
      "quarter": "2023-03 (Q1)",
      "signal": "YoY REVENUE GROWTH DECELERATION",
      "detail": "YoY growth: -67.8% vs prior quarter YoY: -34.9% (decel: -33.0%)",
      "severity": "WARNING"
    },
    {
      "quarter": "2022-12 (Q4)",
      "signal": "YoY REVENUE GROWTH DECELERATION",
      "detail": "YoY growth: -34.9% vs prior quarter YoY: +147.3% (decel: -182.1%)",
      "severity": "WARNING"
    },
    {
      "quarter": "2022-09 (Q3)",
      "signal": "OPERATING LEVERAGE",
      "detail": "Rev growth +18.1% vs OpEx growth +2.1% (leverage: 8.7x)",
      "severity": "MEDIUM"
    },
    {
      "quarter": "2022-09 (Q3)",
      "signal": "GROSS MARGIN INFLECTION",
      "detail": "GM: -49.2% -> -197.4% -> -179.9% (reversal +17.5%)",
      "severity": "HIGH"
    },
    {
      "quarter": "2022-03 (Q1)",
      "signal": "FCF MARGIN EXPANSION",
      "detail": "FCF margin: -167.9% -> -145.8% (+22.1%)",
      "severity": "MEDIUM"
    },
    {
      "quarter": "2021-12 (Q4)",
      "signal": "OPERATING LEVERAGE",
      "detail": "Rev growth +268.5% vs OpEx growth +89.6% (leverage: 3.0x)",
      "severity": "MEDIUM"
    }
  ],
  "data_quality": {
    "n_quarters": 17,
    "coverage": {
      "revenue": [
        17,
        17
      ],
      "gross_profit": [
        17,
        17
      ],
      "op_income": [
        17,
        17
      ],
      "fcf": [
        16,
        17
      ]
    },
    "gaps": [],
    "warnings": []
  },
  "market_cap": null,
  "source": "SEC EDGAR",
  "last_updated": "2026-02-02T21:48:22.650001"
}