{
  "ticker": "AMR",
  "name": "ALPHA METALLURGICAL RESOURCES, INC.",
  "quarters": [
    {
      "date": "2020-12-31T00:00:00",
      "quarter_label": "2020-12 (Q4)",
      "revenue": 133198000,
      "gross_profit": 603000,
      "operating_income": 126166000,
      "net_income": -100153000,
      "opex": 7032000,
      "cogs": 132595000,
      "rd": null,
      "sga": 15346000,
      "fcf": 56203000,
      "ocf": 56203000,
      "capex": null,
      "gross_margin": 0.004527095001426448,
      "op_margin": 0.9472064145107284,
      "fcf_margin": 0.42195078004174236
    },
    {
      "date": "2021-03-31T00:00:00",
      "quarter_label": "2021-03 (Q1)",
      "revenue": 386253000,
      "gross_profit": 38825000,
      "operating_income": -16502000,
      "net_income": -32928000,
      "opex": 402755000,
      "cogs": 347428000,
      "rd": null,
      "sga": 14982000,
      "fcf": -19115000,
      "ocf": -19115000,
      "capex": null,
      "gross_margin": 0.10051701863804294,
      "op_margin": -0.042723292764069144,
      "fcf_margin": -0.04948828876410021,
      "op_leverage_ratio": 0.03376018269341845,
      "fcf_margin_change": -0.4714390688058426
    },
    {
      "date": "2021-06-30T00:00:00",
      "quarter_label": "2021-06 (Q2)",
      "revenue": 395275000,
      "gross_profit": 48512000,
      "operating_income": -2187000,
      "net_income": -18991000,
      "opex": 397462000,
      "cogs": 346763000,
      "rd": null,
      "sga": 14645000,
      "fcf": -6336000,
      "ocf": -6336000,
      "capex": null,
      "gross_margin": 0.12272974511416103,
      "op_margin": -0.0055328568717981155,
      "fcf_margin": -0.016029346657390423,
      "op_leverage_ratio": Infinity,
      "fcf_margin_change": 0.033458942106709785
    },
    {
      "date": "2021-09-30T00:00:00",
      "quarter_label": "2021-09 (Q3)",
      "revenue": 648841000,
      "gross_profit": 160672000,
      "operating_income": 100016000,
      "net_income": 83264000,
      "opex": 548825000,
      "cogs": 488169000,
      "rd": null,
      "sga": 15264000,
      "fcf": 96024000,
      "ocf": 96024000,
      "capex": null,
      "gross_margin": 0.24762923428081765,
      "op_margin": 0.15414562273345858,
      "fcf_margin": 0.1479931138753562,
      "op_leverage_ratio": 1.6844865943827378,
      "fcf_margin_change": 0.16402246053274663
    },
    {
      "date": "2021-12-31T00:00:00",
      "quarter_label": "2021-12 (Q4)",
      "revenue": 828217000,
      "gross_profit": 330835000,
      "operating_income": 275813000,
      "net_income": 257445000,
      "opex": 552404000,
      "cogs": 497382000,
      "rd": null,
      "sga": 19010000,
      "fcf": 104370000,
      "ocf": 104370000,
      "capex": null,
      "gross_margin": 0.3994544907916645,
      "op_margin": 0.33302021088676037,
      "fcf_margin": 0.12601769826023856,
      "incr_op_margin_yoy": 0.21531353819104226,
      "rev_growth_yoy": 5.217938707788405,
      "op_leverage_ratio": 42.39339893170247,
      "fcf_margin_change": -0.02197541561511765
    },
    {
      "date": "2022-03-31T00:00:00",
      "quarter_label": "2022-03 (Q1)",
      "revenue": 1071964000,
      "gross_profit": 516647000,
      "operating_income": 453091000,
      "net_income": 400891000,
      "opex": 618873000,
      "cogs": 555317000,
      "rd": null,
      "sga": 15086000,
      "fcf": 336125000,
      "ocf": 336125000,
      "capex": null,
      "gross_margin": 0.48196301368329536,
      "op_margin": 0.4226737091917266,
      "fcf_margin": 0.31355997029751,
      "incr_op_margin_yoy": 0.6848264064598643,
      "rev_growth_yoy": 1.775289771212133,
      "rev_growth_yoy_accel": -3.442648936576272,
      "op_leverage_ratio": 2.4458668350206083,
      "fcf_margin_change": 0.18754227203727142
    },
    {
      "date": "2022-06-30T00:00:00",
      "quarter_label": "2022-06 (Q2)",
      "revenue": 1336412000,
      "gross_profit": 710520000,
      "operating_income": 650246000,
      "net_income": 574157000,
      "opex": 686166000,
      "cogs": 625892000,
      "rd": null,
      "sga": 18158000,
      "fcf": 465931000,
      "ocf": 465931000,
      "capex": null,
      "gross_margin": 0.5316623915379389,
      "op_margin": 0.48656103058038985,
      "fcf_margin": 0.34864323277552134,
      "incr_op_margin_yoy": 0.6932391352162331,
      "rev_growth_yoy": 2.380967680728607,
      "rev_growth_yoy_accel": 0.6056779095164739,
      "op_leverage_ratio": 2.2687765882285866,
      "fcf_margin_change": 0.03508326247801136
    },
    {
      "date": "2022-09-30T00:00:00",
      "quarter_label": "2022-09 (Q3)",
      "revenue": 869768000,
      "gross_profit": 314266000,
      "operating_income": 261023000,
      "net_income": 252817000,
      "opex": 608745000,
      "cogs": 555502000,
      "rd": null,
      "sga": 15095000,
      "fcf": 496981000,
      "ocf": 496981000,
      "capex": null,
      "gross_margin": 0.36132163979360016,
      "op_margin": 0.3001064651723218,
      "fcf_margin": 0.5713949007091547,
      "incr_op_margin_yoy": 0.7287791895060359,
      "rev_growth_yoy": 0.34049482076502563,
      "rev_growth_yoy_accel": -2.040472859963581,
      "fcf_margin_change": 0.22275166793363332
    },
    {
      "date": "2022-12-31T00:00:00",
      "quarter_label": "2022-12 (Q4)",
      "revenue": 823448000,
      "gross_profit": 274190000,
      "operating_income": 216519000,
      "net_income": 220680000,
      "opex": 606929000,
      "cogs": 549258000,
      "rd": null,
      "sga": 23279000,
      "fcf": 184968000,
      "ocf": 184968000,
      "capex": null,
      "gross_margin": 0.33297791724553344,
      "op_margin": 0.2629419222586004,
      "fcf_margin": 0.2246262059049266,
      "incr_op_margin_yoy": 12.433214510379534,
      "rev_growth_yoy": -0.0057581527546524645,
      "rev_growth_yoy_accel": -0.3462529735196781,
      "fcf_margin_change": -0.34676869480422806
    },
    {
      "date": "2023-03-31T00:00:00",
      "quarter_label": "2023-03 (Q1)",
      "revenue": 911235000,
      "gross_profit": 372098000,
      "operating_income": 314501000,
      "net_income": 270771000,
      "opex": 596734000,
      "cogs": 539137000,
      "rd": null,
      "sga": 20692000,
      "fcf": 177387000,
      "ocf": 177387000,
      "capex": null,
      "gross_margin": 0.408344718980285,
      "op_margin": 0.3451370941634156,
      "fcf_margin": 0.19466657887372632,
      "incr_op_margin_yoy": 0.8622588331912723,
      "rev_growth_yoy": -0.14993880391505685,
      "rev_growth_yoy_accel": -0.14418065116040438,
      "op_leverage_ratio": Infinity,
      "fcf_margin_change": -0.02995962703120028
    },
    {
      "date": "2023-06-30T00:00:00",
      "quarter_label": "2023-06 (Q2)",
      "revenue": 858371000,
      "gross_profit": 274857000,
      "operating_income": 218103000,
      "net_income": 181355000,
      "opex": 640268000,
      "cogs": 583514000,
      "rd": null,
      "sga": 17506000,
      "fcf": 317219000,
      "ocf": 317219000,
      "capex": null,
      "gross_margin": 0.32020769573995395,
      "op_margin": 0.2540894321919077,
      "fcf_margin": 0.3695593164261141,
      "incr_op_margin_yoy": 0.9039873148955843,
      "rev_growth_yoy": -0.35770480959464596,
      "rev_growth_yoy_accel": -0.2077660056795891,
      "fcf_margin_change": 0.1748927375523878
    },
    {
      "date": "2023-09-30T00:00:00",
      "quarter_label": "2023-09 (Q3)",
      "revenue": 741820000,
      "gross_profit": 177212000,
      "operating_income": 117159000,
      "net_income": 93814000,
      "opex": 624661000,
      "cogs": 564608000,
      "rd": null,
      "sga": 18053000,
      "fcf": 157200000,
      "ocf": 157200000,
      "capex": null,
      "gross_margin": 0.23888813998004907,
      "op_margin": 0.15793453937612897,
      "fcf_margin": 0.2119112453155752,
      "incr_op_margin_yoy": 1.1243942851783537,
      "rev_growth_yoy": -0.1471058949053081,
      "rev_growth_yoy_accel": 0.21059891468933786,
      "fcf_margin_change": -0.1576480711105389
    },
    {
      "date": "2023-12-31T00:00:00",
      "quarter_label": "2023-12 (Q4)",
      "revenue": 959991000,
      "gross_profit": 291112000,
      "operating_income": 213322000,
      "net_income": 176016000,
      "opex": 746669000,
      "cogs": 668879000,
      "rd": null,
      "sga": 26139000,
      "fcf": 199353000,
      "ocf": 199353000,
      "capex": null,
      "gross_margin": 0.303244509583944,
      "op_margin": 0.2222124999088533,
      "fcf_margin": 0.2076613218248921,
      "incr_op_margin_yoy": -0.02341386962348857,
      "rev_growth_yoy": 0.1658186066393992,
      "rev_growth_yoy_accel": 0.3129245015447073,
      "op_leverage_ratio": 1.5057558816616172,
      "fcf_margin_change": -0.004249923490683094
    },
    {
      "date": "2024-03-31T00:00:00",
      "quarter_label": "2024-03 (Q1)",
      "revenue": 864072000,
      "gross_profit": 215759000,
      "operating_income": 141878000,
      "net_income": 126995000,
      "opex": 722194000,
      "cogs": 648313000,
      "rd": null,
      "sga": 22377000,
      "fcf": 196074000,
      "ocf": 196074000,
      "capex": null,
      "gross_margin": 0.2497002564601098,
      "op_margin": 0.16419696506772583,
      "fcf_margin": 0.22691859011749022,
      "incr_op_margin_yoy": 3.660136123656256,
      "rev_growth_yoy": -0.05175723057169666,
      "rev_growth_yoy_accel": -0.21757583721109586,
      "fcf_margin_change": 0.019257268292598106
    },
    {
      "date": "2024-06-30T00:00:00",
      "quarter_label": "2024-06 (Q2)",
      "revenue": 803969000,
      "gross_profit": 140160000,
      "operating_income": 70676000,
      "net_income": 58909000,
      "opex": 733293000,
      "cogs": 663809000,
      "rd": null,
      "sga": 18805000,
      "fcf": 138125000,
      "ocf": 138125000,
      "capex": null,
      "gross_margin": 0.17433508008393359,
      "op_margin": 0.0879088621576205,
      "fcf_margin": 0.17180388796085422,
      "incr_op_margin_yoy": 2.709955516341311,
      "rev_growth_yoy": -0.06337818961731,
      "rev_growth_yoy_accel": -0.01162095904561334,
      "fcf_margin_change": -0.055114702156636
    },
    {
      "date": "2024-09-30T00:00:00",
      "quarter_label": "2024-09 (Q3)",
      "revenue": 671897000,
      "gross_profit": 73172000,
      "operating_income": 5309000,
      "net_income": 3804000,
      "opex": 666588000,
      "cogs": 598725000,
      "rd": null,
      "sga": 15987000,
      "fcf": 189462000,
      "ocf": 189462000,
      "capex": null,
      "gross_margin": 0.1089035968310619,
      "op_margin": 0.007901508713389106,
      "fcf_margin": 0.2819807202592064,
      "incr_op_margin_yoy": 1.5996167212505183,
      "rev_growth_yoy": -0.09425871505216898,
      "rev_growth_yoy_accel": -0.030880525434858988,
      "fcf_margin_change": 0.11017683229835218
    },
    {
      "date": "2024-12-31T00:00:00",
      "quarter_label": "2024-12 (Q4)",
      "revenue": 617347000,
      "gross_profit": 76593000,
      "operating_income": 9991000,
      "net_income": -2129000,
      "opex": 607356000,
      "cogs": 540754000,
      "rd": null,
      "sga": 16831000,
      "fcf": 56258000,
      "ocf": 56258000,
      "capex": null,
      "gross_margin": 0.12406798769573675,
      "op_margin": 0.016183766990039636,
      "fcf_margin": 0.09112865211947252,
      "incr_op_margin_yoy": 0.5934176579773759,
      "rev_growth_yoy": -0.35692417949751615,
      "rev_growth_yoy_accel": -0.26266546444534716,
      "fcf_margin_change": -0.19085206813973388
    },
    {
      "date": "2025-03-31T00:00:00",
      "quarter_label": "2025-03 (Q1)",
      "revenue": 531957000,
      "gross_profit": 27373000,
      "operating_income": -40175000,
      "net_income": -33947000,
      "opex": 572132000,
      "cogs": 504584000,
      "rd": null,
      "sga": 15424000,
      "fcf": 22181000,
      "ocf": 22181000,
      "capex": null,
      "gross_margin": 0.05145716665068793,
      "op_margin": -0.07552302159761033,
      "fcf_margin": 0.041696979267121216,
      "incr_op_margin_yoy": 0.5481625340619966,
      "rev_growth_yoy": -0.3843603310835208,
      "rev_growth_yoy_accel": -0.027436151586004653,
      "fcf_margin_change": -0.049431672852351304
    },
    {
      "date": "2025-06-30T00:00:00",
      "quarter_label": "2025-06 (Q2)",
      "revenue": 550274000,
      "gross_profit": 70321000,
      "operating_income": 2655000,
      "net_income": -4954000,
      "opex": 547619000,
      "cogs": 479953000,
      "rd": null,
      "sga": 15216000,
      "fcf": 53231000,
      "ocf": 53231000,
      "capex": null,
      "gross_margin": 0.12779269963690815,
      "op_margin": 0.004824869065229322,
      "fcf_margin": 0.09673544452400078,
      "incr_op_margin_yoy": 0.26812116912040046,
      "rev_growth_yoy": -0.31555321162880656,
      "rev_growth_yoy_accel": 0.06880711945471424,
      "op_leverage_ratio": Infinity,
      "fcf_margin_change": 0.05503846525687956
    },
    {
      "date": "2025-09-30T00:00:00",
      "quarter_label": "2025-09 (Q3)",
      "revenue": 526778000,
      "gross_profit": 65143000,
      "operating_income": -2522000,
      "net_income": -5515000,
      "opex": 529300000,
      "cogs": 461635000,
      "rd": null,
      "sga": 15697000,
      "fcf": 50548000,
      "ocf": 50548000,
      "capex": null,
      "gross_margin": 0.12366309906639988,
      "op_margin": -0.00478759553360239,
      "fcf_margin": 0.09595693062352642,
      "incr_op_margin_yoy": 0.05396260999593437,
      "rev_growth_yoy": -0.2159839975472431,
      "rev_growth_yoy_accel": 0.09956921408156347,
      "fcf_margin_change": -0.0007785139004743563
    }
  ],
  "signals": [
    {
      "quarter": "2025-09 (Q3)",
      "signal": "YoY REVENUE GROWTH ACCELERATION",
      "detail": "YoY growth: -21.6% vs prior quarter YoY: -31.6% (accel: +10.0%)",
      "severity": "MEDIUM"
    },
    {
      "quarter": "2025-06 (Q2)",
      "signal": "FCF MARGIN EXPANSION",
      "detail": "FCF margin: +4.2% -> +9.7% (+5.5%)",
      "severity": "MEDIUM"
    },
    {
      "quarter": "2025-06 (Q2)",
      "signal": "GROSS MARGIN INFLECTION",
      "detail": "GM: +12.4% -> +5.1% -> +12.8% (reversal +7.6%)",
      "severity": "HIGH"
    },
    {
      "quarter": "2025-06 (Q2)",
      "signal": "YoY REVENUE GROWTH ACCELERATION",
      "detail": "YoY growth: -31.6% vs prior quarter YoY: -38.4% (accel: +6.9%)",
      "severity": "MEDIUM"
    },
    {
      "quarter": "2025-06 (Q2)",
      "signal": "INCREMENTAL MARGIN (YoY)",
      "detail": "YoY Incr OPM: +26.8% vs year-ago OPM: +8.8%",
      "severity": "MEDIUM"
    },
    {
      "quarter": "2025-06 (Q2)",
      "signal": "OP MARGIN TURNED POSITIVE (QoQ)",
      "detail": "Op margin: -7.6% -> +0.5%",
      "severity": "HIGH"
    },
    {
      "quarter": "2024-12 (Q4)",
      "signal": "YoY REVENUE GROWTH DECELERATION",
      "detail": "YoY growth: -35.7% vs prior quarter YoY: -9.4% (decel: -26.3%)",
      "severity": "WARNING"
    },
    {
      "quarter": "2024-12 (Q4)",
      "signal": "INCREMENTAL MARGIN (YoY)",
      "detail": "YoY Incr OPM: +59.3% vs year-ago OPM: +22.2%",
      "severity": "HIGH"
    },
    {
      "quarter": "2024-09 (Q3)",
      "signal": "FCF MARGIN EXPANSION",
      "detail": "FCF margin: +17.2% -> +28.2% (+11.0%)",
      "severity": "MEDIUM"
    },
    {
      "quarter": "2024-09 (Q3)",
      "signal": "INCREMENTAL MARGIN (YoY)",
      "detail": "YoY Incr OPM: +160.0% vs year-ago OPM: +15.8%",
      "severity": "HIGH"
    },
    {
      "quarter": "2024-06 (Q2)",
      "signal": "INCREMENTAL MARGIN (YoY)",
      "detail": "YoY Incr OPM: +271.0% vs year-ago OPM: +25.4%",
      "severity": "HIGH"
    },
    {
      "quarter": "2024-03 (Q1)",
      "signal": "YoY REVENUE GROWTH DECELERATION",
      "detail": "YoY growth: -5.2% vs prior quarter YoY: +16.6% (decel: -21.8%)",
      "severity": "WARNING"
    },
    {
      "quarter": "2024-03 (Q1)",
      "signal": "INCREMENTAL MARGIN (YoY)",
      "detail": "YoY Incr OPM: +366.0% vs year-ago OPM: +34.5%",
      "severity": "HIGH"
    },
    {
      "quarter": "2023-12 (Q4)",
      "signal": "OPERATING LEVERAGE",
      "detail": "Rev growth +29.4% vs OpEx growth +19.5% (leverage: 1.5x)",
      "severity": "MEDIUM"
    },
    {
      "quarter": "2023-12 (Q4)",
      "signal": "GROSS MARGIN INFLECTION",
      "detail": "GM: +32.0% -> +23.9% -> +30.3% (reversal +6.4%)",
      "severity": "HIGH"
    },
    {
      "quarter": "2023-12 (Q4)",
      "signal": "YoY REVENUE GROWTH ACCELERATION",
      "detail": "YoY growth: +16.6% vs prior quarter YoY: -14.7% (accel: +31.3%)",
      "severity": "HIGH"
    },
    {
      "quarter": "2023-09 (Q3)",
      "signal": "YoY REVENUE GROWTH ACCELERATION",
      "detail": "YoY growth: -14.7% vs prior quarter YoY: -35.8% (accel: +21.1%)",
      "severity": "HIGH"
    },
    {
      "quarter": "2023-09 (Q3)",
      "signal": "INCREMENTAL MARGIN (YoY)",
      "detail": "YoY Incr OPM: +112.4% vs year-ago OPM: +30.0%",
      "severity": "HIGH"
    },
    {
      "quarter": "2023-06 (Q2)",
      "signal": "FCF MARGIN EXPANSION",
      "detail": "FCF margin: +19.5% -> +37.0% (+17.5%)",
      "severity": "MEDIUM"
    },
    {
      "quarter": "2023-06 (Q2)",
      "signal": "YoY REVENUE GROWTH DECELERATION",
      "detail": "YoY growth: -35.8% vs prior quarter YoY: -15.0% (decel: -20.8%)",
      "severity": "WARNING"
    },
    {
      "quarter": "2023-06 (Q2)",
      "signal": "INCREMENTAL MARGIN (YoY)",
      "detail": "YoY Incr OPM: +90.4% vs year-ago OPM: +48.7%",
      "severity": "HIGH"
    },
    {
      "quarter": "2023-03 (Q1)",
      "signal": "GROSS MARGIN INFLECTION",
      "detail": "GM: +36.1% -> +33.3% -> +40.8% (reversal +7.5%)",
      "severity": "HIGH"
    },
    {
      "quarter": "2023-03 (Q1)",
      "signal": "YoY REVENUE GROWTH DECELERATION",
      "detail": "YoY growth: -15.0% vs prior quarter YoY: -0.6% (decel: -14.4%)",
      "severity": "WARNING"
    },
    {
      "quarter": "2023-03 (Q1)",
      "signal": "INCREMENTAL MARGIN (YoY)",
      "detail": "YoY Incr OPM: +86.2% vs year-ago OPM: +42.3%",
      "severity": "HIGH"
    },
    {
      "quarter": "2022-12 (Q4)",
      "signal": "YoY REVENUE GROWTH DECELERATION",
      "detail": "YoY growth: -0.6% vs prior quarter YoY: +34.0% (decel: -34.6%)",
      "severity": "WARNING"
    },
    {
      "quarter": "2022-12 (Q4)",
      "signal": "INCREMENTAL MARGIN (YoY)",
      "detail": "YoY Incr OPM: +1243.3% vs year-ago OPM: +33.3%",
      "severity": "HIGH"
    },
    {
      "quarter": "2022-09 (Q3)",
      "signal": "FCF MARGIN EXPANSION",
      "detail": "FCF margin: +34.9% -> +57.1% (+22.3%)",
      "severity": "MEDIUM"
    },
    {
      "quarter": "2022-09 (Q3)",
      "signal": "YoY REVENUE GROWTH DECELERATION",
      "detail": "YoY growth: +34.0% vs prior quarter YoY: +238.1% (decel: -204.0%)",
      "severity": "WARNING"
    },
    {
      "quarter": "2022-09 (Q3)",
      "signal": "INCREMENTAL MARGIN (YoY)",
      "detail": "YoY Incr OPM: +72.9% vs year-ago OPM: +15.4%",
      "severity": "HIGH"
    },
    {
      "quarter": "2022-06 (Q2)",
      "signal": "OPERATING LEVERAGE",
      "detail": "Rev growth +24.7% vs OpEx growth +10.9% (leverage: 2.3x)",
      "severity": "MEDIUM"
    },
    {
      "quarter": "2022-06 (Q2)",
      "signal": "YoY REVENUE GROWTH ACCELERATION",
      "detail": "YoY growth: +238.1% vs prior quarter YoY: +177.5% (accel: +60.6%)",
      "severity": "HIGH"
    },
    {
      "quarter": "2022-06 (Q2)",
      "signal": "OP MARGIN TURNED POSITIVE (YoY)",
      "detail": "Op margin: -0.6% (year-ago) -> +48.7%",
      "severity": "HIGH"
    },
    {
      "quarter": "2022-03 (Q1)",
      "signal": "FCF MARGIN EXPANSION",
      "detail": "FCF margin: +12.6% -> +31.4% (+18.8%)",
      "severity": "MEDIUM"
    },
    {
      "quarter": "2022-03 (Q1)",
      "signal": "OPERATING LEVERAGE",
      "detail": "Rev growth +29.4% vs OpEx growth +12.0% (leverage: 2.4x)",
      "severity": "MEDIUM"
    },
    {
      "quarter": "2022-03 (Q1)",
      "signal": "YoY REVENUE GROWTH DECELERATION",
      "detail": "YoY growth: +177.5% vs prior quarter YoY: +521.8% (decel: -344.3%)",
      "severity": "WARNING"
    },
    {
      "quarter": "2022-03 (Q1)",
      "signal": "OP MARGIN TURNED POSITIVE (YoY)",
      "detail": "Op margin: -4.3% (year-ago) -> +42.3%",
      "severity": "HIGH"
    },
    {
      "quarter": "2021-12 (Q4)",
      "signal": "OPERATING LEVERAGE",
      "detail": "Rev growth +27.6% vs OpEx growth +0.7% (leverage: 42.4x)",
      "severity": "MEDIUM"
    },
    {
      "quarter": "2021-09 (Q3)",
      "signal": "FCF TURNED POSITIVE",
      "detail": "FCF margin: -1.6% -> +14.8%",
      "severity": "HIGH"
    },
    {
      "quarter": "2021-09 (Q3)",
      "signal": "OPERATING LEVERAGE",
      "detail": "Rev growth +64.1% vs OpEx growth +38.1% (leverage: 1.7x)",
      "severity": "MEDIUM"
    },
    {
      "quarter": "2021-09 (Q3)",
      "signal": "OP MARGIN TURNED POSITIVE (QoQ)",
      "detail": "Op margin: -0.6% -> +15.4%",
      "severity": "HIGH"
    }
  ],
  "data_quality": {
    "n_quarters": 20,
    "coverage": {
      "revenue": [
        20,
        20
      ],
      "gross_profit": [
        20,
        20
      ],
      "op_income": [
        20,
        20
      ],
      "fcf": [
        20,
        20
      ]
    },
    "gaps": [],
    "warnings": []
  },
  "market_cap": null,
  "source": "SEC EDGAR",
  "last_updated": "2026-02-02T21:23:49.553285"
}