{
  "ticker": "AMRC",
  "name": "Ameresco, Inc.",
  "quarters": [
    {
      "date": "2020-12-31T00:00:00",
      "quarter_label": "2020-12 (Q4)",
      "revenue": 314319000,
      "gross_profit": 58221000,
      "operating_income": 24574000,
      "net_income": 23484000,
      "opex": 33647000,
      "cogs": 256098000,
      "rd": null,
      "sga": 33647000,
      "fcf": -19037000,
      "ocf": -18794000,
      "capex": -243000,
      "gross_margin": 0.18522901892663185,
      "op_margin": 0.0781817198451255,
      "fcf_margin": -0.060565858252285096
    },
    {
      "date": "2021-03-31T00:00:00",
      "quarter_label": "2021-03 (Q1)",
      "revenue": 252202000,
      "gross_profit": 46909000,
      "operating_income": 18308000,
      "net_income": 11174000,
      "opex": 28601000,
      "cogs": 205293000,
      "rd": null,
      "sga": 28601000,
      "fcf": -39380000,
      "ocf": -38724000,
      "capex": -656000,
      "gross_margin": 0.1859977319767488,
      "op_margin": 0.07259260434096478,
      "fcf_margin": -0.15614467767900334,
      "fcf_margin_change": -0.09557881942671824
    },
    {
      "date": "2021-06-30T00:00:00",
      "quarter_label": "2021-06 (Q2)",
      "revenue": 273920000,
      "gross_profit": 53322000,
      "operating_income": 21440000,
      "net_income": 13655000,
      "opex": 31882000,
      "cogs": 220598000,
      "rd": null,
      "sga": 31882000,
      "fcf": -58587000,
      "ocf": -57759000,
      "capex": -828000,
      "gross_margin": 0.19466267523364486,
      "op_margin": 0.07827102803738317,
      "fcf_margin": -0.2138836156542056,
      "op_leverage_ratio": 0.7506652124333915,
      "fcf_margin_change": -0.05773893797520227
    },
    {
      "date": "2021-09-30T00:00:00",
      "quarter_label": "2021-09 (Q3)",
      "revenue": 273682000,
      "gross_profit": 58813000,
      "operating_income": 23645000,
      "net_income": 17423000,
      "opex": 35168000,
      "cogs": 214869000,
      "rd": null,
      "sga": 35168000,
      "fcf": -20510000,
      "ocf": -19861000,
      "capex": -649000,
      "gross_margin": 0.21489538953968473,
      "op_margin": 0.08639589012065098,
      "fcf_margin": -0.07494098990799541,
      "fcf_margin_change": 0.1389426257462102
    },
    {
      "date": "2021-12-31T00:00:00",
      "quarter_label": "2021-12 (Q4)",
      "revenue": 415893000,
      "gross_profit": 71313000,
      "operating_income": 32041000,
      "net_income": 28206000,
      "opex": 39272000,
      "cogs": 344580000,
      "rd": null,
      "sga": 39272000,
      "fcf": -58715000,
      "ocf": -55952000,
      "capex": -2763000,
      "gross_margin": 0.17146958472491722,
      "op_margin": 0.07704145056540986,
      "fcf_margin": -0.14117813956955275,
      "incr_op_margin_yoy": 0.07351290684624018,
      "rev_growth_yoy": 0.32315577486566194,
      "op_leverage_ratio": 4.45273935474664,
      "fcf_margin_change": -0.06623714966155733
    },
    {
      "date": "2022-03-31T00:00:00",
      "quarter_label": "2022-03 (Q1)",
      "revenue": 474002000,
      "gross_profit": 68378000,
      "operating_income": 28686000,
      "net_income": 17384000,
      "opex": 39692000,
      "cogs": 405624000,
      "rd": null,
      "sga": 39692000,
      "fcf": -277011000,
      "ocf": -276122000,
      "capex": -889000,
      "gross_margin": 0.14425677528786798,
      "op_margin": 0.06051873198847262,
      "fcf_margin": -0.5844089265446137,
      "incr_op_margin_yoy": 0.046789900811541926,
      "rev_growth_yoy": 0.8794537711834165,
      "rev_growth_yoy_accel": 0.5562979963177546,
      "op_leverage_ratio": 13.064582018749558,
      "fcf_margin_change": -0.443230786975061
    },
    {
      "date": "2022-06-30T00:00:00",
      "quarter_label": "2022-06 (Q2)",
      "revenue": 577397000,
      "gross_profit": 81303000,
      "operating_income": 43054000,
      "net_income": 32216000,
      "opex": 38249000,
      "cogs": 496094000,
      "rd": null,
      "sga": 38249000,
      "fcf": -33357000,
      "ocf": -31721000,
      "capex": -1636000,
      "gross_margin": 0.14080952966503116,
      "op_margin": 0.07456568011264347,
      "fcf_margin": -0.05777134276762782,
      "incr_op_margin_yoy": 0.07122121281019649,
      "rev_growth_yoy": 1.1079037675233645,
      "rev_growth_yoy_accel": 0.228449996339948,
      "op_leverage_ratio": Infinity,
      "fcf_margin_change": 0.5266375837769859
    },
    {
      "date": "2022-09-30T00:00:00",
      "quarter_label": "2022-09 (Q3)",
      "revenue": 441296000,
      "gross_profit": 79556000,
      "operating_income": 38938000,
      "net_income": 27391000,
      "opex": 40618000,
      "cogs": 361740000,
      "rd": null,
      "sga": 40618000,
      "fcf": 33218000,
      "ocf": 34674000,
      "capex": -1456000,
      "gross_margin": 0.18027808998948552,
      "op_margin": 0.08823556071208441,
      "fcf_margin": 0.07527373916826802,
      "incr_op_margin_yoy": 0.09123939527724415,
      "rev_growth_yoy": 0.6124407158673205,
      "rev_growth_yoy_accel": -0.495463051656044,
      "fcf_margin_change": 0.13304508193589584
    },
    {
      "date": "2022-12-31T00:00:00",
      "quarter_label": "2022-12 (Q4)",
      "revenue": 331727000,
      "gross_profit": 61596000,
      "operating_income": 22314000,
      "net_income": 17935000,
      "opex": 39282000,
      "cogs": 270131000,
      "rd": null,
      "sga": 39282000,
      "fcf": -66434000,
      "ocf": -65119000,
      "capex": -1315000,
      "gross_margin": 0.18568280543941254,
      "op_margin": 0.06726615560385497,
      "fcf_margin": -0.20026708709269972,
      "incr_op_margin_yoy": 0.11556923223154243,
      "rev_growth_yoy": -0.20237416835580305,
      "rev_growth_yoy_accel": -0.8148148842231235,
      "fcf_margin_change": -0.27554082626096776
    },
    {
      "date": "2023-03-31T00:00:00",
      "quarter_label": "2023-03 (Q1)",
      "revenue": 271042000,
      "gross_profit": 49948000,
      "operating_income": 9097000,
      "net_income": 1102000,
      "opex": 40851000,
      "cogs": 221094000,
      "rd": null,
      "sga": 41301000,
      "fcf": 57115000,
      "ocf": 58772000,
      "capex": -1657000,
      "gross_margin": 0.18428140288221015,
      "op_margin": 0.03356306402697737,
      "fcf_margin": 0.21072379926358276,
      "incr_op_margin_yoy": 0.09651655498620418,
      "rev_growth_yoy": -0.4281838473255387,
      "rev_growth_yoy_accel": -0.22580967896973567,
      "fcf_margin_change": 0.41099088635628245
    },
    {
      "date": "2023-06-30T00:00:00",
      "quarter_label": "2023-06 (Q2)",
      "revenue": 327074000,
      "gross_profit": 58649000,
      "operating_income": 17616000,
      "net_income": 6368000,
      "opex": 41033000,
      "cogs": 268425000,
      "rd": null,
      "sga": 41413000,
      "fcf": -93626000,
      "ocf": -92621000,
      "capex": -1005000,
      "gross_margin": 0.17931416132129122,
      "op_margin": 0.05385937127377902,
      "fcf_margin": -0.2862532637873998,
      "incr_op_margin_yoy": 0.10162070604778627,
      "rev_growth_yoy": -0.4335370637533621,
      "rev_growth_yoy_accel": -0.005353216427823382,
      "op_leverage_ratio": 46.401373421628584,
      "fcf_margin_change": -0.49697706305098255
    },
    {
      "date": "2023-09-30T00:00:00",
      "quarter_label": "2023-09 (Q3)",
      "revenue": 335149000,
      "gross_profit": 63656000,
      "operating_income": 21430000,
      "net_income": 21265000,
      "opex": 42226000,
      "cogs": 271493000,
      "rd": null,
      "sga": 42752000,
      "fcf": -8507000,
      "ocf": -6572000,
      "capex": -1935000,
      "gross_margin": 0.18993343259266773,
      "op_margin": 0.06394170950830824,
      "fcf_margin": -0.025382740214054046,
      "incr_op_margin_yoy": 0.164941072286546,
      "rev_growth_yoy": -0.2405346977992096,
      "rev_growth_yoy_accel": 0.1930023659541525,
      "op_leverage_ratio": 0.8491596224925909,
      "fcf_margin_change": 0.2608705235733457
    },
    {
      "date": "2023-12-31T00:00:00",
      "quarter_label": "2023-12 (Q4)",
      "revenue": 441368000,
      "gross_profit": 74176000,
      "operating_income": 34075000,
      "net_income": 33735000,
      "opex": 40101000,
      "cogs": 367192000,
      "rd": null,
      "sga": 36672000,
      "fcf": -30686000,
      "ocf": -29570000,
      "capex": -1116000,
      "gross_margin": 0.16805930651972956,
      "op_margin": 0.07720315020572402,
      "fcf_margin": -0.06952475032172699,
      "incr_op_margin_yoy": 0.10726826643317737,
      "rev_growth_yoy": 0.33051575542539496,
      "rev_growth_yoy_accel": 0.5710504532246046,
      "op_leverage_ratio": Infinity,
      "fcf_margin_change": -0.04414201010767294
    },
    {
      "date": "2024-03-31T00:00:00",
      "quarter_label": "2024-03 (Q1)",
      "revenue": 298406000,
      "gross_profit": 46993000,
      "operating_income": 7993000,
      "net_income": -2937000,
      "opex": 39000000,
      "cogs": 251413000,
      "rd": null,
      "sga": 39555000,
      "fcf": 19855000,
      "ocf": 20817000,
      "capex": -962000,
      "gross_margin": 0.1574800774783349,
      "op_margin": 0.026785654443945497,
      "fcf_margin": 0.06653686588071285,
      "incr_op_margin_yoy": -0.040344978804268385,
      "rev_growth_yoy": 0.10095852303333062,
      "rev_growth_yoy_accel": -0.22955723239206433,
      "fcf_margin_change": 0.13606161620243984
    },
    {
      "date": "2024-06-30T00:00:00",
      "quarter_label": "2024-06 (Q2)",
      "revenue": 437982000,
      "gross_profit": 65169000,
      "operating_income": 20953000,
      "net_income": 5010000,
      "opex": 44216000,
      "cogs": 372813000,
      "rd": null,
      "sga": 44226000,
      "fcf": 52210000,
      "ocf": 53314000,
      "capex": -1104000,
      "gross_margin": 0.14879378604600188,
      "op_margin": 0.04783986556525154,
      "fcf_margin": 0.119205812111,
      "incr_op_margin_yoy": 0.030088000865582283,
      "rev_growth_yoy": 0.33909145942508423,
      "rev_growth_yoy_accel": 0.2381329363917536,
      "op_leverage_ratio": 3.4972785255843433,
      "fcf_margin_change": 0.052668946230287145
    },
    {
      "date": "2024-09-30T00:00:00",
      "quarter_label": "2024-09 (Q3)",
      "revenue": 500873000,
      "gross_profit": 77139000,
      "operating_income": 35159000,
      "net_income": 17599000,
      "opex": 41980000,
      "cogs": 423734000,
      "rd": null,
      "sga": 42139000,
      "fcf": 24104000,
      "ocf": 25091000,
      "capex": -987000,
      "gross_margin": 0.15400910011120583,
      "op_margin": 0.0701954387639182,
      "fcf_margin": 0.04812397553870942,
      "incr_op_margin_yoy": 0.08284255750524969,
      "rev_growth_yoy": 0.4944785752008808,
      "rev_growth_yoy_accel": 0.15538711577579656,
      "op_leverage_ratio": Infinity,
      "fcf_margin_change": -0.07108183657229059
    },
    {
      "date": "2024-12-31T00:00:00",
      "quarter_label": "2024-12 (Q4)",
      "revenue": 532667000,
      "gross_profit": 66790000,
      "operating_income": 44640000,
      "net_income": 37085000,
      "opex": 22150000,
      "cogs": 465877000,
      "rd": null,
      "sga": 47841000,
      "fcf": 17138000,
      "ocf": 18376000,
      "capex": -1238000,
      "gross_margin": 0.12538790651570306,
      "op_margin": 0.08380470350143711,
      "fcf_margin": 0.03217394732543972,
      "incr_op_margin_yoy": 0.11571868257045531,
      "rev_growth_yoy": 0.20685459752406155,
      "rev_growth_yoy_accel": -0.28762397767681924,
      "op_leverage_ratio": Infinity,
      "fcf_margin_change": -0.0159500282132697
    },
    {
      "date": "2025-03-31T00:00:00",
      "quarter_label": "2025-03 (Q1)",
      "revenue": 352829000,
      "gross_profit": 51919000,
      "operating_income": 13692000,
      "net_income": -5483000,
      "opex": 38227000,
      "cogs": 300910000,
      "rd": null,
      "sga": 38488000,
      "fcf": -28726000,
      "ocf": -28304000,
      "capex": -422000,
      "gross_margin": 0.14715060269989144,
      "op_margin": 0.038806333946472656,
      "fcf_margin": -0.08141621011878275,
      "incr_op_margin_yoy": 0.1047167557834004,
      "rev_growth_yoy": 0.18237904063591215,
      "rev_growth_yoy_accel": -0.024475556888149397,
      "fcf_margin_change": -0.11359015744422246
    },
    {
      "date": "2025-06-30T00:00:00",
      "quarter_label": "2025-06 (Q2)",
      "revenue": 472284000,
      "gross_profit": 73358000,
      "operating_income": 27774000,
      "net_income": 12864000,
      "opex": 45584000,
      "cogs": 398926000,
      "rd": null,
      "sga": 45734000,
      "fcf": -27020000,
      "ocf": -26873000,
      "capex": -147000,
      "gross_margin": 0.1553260326413768,
      "op_margin": 0.058807835963106944,
      "fcf_margin": -0.057211338940129246,
      "incr_op_margin_yoy": 0.19885137892834237,
      "rev_growth_yoy": 0.07831828705289258,
      "rev_growth_yoy_accel": -0.10406075358301957,
      "op_leverage_ratio": 1.7591769231941878,
      "fcf_margin_change": 0.024204871178653505
    },
    {
      "date": "2025-09-30T00:00:00",
      "quarter_label": "2025-09 (Q3)",
      "revenue": 525987000,
      "gross_profit": 84329000,
      "operating_income": 42350000,
      "net_income": 18532000,
      "opex": 41979000,
      "cogs": 441658000,
      "rd": null,
      "sga": 43372000,
      "fcf": 18064000,
      "ocf": 17712000,
      "capex": 352000,
      "gross_margin": 0.16032525518691526,
      "op_margin": 0.08051529790660225,
      "fcf_margin": 0.03434305410589995,
      "incr_op_margin_yoy": 0.28633431552122324,
      "rev_growth_yoy": 0.0501404547659786,
      "rev_growth_yoy_accel": -0.02817783228691398,
      "op_leverage_ratio": Infinity,
      "fcf_margin_change": 0.09155439304602919
    }
  ],
  "signals": [
    {
      "quarter": "2025-09 (Q3)",
      "signal": "FCF TURNED POSITIVE",
      "detail": "FCF margin: -5.7% -> +3.4%",
      "severity": "HIGH"
    },
    {
      "quarter": "2025-09 (Q3)",
      "signal": "INCREMENTAL MARGIN (YoY)",
      "detail": "YoY Incr OPM: +28.6% vs year-ago OPM: +7.0%",
      "severity": "HIGH"
    },
    {
      "quarter": "2025-06 (Q2)",
      "signal": "OPERATING LEVERAGE",
      "detail": "Rev growth +33.9% vs OpEx growth +19.2% (leverage: 1.8x)",
      "severity": "MEDIUM"
    },
    {
      "quarter": "2025-06 (Q2)",
      "signal": "YoY REVENUE GROWTH DECELERATION",
      "detail": "YoY growth: +7.8% vs prior quarter YoY: +18.2% (decel: -10.4%)",
      "severity": "WARNING"
    },
    {
      "quarter": "2025-06 (Q2)",
      "signal": "INCREMENTAL MARGIN (YoY)",
      "detail": "YoY Incr OPM: +19.9% vs year-ago OPM: +4.8%",
      "severity": "MEDIUM"
    },
    {
      "quarter": "2025-03 (Q1)",
      "signal": "GROSS MARGIN INFLECTION",
      "detail": "GM: +15.4% -> +12.5% -> +14.7% (reversal +2.2%)",
      "severity": "MEDIUM"
    },
    {
      "quarter": "2024-12 (Q4)",
      "signal": "YoY REVENUE GROWTH DECELERATION",
      "detail": "YoY growth: +20.7% vs prior quarter YoY: +49.4% (decel: -28.8%)",
      "severity": "WARNING"
    },
    {
      "quarter": "2024-09 (Q3)",
      "signal": "YoY REVENUE GROWTH ACCELERATION",
      "detail": "YoY growth: +49.4% vs prior quarter YoY: +33.9% (accel: +15.5%)",
      "severity": "HIGH"
    },
    {
      "quarter": "2024-06 (Q2)",
      "signal": "FCF MARGIN EXPANSION",
      "detail": "FCF margin: +6.7% -> +11.9% (+5.3%)",
      "severity": "MEDIUM"
    },
    {
      "quarter": "2024-06 (Q2)",
      "signal": "OPERATING LEVERAGE",
      "detail": "Rev growth +46.8% vs OpEx growth +13.4% (leverage: 3.5x)",
      "severity": "MEDIUM"
    },
    {
      "quarter": "2024-06 (Q2)",
      "signal": "YoY REVENUE GROWTH ACCELERATION",
      "detail": "YoY growth: +33.9% vs prior quarter YoY: +10.1% (accel: +23.8%)",
      "severity": "HIGH"
    },
    {
      "quarter": "2024-03 (Q1)",
      "signal": "FCF TURNED POSITIVE",
      "detail": "FCF margin: -7.0% -> +6.7%",
      "severity": "HIGH"
    },
    {
      "quarter": "2024-03 (Q1)",
      "signal": "YoY REVENUE GROWTH DECELERATION",
      "detail": "YoY growth: +10.1% vs prior quarter YoY: +33.1% (decel: -23.0%)",
      "severity": "WARNING"
    },
    {
      "quarter": "2023-12 (Q4)",
      "signal": "YoY REVENUE GROWTH ACCELERATION",
      "detail": "YoY growth: +33.1% vs prior quarter YoY: -24.1% (accel: +57.1%)",
      "severity": "HIGH"
    },
    {
      "quarter": "2023-09 (Q3)",
      "signal": "FCF MARGIN EXPANSION",
      "detail": "FCF margin: -28.6% -> -2.5% (+26.1%)",
      "severity": "MEDIUM"
    },
    {
      "quarter": "2023-09 (Q3)",
      "signal": "YoY REVENUE GROWTH ACCELERATION",
      "detail": "YoY growth: -24.1% vs prior quarter YoY: -43.4% (accel: +19.3%)",
      "severity": "HIGH"
    },
    {
      "quarter": "2023-06 (Q2)",
      "signal": "OPERATING LEVERAGE",
      "detail": "Rev growth +20.7% vs OpEx growth +0.4% (leverage: 46.4x)",
      "severity": "MEDIUM"
    },
    {
      "quarter": "2023-03 (Q1)",
      "signal": "FCF TURNED POSITIVE",
      "detail": "FCF margin: -20.0% -> +21.1%",
      "severity": "HIGH"
    },
    {
      "quarter": "2023-03 (Q1)",
      "signal": "YoY REVENUE GROWTH DECELERATION",
      "detail": "YoY growth: -42.8% vs prior quarter YoY: -20.2% (decel: -22.6%)",
      "severity": "WARNING"
    },
    {
      "quarter": "2022-12 (Q4)",
      "signal": "YoY REVENUE GROWTH DECELERATION",
      "detail": "YoY growth: -20.2% vs prior quarter YoY: +61.2% (decel: -81.5%)",
      "severity": "WARNING"
    },
    {
      "quarter": "2022-09 (Q3)",
      "signal": "FCF TURNED POSITIVE",
      "detail": "FCF margin: -5.8% -> +7.5%",
      "severity": "HIGH"
    },
    {
      "quarter": "2022-09 (Q3)",
      "signal": "GROSS MARGIN INFLECTION",
      "detail": "GM: +14.4% -> +14.1% -> +18.0% (reversal +3.9%)",
      "severity": "MEDIUM"
    },
    {
      "quarter": "2022-09 (Q3)",
      "signal": "YoY REVENUE GROWTH DECELERATION",
      "detail": "YoY growth: +61.2% vs prior quarter YoY: +110.8% (decel: -49.5%)",
      "severity": "WARNING"
    },
    {
      "quarter": "2022-06 (Q2)",
      "signal": "FCF MARGIN EXPANSION",
      "detail": "FCF margin: -58.4% -> -5.8% (+52.7%)",
      "severity": "MEDIUM"
    },
    {
      "quarter": "2022-06 (Q2)",
      "signal": "YoY REVENUE GROWTH ACCELERATION",
      "detail": "YoY growth: +110.8% vs prior quarter YoY: +87.9% (accel: +22.8%)",
      "severity": "HIGH"
    },
    {
      "quarter": "2022-03 (Q1)",
      "signal": "OPERATING LEVERAGE",
      "detail": "Rev growth +14.0% vs OpEx growth +1.1% (leverage: 13.1x)",
      "severity": "MEDIUM"
    },
    {
      "quarter": "2022-03 (Q1)",
      "signal": "YoY REVENUE GROWTH ACCELERATION",
      "detail": "YoY growth: +87.9% vs prior quarter YoY: +32.3% (accel: +55.6%)",
      "severity": "HIGH"
    },
    {
      "quarter": "2021-12 (Q4)",
      "signal": "OPERATING LEVERAGE",
      "detail": "Rev growth +52.0% vs OpEx growth +11.7% (leverage: 4.5x)",
      "severity": "MEDIUM"
    },
    {
      "quarter": "2021-09 (Q3)",
      "signal": "FCF MARGIN EXPANSION",
      "detail": "FCF margin: -21.4% -> -7.5% (+13.9%)",
      "severity": "MEDIUM"
    }
  ],
  "data_quality": {
    "n_quarters": 20,
    "coverage": {
      "revenue": [
        20,
        20
      ],
      "gross_profit": [
        20,
        20
      ],
      "op_income": [
        20,
        20
      ],
      "fcf": [
        20,
        20
      ]
    },
    "gaps": [],
    "warnings": []
  },
  "market_cap": null,
  "source": "SEC EDGAR",
  "last_updated": "2026-02-02T21:42:21.008979",
  "sector": "Industrials",
  "industry": "Engineering & Construction"
}