{
  "ticker": "AMRN",
  "name": "AMARIN CORP PLC\\UK",
  "quarters": [
    {
      "date": "2020-12-31T00:00:00",
      "quarter_label": "2020-12 (Q4)",
      "revenue": 167251000,
      "gross_profit": 132483000,
      "operating_income": 7158000,
      "net_income": 4926000,
      "opex": 125325000,
      "cogs": 34768000,
      "rd": 8509000,
      "sga": 116816000,
      "fcf": -38323000,
      "ocf": -38323000,
      "capex": null,
      "gross_margin": 0.7921208243896898,
      "op_margin": 0.04279795038594687,
      "fcf_margin": -0.22913465390341461
    },
    {
      "date": "2021-03-31T00:00:00",
      "quarter_label": "2021-03 (Q1)",
      "revenue": 142170000,
      "gross_profit": 113844000,
      "operating_income": -1331000,
      "net_income": -1626000,
      "opex": 115175000,
      "cogs": 28326000,
      "rd": 9377000,
      "sga": 105798000,
      "fcf": -18704000,
      "ocf": -18704000,
      "capex": null,
      "gross_margin": 0.8007596539354294,
      "op_margin": -0.009362031370894,
      "fcf_margin": -0.13156080748399804,
      "fcf_margin_change": 0.09757384641941658
    },
    {
      "date": "2021-06-30T00:00:00",
      "quarter_label": "2021-06 (Q2)",
      "revenue": 154488000,
      "gross_profit": 122333000,
      "operating_income": 8773000,
      "net_income": 7808000,
      "opex": 113560000,
      "cogs": 32155000,
      "rd": 6357000,
      "sga": 107203000,
      "fcf": -15053000,
      "ocf": -15053000,
      "capex": null,
      "gross_margin": 0.7918608565066543,
      "op_margin": 0.05678758220703226,
      "fcf_margin": -0.0974379887110973,
      "op_leverage_ratio": Infinity,
      "fcf_margin_change": 0.03412281877290074
    },
    {
      "date": "2021-09-30T00:00:00",
      "quarter_label": "2021-09 (Q3)",
      "revenue": 142038000,
      "gross_profit": 111827000,
      "operating_income": -13073000,
      "net_income": -13151000,
      "opex": 124900000,
      "cogs": 30211000,
      "rd": 7820000,
      "sga": 102965000,
      "fcf": -4540000,
      "ocf": -4540000,
      "capex": null,
      "gross_margin": 0.7873033976823104,
      "op_margin": -0.09203875019361016,
      "fcf_margin": -0.031963277432799676,
      "fcf_margin_change": 0.06547471127829763
    },
    {
      "date": "2021-12-31T00:00:00",
      "quarter_label": "2021-12 (Q4)",
      "revenue": 144491000,
      "gross_profit": 113856000,
      "operating_income": 16133000,
      "net_income": 14698000,
      "opex": 97723000,
      "cogs": 30635000,
      "rd": 5753000,
      "sga": 92368000,
      "fcf": -28240000,
      "ocf": -28240000,
      "capex": null,
      "gross_margin": 0.7879798741790146,
      "op_margin": 0.11165401305271609,
      "fcf_margin": -0.19544469897779101,
      "incr_op_margin_yoy": -0.3943321616871705,
      "rev_growth_yoy": -0.13608289337582435,
      "op_leverage_ratio": Infinity,
      "fcf_margin_change": -0.16348142154499135
    },
    {
      "date": "2022-03-31T00:00:00",
      "quarter_label": "2022-03 (Q1)",
      "revenue": 94630000,
      "gross_profit": 72391000,
      "operating_income": -28307000,
      "net_income": -31563000,
      "opex": 100698000,
      "cogs": 22239000,
      "rd": 10051000,
      "sga": 90647000,
      "fcf": -98847000,
      "ocf": -98847000,
      "capex": null,
      "gross_margin": 0.7649899609003488,
      "op_margin": -0.2991334671879953,
      "fcf_margin": -1.0445630349783366,
      "incr_op_margin_yoy": 0.5674379469920068,
      "rev_growth_yoy": -0.33438840824365196,
      "rev_growth_yoy_accel": -0.1983055148678276,
      "fcf_margin_change": -0.8491183360005455
    },
    {
      "date": "2022-06-30T00:00:00",
      "quarter_label": "2022-06 (Q2)",
      "revenue": 94440000,
      "gross_profit": 43630000,
      "operating_income": -62832000,
      "net_income": -69956000,
      "opex": 106462000,
      "cogs": null,
      "rd": 9356000,
      "sga": 86893000,
      "fcf": -64584000,
      "ocf": -64584000,
      "capex": null,
      "gross_margin": 0.46198644642100806,
      "op_margin": -0.6653113087674715,
      "fcf_margin": -0.6838627700127065,
      "incr_op_margin_yoy": 1.1924626965094591,
      "rev_growth_yoy": -0.3886903837191238,
      "rev_growth_yoy_accel": -0.05430197547547183,
      "fcf_margin_change": 0.3607002649656301
    },
    {
      "date": "2022-09-30T00:00:00",
      "quarter_label": "2022-09 (Q3)",
      "revenue": 89878000,
      "gross_profit": 62859000,
      "operating_income": -5144000,
      "net_income": -5140000,
      "opex": 68003000,
      "cogs": null,
      "rd": 5765000,
      "sga": 58745000,
      "fcf": -18213000,
      "ocf": -18213000,
      "capex": null,
      "gross_margin": 0.6993813836533969,
      "op_margin": -0.05723313825407775,
      "fcf_margin": -0.20264135828567614,
      "incr_op_margin_yoy": -0.15201303680981595,
      "rev_growth_yoy": -0.3672256720032667,
      "rev_growth_yoy_accel": 0.021464711715857065,
      "fcf_margin_change": 0.4812214117270303
    },
    {
      "date": "2022-12-31T00:00:00",
      "quarter_label": "2022-12 (Q4)",
      "revenue": 90245000,
      "gross_profit": 63604000,
      "operating_income": -9586000,
      "net_income": 856000,
      "opex": 73190000,
      "cogs": null,
      "rd": 5239000,
      "sga": 68131000,
      "fcf": 1552000,
      "ocf": 1552000,
      "capex": null,
      "gross_margin": 0.7047925092802926,
      "op_margin": -0.10622195135464568,
      "fcf_margin": 0.017197628677489057,
      "incr_op_margin_yoy": 0.4741179073111382,
      "rev_growth_yoy": -0.375428227363642,
      "rev_growth_yoy_accel": -0.008202555360375285,
      "fcf_margin_change": 0.2198389869631652
    },
    {
      "date": "2023-03-31T00:00:00",
      "quarter_label": "2023-03 (Q1)",
      "revenue": 85975000,
      "gross_profit": 47927000,
      "operating_income": -17341000,
      "net_income": -16460000,
      "opex": 65268000,
      "cogs": null,
      "rd": 5681000,
      "sga": 59587000,
      "fcf": -7008000,
      "ocf": -7008000,
      "capex": null,
      "gross_margin": 0.557452747891829,
      "op_margin": -0.201698168072114,
      "fcf_margin": -0.08151206746147135,
      "incr_op_margin_yoy": -1.2670132871172732,
      "rev_growth_yoy": -0.09146148155975906,
      "rev_growth_yoy_accel": 0.2839667458038829,
      "fcf_margin_change": -0.09870969613896041
    },
    {
      "date": "2023-06-30T00:00:00",
      "quarter_label": "2023-06 (Q2)",
      "revenue": 80167000,
      "gross_profit": 42668000,
      "operating_income": -23959000,
      "net_income": -17560000,
      "opex": 66627000,
      "cogs": null,
      "rd": 5642000,
      "sga": 50953000,
      "fcf": 7204000,
      "ocf": 7204000,
      "capex": null,
      "gross_margin": 0.5322389511893921,
      "op_margin": -0.2988636221886811,
      "fcf_margin": 0.08986241221450222,
      "incr_op_margin_yoy": -2.723533945211238,
      "rev_growth_yoy": -0.15113299449385853,
      "rev_growth_yoy_accel": -0.059671512934099474,
      "fcf_margin_change": 0.17137447967597358
    },
    {
      "date": "2023-09-30T00:00:00",
      "quarter_label": "2023-09 (Q3)",
      "revenue": 66056000,
      "gross_profit": 29822000,
      "operating_income": -21451000,
      "net_income": -19311000,
      "opex": 51273000,
      "cogs": null,
      "rd": 5105000,
      "sga": 45457000,
      "fcf": 7329000,
      "ocf": 7329000,
      "capex": null,
      "gross_margin": 0.45146542327721934,
      "op_margin": -0.32473961487222963,
      "fcf_margin": 0.11095131403657503,
      "incr_op_margin_yoy": 0.6845353035009655,
      "rev_growth_yoy": -0.2650481764169207,
      "rev_growth_yoy_accel": -0.11391518192306216,
      "fcf_margin_change": 0.021088901822072806
    },
    {
      "date": "2023-12-31T00:00:00",
      "quarter_label": "2023-12 (Q4)",
      "revenue": 74713000,
      "gross_profit": 45124000,
      "operating_income": -4837000,
      "net_income": -5781000,
      "opex": 49961000,
      "cogs": null,
      "rd": 5791000,
      "sga": 43941000,
      "fcf": -645000,
      "ocf": -645000,
      "capex": null,
      "gross_margin": 0.6039645041692878,
      "op_margin": -0.06474107585025364,
      "fcf_margin": -0.008633035750137191,
      "incr_op_margin_yoy": -0.3057558588720062,
      "rev_growth_yoy": -0.17210925813064434,
      "rev_growth_yoy_accel": 0.09293891828627635,
      "op_leverage_ratio": Infinity,
      "fcf_margin_change": -0.11958434978671222
    },
    {
      "date": "2024-03-31T00:00:00",
      "quarter_label": "2024-03 (Q1)",
      "revenue": 56519000,
      "gross_profit": 31904000,
      "operating_income": -13583000,
      "net_income": -9953000,
      "opex": 45487000,
      "cogs": null,
      "rd": 5598000,
      "sga": 39889000,
      "fcf": -12601000,
      "ocf": -12601000,
      "capex": null,
      "gross_margin": 0.5644827403174154,
      "op_margin": -0.24032626196500292,
      "fcf_margin": -0.22295157380703834,
      "incr_op_margin_yoy": -0.1275801195002716,
      "rev_growth_yoy": -0.3426112241930794,
      "rev_growth_yoy_accel": -0.17050196606243503,
      "fcf_margin_change": -0.21431853805690115
    },
    {
      "date": "2024-06-30T00:00:00",
      "quarter_label": "2024-06 (Q2)",
      "revenue": 67491000,
      "gross_profit": 42769000,
      "operating_income": -524000,
      "net_income": 1522000,
      "opex": 43293000,
      "cogs": null,
      "rd": 4746000,
      "sga": 38547000,
      "fcf": -2749000,
      "ocf": -2749000,
      "capex": null,
      "gross_margin": 0.6336993080558889,
      "op_margin": -0.007763998162717992,
      "fcf_margin": -0.04073135677349572,
      "incr_op_margin_yoy": -1.8487693278636794,
      "rev_growth_yoy": -0.15811992465727792,
      "rev_growth_yoy_accel": 0.18449129953580146,
      "op_leverage_ratio": Infinity,
      "fcf_margin_change": 0.18222021703354263
    },
    {
      "date": "2024-09-30T00:00:00",
      "quarter_label": "2024-09 (Q3)",
      "revenue": 42298000,
      "gross_profit": 16276000,
      "operating_income": -25168000,
      "net_income": -25134000,
      "opex": 41444000,
      "cogs": null,
      "rd": 4540000,
      "sga": 36904000,
      "fcf": -2360000,
      "ocf": -2360000,
      "capex": null,
      "gross_margin": 0.38479360726275474,
      "op_margin": -0.5950163128280297,
      "fcf_margin": -0.055794600217504375,
      "incr_op_margin_yoy": 0.1564525633470831,
      "rev_growth_yoy": -0.35966452706794233,
      "rev_growth_yoy_accel": -0.2015446024106644,
      "fcf_margin_change": -0.015063243444008653
    },
    {
      "date": "2024-12-31T00:00:00",
      "quarter_label": "2024-12 (Q4)",
      "revenue": 62306000,
      "gross_profit": -9567000,
      "operating_income": -52522000,
      "net_income": -48618000,
      "opex": 42955000,
      "cogs": null,
      "rd": 5985000,
      "sga": 36970000,
      "fcf": -13310000,
      "ocf": -13310000,
      "capex": null,
      "gross_margin": -0.1535486149006516,
      "op_margin": -0.8429685744551086,
      "fcf_margin": -0.21362308605912753,
      "incr_op_margin_yoy": 3.8433948577415973,
      "rev_growth_yoy": -0.1660621310882979,
      "rev_growth_yoy_accel": 0.19360239597964443,
      "op_leverage_ratio": 12.97421368707903,
      "fcf_margin_change": -0.15782848584162315
    },
    {
      "date": "2025-03-31T00:00:00",
      "quarter_label": "2025-03 (Q1)",
      "revenue": 42017000,
      "gross_profit": 25130000,
      "operating_income": -16755000,
      "net_income": -15697000,
      "opex": 41885000,
      "cogs": null,
      "rd": 5312000,
      "sga": 36573000,
      "fcf": -12459000,
      "ocf": -12459000,
      "capex": null,
      "gross_margin": 0.5980912487802557,
      "op_margin": -0.3987671656710379,
      "fcf_margin": -0.29652283599495444,
      "incr_op_margin_yoy": 0.21872845124810372,
      "rev_growth_yoy": -0.256586280719758,
      "rev_growth_yoy_accel": -0.09052414963146008,
      "fcf_margin_change": -0.08289974993582691
    },
    {
      "date": "2025-06-30T00:00:00",
      "quarter_label": "2025-06 (Q2)",
      "revenue": 72741000,
      "gross_profit": 50362000,
      "operating_income": -15985000,
      "net_income": -14139000,
      "opex": 66347000,
      "cogs": null,
      "rd": 4915000,
      "sga": 38673000,
      "fcf": 16606000,
      "ocf": 16606000,
      "capex": null,
      "gross_margin": 0.6923468195378122,
      "op_margin": -0.21975227175870554,
      "fcf_margin": 0.22828941037379194,
      "incr_op_margin_yoy": -2.944952380952381,
      "rev_growth_yoy": 0.07778814953104858,
      "rev_growth_yoy_accel": 0.33437443025080654,
      "op_leverage_ratio": 1.2520430841959587,
      "fcf_margin_change": 0.5248122463687463
    },
    {
      "date": "2025-09-30T00:00:00",
      "quarter_label": "2025-09 (Q3)",
      "revenue": 49670000,
      "gross_profit": 22208000,
      "operating_income": -11103000,
      "net_income": -7738000,
      "opex": 33311000,
      "cogs": null,
      "rd": 4208000,
      "sga": 19697000,
      "fcf": -12697000,
      "ocf": -12697000,
      "capex": null,
      "gross_margin": 0.44711093215220454,
      "op_margin": -0.22353533319911414,
      "fcf_margin": -0.25562713911817997,
      "incr_op_margin_yoy": 1.9078947368421053,
      "rev_growth_yoy": 0.17428720034044162,
      "rev_growth_yoy_accel": 0.09649905080939304,
      "fcf_margin_change": -0.48391654949197194
    }
  ],
  "signals": [
    {
      "quarter": "2025-09 (Q3)",
      "signal": "YoY REVENUE GROWTH ACCELERATION",
      "detail": "YoY growth: +17.4% vs prior quarter YoY: +7.8% (accel: +9.6%)",
      "severity": "MEDIUM"
    },
    {
      "quarter": "2025-06 (Q2)",
      "signal": "FCF TURNED POSITIVE",
      "detail": "FCF margin: -29.7% -> +22.8%",
      "severity": "HIGH"
    },
    {
      "quarter": "2025-06 (Q2)",
      "signal": "YoY REVENUE GROWTH ACCELERATION",
      "detail": "YoY growth: +7.8% vs prior quarter YoY: -25.7% (accel: +33.4%)",
      "severity": "HIGH"
    },
    {
      "quarter": "2025-03 (Q1)",
      "signal": "GROSS MARGIN INFLECTION",
      "detail": "GM: +38.5% -> -15.4% -> +59.8% (reversal +75.2%)",
      "severity": "HIGH"
    },
    {
      "quarter": "2025-03 (Q1)",
      "signal": "YoY REVENUE GROWTH DECELERATION",
      "detail": "YoY growth: -25.7% vs prior quarter YoY: -16.6% (decel: -9.1%)",
      "severity": "WARNING"
    },
    {
      "quarter": "2024-12 (Q4)",
      "signal": "OPERATING LEVERAGE",
      "detail": "Rev growth +47.3% vs OpEx growth +3.6% (leverage: 13.0x)",
      "severity": "MEDIUM"
    },
    {
      "quarter": "2024-12 (Q4)",
      "signal": "YoY REVENUE GROWTH ACCELERATION",
      "detail": "YoY growth: -16.6% vs prior quarter YoY: -36.0% (accel: +19.4%)",
      "severity": "HIGH"
    },
    {
      "quarter": "2024-09 (Q3)",
      "signal": "YoY REVENUE GROWTH DECELERATION",
      "detail": "YoY growth: -36.0% vs prior quarter YoY: -15.8% (decel: -20.2%)",
      "severity": "WARNING"
    },
    {
      "quarter": "2024-06 (Q2)",
      "signal": "FCF MARGIN EXPANSION",
      "detail": "FCF margin: -22.3% -> -4.1% (+18.2%)",
      "severity": "MEDIUM"
    },
    {
      "quarter": "2024-06 (Q2)",
      "signal": "GROSS MARGIN INFLECTION",
      "detail": "GM: +60.4% -> +56.4% -> +63.4% (reversal +6.9%)",
      "severity": "HIGH"
    },
    {
      "quarter": "2024-06 (Q2)",
      "signal": "YoY REVENUE GROWTH ACCELERATION",
      "detail": "YoY growth: -15.8% vs prior quarter YoY: -34.3% (accel: +18.4%)",
      "severity": "HIGH"
    },
    {
      "quarter": "2024-03 (Q1)",
      "signal": "YoY REVENUE GROWTH DECELERATION",
      "detail": "YoY growth: -34.3% vs prior quarter YoY: -17.2% (decel: -17.1%)",
      "severity": "WARNING"
    },
    {
      "quarter": "2023-12 (Q4)",
      "signal": "GROSS MARGIN INFLECTION",
      "detail": "GM: +53.2% -> +45.1% -> +60.4% (reversal +15.2%)",
      "severity": "HIGH"
    },
    {
      "quarter": "2023-12 (Q4)",
      "signal": "YoY REVENUE GROWTH ACCELERATION",
      "detail": "YoY growth: -17.2% vs prior quarter YoY: -26.5% (accel: +9.3%)",
      "severity": "MEDIUM"
    },
    {
      "quarter": "2023-09 (Q3)",
      "signal": "YoY REVENUE GROWTH DECELERATION",
      "detail": "YoY growth: -26.5% vs prior quarter YoY: -15.1% (decel: -11.4%)",
      "severity": "WARNING"
    },
    {
      "quarter": "2023-06 (Q2)",
      "signal": "FCF TURNED POSITIVE",
      "detail": "FCF margin: -8.2% -> +9.0%",
      "severity": "HIGH"
    },
    {
      "quarter": "2023-06 (Q2)",
      "signal": "YoY REVENUE GROWTH DECELERATION",
      "detail": "YoY growth: -15.1% vs prior quarter YoY: -9.1% (decel: -6.0%)",
      "severity": "WARNING"
    },
    {
      "quarter": "2023-03 (Q1)",
      "signal": "YoY REVENUE GROWTH ACCELERATION",
      "detail": "YoY growth: -9.1% vs prior quarter YoY: -37.5% (accel: +28.4%)",
      "severity": "HIGH"
    },
    {
      "quarter": "2022-12 (Q4)",
      "signal": "FCF TURNED POSITIVE",
      "detail": "FCF margin: -20.3% -> +1.7%",
      "severity": "HIGH"
    },
    {
      "quarter": "2022-09 (Q3)",
      "signal": "FCF MARGIN EXPANSION",
      "detail": "FCF margin: -68.4% -> -20.3% (+48.1%)",
      "severity": "MEDIUM"
    },
    {
      "quarter": "2022-09 (Q3)",
      "signal": "GROSS MARGIN INFLECTION",
      "detail": "GM: +76.5% -> +46.2% -> +69.9% (reversal +23.7%)",
      "severity": "HIGH"
    },
    {
      "quarter": "2022-06 (Q2)",
      "signal": "FCF MARGIN EXPANSION",
      "detail": "FCF margin: -104.5% -> -68.4% (+36.1%)",
      "severity": "MEDIUM"
    },
    {
      "quarter": "2022-06 (Q2)",
      "signal": "YoY REVENUE GROWTH DECELERATION",
      "detail": "YoY growth: -38.9% vs prior quarter YoY: -33.4% (decel: -5.4%)",
      "severity": "WARNING"
    },
    {
      "quarter": "2022-03 (Q1)",
      "signal": "YoY REVENUE GROWTH DECELERATION",
      "detail": "YoY growth: -33.4% vs prior quarter YoY: -13.6% (decel: -19.8%)",
      "severity": "WARNING"
    },
    {
      "quarter": "2021-12 (Q4)",
      "signal": "OP MARGIN TURNED POSITIVE (QoQ)",
      "detail": "Op margin: -9.2% -> +11.2%",
      "severity": "HIGH"
    },
    {
      "quarter": "2021-09 (Q3)",
      "signal": "FCF MARGIN EXPANSION",
      "detail": "FCF margin: -9.7% -> -3.2% (+6.5%)",
      "severity": "MEDIUM"
    },
    {
      "quarter": "2021-06 (Q2)",
      "signal": "OP MARGIN TURNED POSITIVE (QoQ)",
      "detail": "Op margin: -0.9% -> +5.7%",
      "severity": "HIGH"
    },
    {
      "quarter": "2021-03 (Q1)",
      "signal": "FCF MARGIN EXPANSION",
      "detail": "FCF margin: -22.9% -> -13.2% (+9.8%)",
      "severity": "MEDIUM"
    }
  ],
  "data_quality": {
    "n_quarters": 20,
    "coverage": {
      "revenue": [
        20,
        20
      ],
      "gross_profit": [
        20,
        20
      ],
      "op_income": [
        20,
        20
      ],
      "fcf": [
        20,
        20
      ]
    },
    "gaps": [],
    "warnings": []
  },
  "market_cap": null,
  "source": "SEC EDGAR",
  "last_updated": "2026-02-02T22:43:02.051567",
  "sector": "Healthcare",
  "industry": "Drug Manufacturers - General"
}