{
  "ticker": "AMRX",
  "name": "AMNEAL PHARMACEUTICALS, INC.",
  "quarters": [
    {
      "date": "2020-12-31T00:00:00",
      "quarter_label": "2020-12 (Q4)",
      "revenue": 510034000,
      "gross_profit": 167072000,
      "operating_income": 20178000,
      "net_income": -3037000,
      "opex": 146894000,
      "cogs": 342962000,
      "rd": 53460000,
      "sga": 84687000,
      "fcf": 76425000,
      "ocf": 105958000,
      "capex": -29533000,
      "gross_margin": 0.327570318841489,
      "op_margin": 0.039562068411125535,
      "fcf_margin": 0.14984295164636083
    },
    {
      "date": "2021-03-31T00:00:00",
      "quarter_label": "2021-03 (Q1)",
      "revenue": 493105000,
      "gross_profit": 191562000,
      "operating_income": 45907000,
      "net_income": 12749000,
      "opex": 145655000,
      "cogs": 301543000,
      "rd": 48182000,
      "sga": 90726000,
      "fcf": 136352000,
      "ocf": 148128000,
      "capex": -11776000,
      "gross_margin": 0.3884811551292321,
      "op_margin": 0.09309781892294744,
      "fcf_margin": 0.27651717179910973,
      "fcf_margin_change": 0.1266742201527489
    },
    {
      "date": "2021-06-30T00:00:00",
      "quarter_label": "2021-06 (Q2)",
      "revenue": 535075000,
      "gross_profit": 212498000,
      "operating_income": 67119000,
      "net_income": 29993000,
      "opex": 145379000,
      "cogs": 322577000,
      "rd": 52864000,
      "sga": 86157000,
      "fcf": -59742000,
      "ocf": -51933000,
      "capex": -7809000,
      "gross_margin": 0.39713684997430265,
      "op_margin": 0.12543848993131804,
      "fcf_margin": -0.11165163762089426,
      "op_leverage_ratio": Infinity,
      "fcf_margin_change": -0.388168809420004
    },
    {
      "date": "2021-09-30T00:00:00",
      "quarter_label": "2021-09 (Q3)",
      "revenue": 528593000,
      "gross_profit": 198511000,
      "operating_income": 28515000,
      "net_income": -7783000,
      "opex": 169996000,
      "cogs": 329394000,
      "rd": 48927000,
      "sga": 91397000,
      "fcf": 71719000,
      "ocf": 82364000,
      "capex": -10645000,
      "gross_margin": 0.37554602501357376,
      "op_margin": 0.053945095754200305,
      "fcf_margin": 0.13567905742225114,
      "fcf_margin_change": 0.24733069504314542
    },
    {
      "date": "2021-12-31T00:00:00",
      "quarter_label": "2021-12 (Q4)",
      "revenue": 536896000,
      "gross_profit": 166402000,
      "operating_income": 11175000,
      "net_income": -21796000,
      "opex": 155227000,
      "cogs": 348490000,
      "rd": 51874000,
      "sga": 97224000,
      "fcf": 45763000,
      "ocf": 63261000,
      "capex": -17498000,
      "gross_margin": 0.30993339492192157,
      "op_margin": 0.020814086899511263,
      "fcf_margin": 0.08523624687090237,
      "incr_op_margin_yoy": -0.33515747152110786,
      "rev_growth_yoy": 0.052667077096820995,
      "op_leverage_ratio": Infinity,
      "fcf_margin_change": -0.05044281055134878
    },
    {
      "date": "2022-03-31T00:00:00",
      "quarter_label": "2022-03 (Q1)",
      "revenue": 497633000,
      "gross_profit": 174571000,
      "operating_income": 23305000,
      "net_income": -8817000,
      "opex": 151266000,
      "cogs": 323062000,
      "rd": 52798000,
      "sga": 98665000,
      "fcf": 109550000,
      "ocf": 120343000,
      "capex": -10793000,
      "gross_margin": 0.35080269998171343,
      "op_margin": 0.046831701273830316,
      "fcf_margin": 0.22014215295207512,
      "incr_op_margin_yoy": -4.99160777385159,
      "rev_growth_yoy": 0.00918262844627412,
      "rev_growth_yoy_accel": -0.043484448650546875,
      "fcf_margin_change": 0.13490590608117276
    },
    {
      "date": "2022-06-30T00:00:00",
      "quarter_label": "2022-06 (Q2)",
      "revenue": 559355000,
      "gross_profit": 200519000,
      "operating_income": -198618000,
      "net_income": -242128000,
      "opex": 399137000,
      "cogs": 353724000,
      "rd": 50748000,
      "sga": 98806000,
      "fcf": -130570000,
      "ocf": -125521000,
      "capex": -5049000,
      "gross_margin": 0.3584825379231436,
      "op_margin": -0.3550839806562916,
      "fcf_margin": -0.2334295751356473,
      "incr_op_margin_yoy": -10.944686985172982,
      "rev_growth_yoy": 0.045376816334158764,
      "rev_growth_yoy_accel": 0.036194187887884643,
      "op_leverage_ratio": 0.0756913797186761,
      "fcf_margin_change": -0.4535717280877224
    },
    {
      "date": "2022-09-30T00:00:00",
      "quarter_label": "2022-09 (Q3)",
      "revenue": 545557000,
      "gross_profit": 194230000,
      "operating_income": 44353000,
      "net_income": -7613000,
      "opex": 149877000,
      "cogs": 350653000,
      "rd": 50235000,
      "sga": 100071000,
      "fcf": 74471000,
      "ocf": 93570000,
      "capex": -19099000,
      "gross_margin": 0.35602146063564394,
      "op_margin": 0.08129856275329617,
      "fcf_margin": 0.13650452656642661,
      "incr_op_margin_yoy": 0.9336241452487621,
      "rev_growth_yoy": 0.032092744323137086,
      "rev_growth_yoy_accel": -0.013284072011021678,
      "fcf_margin_change": 0.3699341017020739
    },
    {
      "date": "2022-12-31T00:00:00",
      "quarter_label": "2022-12 (Q4)",
      "revenue": 609759000,
      "gross_profit": 215388000,
      "operating_income": 36032000,
      "net_income": -12026000,
      "opex": 179356000,
      "cogs": 389046000,
      "rd": 41907000,
      "sga": 102158000,
      "fcf": -34758000,
      "ocf": -23292000,
      "capex": -11466000,
      "gross_margin": 0.35323463860312027,
      "op_margin": 0.05909219872113409,
      "fcf_margin": -0.05700284866644035,
      "incr_op_margin_yoy": 0.34114708425401097,
      "rev_growth_yoy": 0.13571157170103706,
      "rev_growth_yoy_accel": 0.10361882737789999,
      "op_leverage_ratio": 0.5983160721137926,
      "fcf_margin_change": -0.19350737523286696
    },
    {
      "date": "2023-03-31T00:00:00",
      "quarter_label": "2023-03 (Q1)",
      "revenue": 557540000,
      "gross_profit": 178186000,
      "operating_income": 34449000,
      "net_income": -15631000,
      "opex": 143737000,
      "cogs": 379354000,
      "rd": 38690000,
      "sga": 102096000,
      "fcf": 130024000,
      "ocf": 139712000,
      "capex": -9688000,
      "gross_margin": 0.31959321304301036,
      "op_margin": 0.061787495067618464,
      "fcf_margin": 0.23321017326111132,
      "incr_op_margin_yoy": 0.18602166691705477,
      "rev_growth_yoy": 0.12038389737015029,
      "rev_growth_yoy_accel": -0.015327674330886776,
      "fcf_margin_change": 0.29021302192755166
    },
    {
      "date": "2023-06-30T00:00:00",
      "quarter_label": "2023-06 (Q2)",
      "revenue": 599046000,
      "gross_profit": 220021000,
      "operating_income": 80084000,
      "net_income": 22232000,
      "opex": 139937000,
      "cogs": 379025000,
      "rd": 37799000,
      "sga": 105570000,
      "fcf": -23348000,
      "ocf": -11345000,
      "capex": -12003000,
      "gross_margin": 0.3672856508515206,
      "op_margin": 0.13368589390464172,
      "fcf_margin": -0.03897530406679955,
      "incr_op_margin_yoy": 7.021793353657,
      "rev_growth_yoy": 0.07095851471784466,
      "rev_growth_yoy_accel": -0.04942538265230563,
      "op_leverage_ratio": Infinity,
      "fcf_margin_change": -0.2721854773279109
    },
    {
      "date": "2023-09-30T00:00:00",
      "quarter_label": "2023-09 (Q3)",
      "revenue": 620040000,
      "gross_profit": 232531000,
      "operating_income": 75648000,
      "net_income": 15540000,
      "opex": 156883000,
      "cogs": 387509000,
      "rd": 41375000,
      "sga": 113006000,
      "fcf": 69727000,
      "ocf": 81387000,
      "capex": -11660000,
      "gross_margin": 0.37502580478678793,
      "op_margin": 0.12200503193342364,
      "fcf_margin": 0.11245564802270822,
      "incr_op_margin_yoy": 0.42016299021253173,
      "rev_growth_yoy": 0.13652652243486932,
      "rev_growth_yoy_accel": 0.06556800771702466,
      "op_leverage_ratio": 0.2894012331725938,
      "fcf_margin_change": 0.15143095208950777
    },
    {
      "date": "2023-12-31T00:00:00",
      "quarter_label": "2023-12 (Q4)",
      "revenue": 616981000,
      "gross_profit": 189827000,
      "operating_income": 14193000,
      "net_income": -101406000,
      "opex": 175634000,
      "cogs": 427154000,
      "rd": 46086000,
      "sga": 109003000,
      "fcf": 125958000,
      "ocf": 135823000,
      "capex": -9865000,
      "gross_margin": 0.30767073864511224,
      "op_margin": 0.02300394987852138,
      "fcf_margin": 0.20415215379403903,
      "incr_op_margin_yoy": -3.0239545832179453,
      "rev_growth_yoy": 0.011844023622447557,
      "rev_growth_yoy_accel": -0.12468249881242176,
      "fcf_margin_change": 0.09169650577133082
    },
    {
      "date": "2024-03-31T00:00:00",
      "quarter_label": "2024-03 (Q1)",
      "revenue": 659191000,
      "gross_profit": 238060000,
      "operating_income": -10746000,
      "net_income": -91643000,
      "opex": 248806000,
      "cogs": 421131000,
      "rd": 39298000,
      "sga": 112595000,
      "fcf": -13608000,
      "ocf": -4410000,
      "capex": -9198000,
      "gross_margin": 0.3611396393458042,
      "op_margin": -0.01630180023695712,
      "fcf_margin": -0.02064348572720198,
      "incr_op_margin_yoy": -0.44460949720120807,
      "rev_growth_yoy": 0.1823205509918571,
      "rev_growth_yoy_accel": 0.17047652736940955,
      "op_leverage_ratio": 0.16421288407912588,
      "fcf_margin_change": -0.22479563952124101
    },
    {
      "date": "2024-06-30T00:00:00",
      "quarter_label": "2024-06 (Q2)",
      "revenue": 701780000,
      "gross_profit": 249947000,
      "operating_income": 95470000,
      "net_income": 5994000,
      "opex": 154477000,
      "cogs": 451833000,
      "rd": 36054000,
      "sga": 116462000,
      "fcf": 29031000,
      "ocf": 39657000,
      "capex": -10626000,
      "gross_margin": 0.35616147510615864,
      "op_margin": 0.136039784547864,
      "fcf_margin": 0.041367665080224575,
      "incr_op_margin_yoy": 0.1497654135923842,
      "rev_growth_yoy": 0.17149601199240125,
      "rev_growth_yoy_accel": -0.010824538999455846,
      "op_leverage_ratio": Infinity,
      "fcf_margin_change": 0.06201115080742656
    },
    {
      "date": "2024-09-30T00:00:00",
      "quarter_label": "2024-09 (Q3)",
      "revenue": 702468000,
      "gross_profit": 269558000,
      "operating_income": 88809000,
      "net_income": -156000,
      "opex": 180749000,
      "cogs": 432910000,
      "rd": 61097000,
      "sga": 118692000,
      "fcf": 124829000,
      "ocf": 141774000,
      "capex": -16945000,
      "gross_margin": 0.38372993502906894,
      "op_margin": 0.12642426416576982,
      "fcf_margin": 0.1777006212382628,
      "incr_op_margin_yoy": 0.15966661813946717,
      "rev_growth_yoy": 0.1329398103348171,
      "rev_growth_yoy_accel": -0.03855620165758414,
      "fcf_margin_change": 0.13633295615803823
    },
    {
      "date": "2024-12-31T00:00:00",
      "quarter_label": "2024-12 (Q4)",
      "revenue": 730518000,
      "gross_profit": 262873000,
      "operating_income": 75793000,
      "net_income": null,
      "opex": 187080000,
      "cogs": 467645000,
      "rd": 54265000,
      "sga": 128687000,
      "fcf": 102923000,
      "ocf": 118078000,
      "capex": -15155000,
      "gross_margin": 0.3598446581740628,
      "op_margin": 0.10375240582709803,
      "fcf_margin": 0.14089043664906273,
      "incr_op_margin_yoy": 0.542554409575733,
      "rev_growth_yoy": 0.1840202534599931,
      "rev_growth_yoy_accel": 0.051080443125175984,
      "op_leverage_ratio": 1.1400132787419903,
      "fcf_margin_change": -0.03681018458920007
    },
    {
      "date": "2025-03-31T00:00:00",
      "quarter_label": "2025-03 (Q1)",
      "revenue": 695420000,
      "gross_profit": 255891000,
      "operating_income": 100347000,
      "net_income": 12195000,
      "opex": 155544000,
      "cogs": 439529000,
      "rd": 40040000,
      "sga": 118288000,
      "fcf": -5754000,
      "ocf": 7408000,
      "capex": -13162000,
      "gross_margin": 0.36796612119294814,
      "op_margin": 0.14429697161427626,
      "fcf_margin": -0.008274136493054557,
      "incr_op_margin_yoy": 3.06641088630655,
      "rev_growth_yoy": 0.05495979162336864,
      "rev_growth_yoy_accel": -0.12906046183662445,
      "fcf_margin_change": -0.14916457314211728
    },
    {
      "date": "2025-06-30T00:00:00",
      "quarter_label": "2025-06 (Q2)",
      "revenue": 724508000,
      "gross_profit": 286253000,
      "operating_income": 111372000,
      "net_income": 22417000,
      "opex": 174881000,
      "cogs": 438255000,
      "rd": 47964000,
      "sga": 124266000,
      "fcf": 60989000,
      "ocf": 83819000,
      "capex": -22830000,
      "gross_margin": 0.3950998470686314,
      "op_margin": 0.15372086988687494,
      "fcf_margin": 0.08417988483218956,
      "incr_op_margin_yoy": 0.6996656107004576,
      "rev_growth_yoy": 0.03238621790304654,
      "rev_growth_yoy_accel": -0.0225735737203221,
      "op_leverage_ratio": 0.3364579936362625,
      "fcf_margin_change": 0.09245402132524412
    },
    {
      "date": "2025-09-30T00:00:00",
      "quarter_label": "2025-09 (Q3)",
      "revenue": 784513000,
      "gross_profit": 273974000,
      "operating_income": 70344000,
      "net_income": 2369000,
      "opex": 203630000,
      "cogs": 510539000,
      "rd": 63352000,
      "sga": 137815000,
      "fcf": 106152000,
      "ocf": 118450000,
      "capex": -12298000,
      "gross_margin": 0.34922811986544516,
      "op_margin": 0.08966581815725169,
      "fcf_margin": 0.13530942125879367,
      "incr_op_margin_yoy": -0.22505941861173745,
      "rev_growth_yoy": 0.11679535580268426,
      "rev_growth_yoy_accel": 0.08440913789963772,
      "op_leverage_ratio": 0.5038069333121603,
      "fcf_margin_change": 0.0511295364266041
    }
  ],
  "signals": [
    {
      "quarter": "2025-09 (Q3)",
      "signal": "FCF MARGIN EXPANSION",
      "detail": "FCF margin: +8.4% -> +13.5% (+5.1%)",
      "severity": "MEDIUM"
    },
    {
      "quarter": "2025-09 (Q3)",
      "signal": "YoY REVENUE GROWTH ACCELERATION",
      "detail": "YoY growth: +11.7% vs prior quarter YoY: +3.2% (accel: +8.4%)",
      "severity": "MEDIUM"
    },
    {
      "quarter": "2025-06 (Q2)",
      "signal": "FCF TURNED POSITIVE",
      "detail": "FCF margin: -0.8% -> +8.4%",
      "severity": "HIGH"
    },
    {
      "quarter": "2025-06 (Q2)",
      "signal": "INCREMENTAL MARGIN (YoY)",
      "detail": "YoY Incr OPM: +70.0% vs year-ago OPM: +13.6%",
      "severity": "HIGH"
    },
    {
      "quarter": "2025-03 (Q1)",
      "signal": "YoY REVENUE GROWTH DECELERATION",
      "detail": "YoY growth: +5.5% vs prior quarter YoY: +18.4% (decel: -12.9%)",
      "severity": "WARNING"
    },
    {
      "quarter": "2025-03 (Q1)",
      "signal": "OP MARGIN TURNED POSITIVE (YoY)",
      "detail": "Op margin: -1.6% (year-ago) -> +14.4%",
      "severity": "HIGH"
    },
    {
      "quarter": "2024-12 (Q4)",
      "signal": "YoY REVENUE GROWTH ACCELERATION",
      "detail": "YoY growth: +18.4% vs prior quarter YoY: +13.3% (accel: +5.1%)",
      "severity": "MEDIUM"
    },
    {
      "quarter": "2024-12 (Q4)",
      "signal": "INCREMENTAL MARGIN (YoY)",
      "detail": "YoY Incr OPM: +54.3% vs year-ago OPM: +2.3%",
      "severity": "HIGH"
    },
    {
      "quarter": "2024-09 (Q3)",
      "signal": "FCF MARGIN EXPANSION",
      "detail": "FCF margin: +4.1% -> +17.8% (+13.6%)",
      "severity": "MEDIUM"
    },
    {
      "quarter": "2024-09 (Q3)",
      "signal": "GROSS MARGIN INFLECTION",
      "detail": "GM: +36.1% -> +35.6% -> +38.4% (reversal +2.8%)",
      "severity": "MEDIUM"
    },
    {
      "quarter": "2024-06 (Q2)",
      "signal": "FCF TURNED POSITIVE",
      "detail": "FCF margin: -2.1% -> +4.1%",
      "severity": "HIGH"
    },
    {
      "quarter": "2024-06 (Q2)",
      "signal": "OP MARGIN TURNED POSITIVE (QoQ)",
      "detail": "Op margin: -1.6% -> +13.6%",
      "severity": "HIGH"
    },
    {
      "quarter": "2024-03 (Q1)",
      "signal": "GROSS MARGIN INFLECTION",
      "detail": "GM: +37.5% -> +30.8% -> +36.1% (reversal +5.3%)",
      "severity": "HIGH"
    },
    {
      "quarter": "2024-03 (Q1)",
      "signal": "YoY REVENUE GROWTH ACCELERATION",
      "detail": "YoY growth: +18.2% vs prior quarter YoY: +1.2% (accel: +17.0%)",
      "severity": "HIGH"
    },
    {
      "quarter": "2023-12 (Q4)",
      "signal": "FCF MARGIN EXPANSION",
      "detail": "FCF margin: +11.2% -> +20.4% (+9.2%)",
      "severity": "MEDIUM"
    },
    {
      "quarter": "2023-12 (Q4)",
      "signal": "YoY REVENUE GROWTH DECELERATION",
      "detail": "YoY growth: +1.2% vs prior quarter YoY: +13.7% (decel: -12.5%)",
      "severity": "WARNING"
    },
    {
      "quarter": "2023-09 (Q3)",
      "signal": "FCF TURNED POSITIVE",
      "detail": "FCF margin: -3.9% -> +11.2%",
      "severity": "HIGH"
    },
    {
      "quarter": "2023-09 (Q3)",
      "signal": "YoY REVENUE GROWTH ACCELERATION",
      "detail": "YoY growth: +13.7% vs prior quarter YoY: +7.1% (accel: +6.6%)",
      "severity": "MEDIUM"
    },
    {
      "quarter": "2023-09 (Q3)",
      "signal": "INCREMENTAL MARGIN (YoY)",
      "detail": "YoY Incr OPM: +42.0% vs year-ago OPM: +8.1%",
      "severity": "HIGH"
    },
    {
      "quarter": "2023-06 (Q2)",
      "signal": "GROSS MARGIN INFLECTION",
      "detail": "GM: +35.3% -> +32.0% -> +36.7% (reversal +4.8%)",
      "severity": "MEDIUM"
    },
    {
      "quarter": "2023-06 (Q2)",
      "signal": "OP MARGIN TURNED POSITIVE (YoY)",
      "detail": "Op margin: -35.5% (year-ago) -> +13.4%",
      "severity": "HIGH"
    },
    {
      "quarter": "2023-03 (Q1)",
      "signal": "FCF TURNED POSITIVE",
      "detail": "FCF margin: -5.7% -> +23.3%",
      "severity": "HIGH"
    },
    {
      "quarter": "2023-03 (Q1)",
      "signal": "INCREMENTAL MARGIN (YoY)",
      "detail": "YoY Incr OPM: +18.6% vs year-ago OPM: +4.7%",
      "severity": "MEDIUM"
    },
    {
      "quarter": "2022-12 (Q4)",
      "signal": "YoY REVENUE GROWTH ACCELERATION",
      "detail": "YoY growth: +13.6% vs prior quarter YoY: +3.2% (accel: +10.4%)",
      "severity": "MEDIUM"
    },
    {
      "quarter": "2022-12 (Q4)",
      "signal": "INCREMENTAL MARGIN (YoY)",
      "detail": "YoY Incr OPM: +34.1% vs year-ago OPM: +2.1%",
      "severity": "HIGH"
    },
    {
      "quarter": "2022-09 (Q3)",
      "signal": "FCF TURNED POSITIVE",
      "detail": "FCF margin: -23.3% -> +13.7%",
      "severity": "HIGH"
    },
    {
      "quarter": "2022-09 (Q3)",
      "signal": "INCREMENTAL MARGIN (YoY)",
      "detail": "YoY Incr OPM: +93.4% vs year-ago OPM: +5.4%",
      "severity": "HIGH"
    },
    {
      "quarter": "2022-09 (Q3)",
      "signal": "OP MARGIN TURNED POSITIVE (QoQ)",
      "detail": "Op margin: -35.5% -> +8.1%",
      "severity": "HIGH"
    },
    {
      "quarter": "2022-03 (Q1)",
      "signal": "FCF MARGIN EXPANSION",
      "detail": "FCF margin: +8.5% -> +22.0% (+13.5%)",
      "severity": "MEDIUM"
    },
    {
      "quarter": "2022-03 (Q1)",
      "signal": "GROSS MARGIN INFLECTION",
      "detail": "GM: +37.6% -> +31.0% -> +35.1% (reversal +4.1%)",
      "severity": "MEDIUM"
    },
    {
      "quarter": "2021-09 (Q3)",
      "signal": "FCF TURNED POSITIVE",
      "detail": "FCF margin: -11.2% -> +13.6%",
      "severity": "HIGH"
    },
    {
      "quarter": "2021-03 (Q1)",
      "signal": "FCF MARGIN EXPANSION",
      "detail": "FCF margin: +15.0% -> +27.7% (+12.7%)",
      "severity": "MEDIUM"
    }
  ],
  "data_quality": {
    "n_quarters": 20,
    "coverage": {
      "revenue": [
        20,
        20
      ],
      "gross_profit": [
        20,
        20
      ],
      "op_income": [
        20,
        20
      ],
      "fcf": [
        20,
        20
      ]
    },
    "gaps": [],
    "warnings": []
  },
  "market_cap": null,
  "source": "SEC EDGAR",
  "last_updated": "2026-02-02T21:10:17.680612",
  "sector": "Healthcare",
  "industry": "Drug Manufacturers - Specialty & Generic"
}