{
  "ticker": "AMS",
  "name": "AMERICAN SHARED HOSPITAL SERVICES",
  "quarters": [
    {
      "date": "2020-12-31T00:00:00",
      "quarter_label": "2020-12 (Q4)",
      "revenue": 4608000,
      "gross_profit": 1027000,
      "operating_income": -8543000,
      "net_income": -6231000,
      "opex": 3581000,
      "cogs": 3581000,
      "rd": null,
      "sga": 1052000,
      "fcf": 1561000,
      "ocf": 1688000,
      "capex": -127000,
      "gross_margin": 0.2228732638888889,
      "op_margin": -1.8539496527777777,
      "fcf_margin": 0.3387586805555556
    },
    {
      "date": "2021-03-31T00:00:00",
      "quarter_label": "2021-03 (Q1)",
      "revenue": 4364000,
      "gross_profit": 1434000,
      "operating_income": 90000,
      "net_income": 29000,
      "opex": 2930000,
      "cogs": 2930000,
      "rd": null,
      "sga": 1084000,
      "fcf": 1718000,
      "ocf": 2783000,
      "capex": -1065000,
      "gross_margin": 0.32859761686526123,
      "op_margin": 0.020623281393217233,
      "fcf_margin": 0.3936755270394134,
      "fcf_margin_change": 0.054916846483857806
    },
    {
      "date": "2021-06-30T00:00:00",
      "quarter_label": "2021-06 (Q2)",
      "revenue": 4476000,
      "gross_profit": 1607000,
      "operating_income": 352000,
      "net_income": -87000,
      "opex": 1255000,
      "cogs": 2869000,
      "rd": null,
      "sga": 1090000,
      "fcf": 1880000,
      "ocf": 1044000,
      "capex": 836000,
      "gross_margin": 0.35902591599642536,
      "op_margin": 0.07864164432529044,
      "fcf_margin": 0.42001787310098304,
      "op_leverage_ratio": Infinity,
      "fcf_margin_change": 0.026342346061569655
    },
    {
      "date": "2021-09-30T00:00:00",
      "quarter_label": "2021-09 (Q3)",
      "revenue": 4099000,
      "gross_profit": 1467000,
      "operating_income": 186000,
      "net_income": 33000,
      "opex": 1281000,
      "cogs": 2632000,
      "rd": null,
      "sga": 1119000,
      "fcf": -802000,
      "ocf": -684000,
      "capex": -118000,
      "gross_margin": 0.3578921688216638,
      "op_margin": 0.045376921200292755,
      "fcf_margin": -0.19565747743352038,
      "fcf_margin_change": -0.6156753505345034
    },
    {
      "date": "2021-12-31T00:00:00",
      "quarter_label": "2021-12 (Q4)",
      "revenue": 4689000,
      "gross_profit": 2218000,
      "operating_income": 723000,
      "net_income": 219000,
      "opex": 1495000,
      "cogs": 2471000,
      "rd": null,
      "sga": 1238000,
      "fcf": 1797000,
      "ocf": 3124000,
      "capex": -1327000,
      "gross_margin": 0.473021966304116,
      "op_margin": 0.15419065898912349,
      "fcf_margin": 0.38323736404350606,
      "rev_growth_yoy": 0.017578125,
      "op_leverage_ratio": 0.8616074583953688,
      "fcf_margin_change": 0.5788948414770264
    },
    {
      "date": "2022-03-31T00:00:00",
      "quarter_label": "2022-03 (Q1)",
      "revenue": 4847000,
      "gross_profit": 2067000,
      "operating_income": 600000,
      "net_income": 269000,
      "opex": 1467000,
      "cogs": 2780000,
      "rd": null,
      "sga": 1319000,
      "fcf": 193000,
      "ocf": 259000,
      "capex": -66000,
      "gross_margin": 0.42644935011347224,
      "op_margin": 0.12378791004745203,
      "fcf_margin": 0.03981844439859707,
      "rev_growth_yoy": 0.1106782768102658,
      "rev_growth_yoy_accel": 0.0931001518102658,
      "op_leverage_ratio": Infinity,
      "fcf_margin_change": -0.343418919644909
    },
    {
      "date": "2022-06-30T00:00:00",
      "quarter_label": "2022-06 (Q2)",
      "revenue": 5034000,
      "gross_profit": 2088000,
      "operating_income": 793000,
      "net_income": 497000,
      "opex": 1295000,
      "cogs": 2946000,
      "rd": null,
      "sga": 1146000,
      "fcf": 3803000,
      "ocf": 3833000,
      "capex": -30000,
      "gross_margin": 0.41477949940405245,
      "op_margin": 0.15752880413190307,
      "fcf_margin": 0.7554628526023043,
      "rev_growth_yoy": 0.12466487935656836,
      "rev_growth_yoy_accel": 0.01398660254630256,
      "op_leverage_ratio": Infinity,
      "fcf_margin_change": 0.7156444082037072
    },
    {
      "date": "2022-09-30T00:00:00",
      "quarter_label": "2022-09 (Q3)",
      "revenue": 4828000,
      "gross_profit": 1957000,
      "operating_income": 448000,
      "net_income": 316000,
      "opex": 1509000,
      "cogs": 2871000,
      "rd": null,
      "sga": 1260000,
      "fcf": 1305000,
      "ocf": 1541000,
      "capex": -236000,
      "gross_margin": 0.40534382767191385,
      "op_margin": 0.0927920463960232,
      "fcf_margin": 0.27029826014913005,
      "rev_growth_yoy": 0.17784825567211515,
      "rev_growth_yoy_accel": 0.05318337631554679,
      "fcf_margin_change": -0.4851645924531742
    },
    {
      "date": "2022-12-31T00:00:00",
      "quarter_label": "2022-12 (Q4)",
      "revenue": 5037000,
      "gross_profit": 2270000,
      "operating_income": 590000,
      "net_income": 246000,
      "opex": 1680000,
      "cogs": 2767000,
      "rd": null,
      "sga": 1420000,
      "fcf": 1546000,
      "ocf": 1602000,
      "capex": -56000,
      "gross_margin": 0.4506650784196943,
      "op_margin": 0.1171332142148104,
      "fcf_margin": 0.30692872741711336,
      "rev_growth_yoy": 0.07421625079974409,
      "rev_growth_yoy_accel": -0.10363200487237106,
      "op_leverage_ratio": 0.38200773267053295,
      "fcf_margin_change": 0.0366304672679833
    },
    {
      "date": "2023-03-31T00:00:00",
      "quarter_label": "2023-03 (Q1)",
      "revenue": 4925000,
      "gross_profit": 1908000,
      "operating_income": 98000,
      "net_income": 188000,
      "opex": 1810000,
      "cogs": 3017000,
      "rd": null,
      "sga": 1539000,
      "fcf": 1552000,
      "ocf": 1761000,
      "capex": -209000,
      "gross_margin": 0.38741116751269034,
      "op_margin": 0.019898477157360407,
      "fcf_margin": 0.3151269035532995,
      "rev_growth_yoy": 0.016092428306168763,
      "rev_growth_yoy_accel": -0.058123822493575325,
      "fcf_margin_change": 0.00819817613618612
    },
    {
      "date": "2023-06-30T00:00:00",
      "quarter_label": "2023-06 (Q2)",
      "revenue": 5568000,
      "gross_profit": 2518000,
      "operating_income": -325000,
      "net_income": -111000,
      "opex": 2843000,
      "cogs": 3050000,
      "rd": null,
      "sga": 1988000,
      "fcf": 1101000,
      "ocf": 3453000,
      "capex": -2352000,
      "gross_margin": 0.4522270114942529,
      "op_margin": -0.05836925287356322,
      "fcf_margin": 0.19773706896551724,
      "rev_growth_yoy": 0.10607866507747318,
      "rev_growth_yoy_accel": 0.08998623677130442,
      "op_leverage_ratio": 0.22876152942737382,
      "fcf_margin_change": -0.11738983458778224
    },
    {
      "date": "2023-09-30T00:00:00",
      "quarter_label": "2023-09 (Q3)",
      "revenue": 5134000,
      "gross_profit": 2102000,
      "operating_income": 90000,
      "net_income": 118000,
      "opex": 2012000,
      "cogs": 3032000,
      "rd": null,
      "sga": 1735000,
      "fcf": -51000,
      "ocf": 3564000,
      "capex": -3615000,
      "gross_margin": 0.4094273470977795,
      "op_margin": 0.01753019088430074,
      "fcf_margin": -0.009933774834437087,
      "rev_growth_yoy": 0.06338028169014084,
      "rev_growth_yoy_accel": -0.04269838338733234,
      "fcf_margin_change": -0.20767084379995432
    },
    {
      "date": "2023-12-31T00:00:00",
      "quarter_label": "2023-12 (Q4)",
      "revenue": 5698000,
      "gross_profit": 2816000,
      "operating_income": 407000,
      "net_income": 415000,
      "opex": 2409000,
      "cogs": 2882000,
      "rd": null,
      "sga": 1760000,
      "fcf": -3157000,
      "ocf": -3060000,
      "capex": -97000,
      "gross_margin": 0.4942084942084942,
      "op_margin": 0.07142857142857142,
      "fcf_margin": -0.5540540540540541,
      "rev_growth_yoy": 0.13122890609489776,
      "rev_growth_yoy_accel": 0.06784862440475692,
      "op_leverage_ratio": 0.5567506199103326,
      "fcf_margin_change": -0.5441202792196169
    },
    {
      "date": "2024-03-31T00:00:00",
      "quarter_label": "2024-03 (Q1)",
      "revenue": 5216000,
      "gross_profit": 2143000,
      "operating_income": -85000,
      "net_income": 119000,
      "opex": 2228000,
      "cogs": 3073000,
      "rd": null,
      "sga": 1879000,
      "fcf": -3048000,
      "ocf": -1865000,
      "capex": -1183000,
      "gross_margin": 0.410851226993865,
      "op_margin": -0.01629601226993865,
      "fcf_margin": -0.5843558282208589,
      "rev_growth_yoy": 0.059086294416243655,
      "rev_growth_yoy_accel": -0.0721426116786541,
      "fcf_margin_change": -0.030301774166804796
    },
    {
      "date": "2024-06-30T00:00:00",
      "quarter_label": "2024-06 (Q2)",
      "revenue": 7056000,
      "gross_profit": 2468000,
      "operating_income": -1000,
      "net_income": 3602000,
      "opex": 2469000,
      "cogs": 4588000,
      "rd": null,
      "sga": 1896000,
      "fcf": 70000,
      "ocf": 1286000,
      "capex": -1216000,
      "gross_margin": 0.3497732426303855,
      "op_margin": -0.0001417233560090703,
      "fcf_margin": 0.00992063492063492,
      "incr_op_margin_yoy": 0.21774193548387097,
      "rev_growth_yoy": 0.2672413793103448,
      "rev_growth_yoy_accel": 0.20815508489410114,
      "op_leverage_ratio": 3.261207137947713,
      "fcf_margin_change": 0.5942764631414937
    },
    {
      "date": "2024-09-30T00:00:00",
      "quarter_label": "2024-09 (Q3)",
      "revenue": 6999000,
      "gross_profit": 1370000,
      "operating_income": -889000,
      "net_income": -207000,
      "opex": 2259000,
      "cogs": 5629000,
      "rd": null,
      "sga": 1923000,
      "fcf": -407000,
      "ocf": 472000,
      "capex": -879000,
      "gross_margin": 0.19574224889269895,
      "op_margin": -0.12701814544934992,
      "fcf_margin": -0.05815116445206458,
      "incr_op_margin_yoy": -0.5249329758713137,
      "rev_growth_yoy": 0.3632645111024542,
      "rev_growth_yoy_accel": 0.09602313179210942,
      "fcf_margin_change": -0.0680717993726995
    },
    {
      "date": "2024-12-31T00:00:00",
      "quarter_label": "2024-12 (Q4)",
      "revenue": 9069000,
      "gross_profit": 3204000,
      "operating_income": -1830000,
      "net_income": -1328000,
      "opex": 5034000,
      "cogs": 5865000,
      "rd": null,
      "sga": 1709000,
      "fcf": -4386000,
      "ocf": 274000,
      "capex": -4660000,
      "gross_margin": 0.35329143235196825,
      "op_margin": -0.20178630499503805,
      "fcf_margin": -0.4836255375454846,
      "incr_op_margin_yoy": -0.6636013052506674,
      "rev_growth_yoy": 0.5916110916110916,
      "rev_growth_yoy_accel": 0.22834658050863738,
      "op_leverage_ratio": 0.24076180767136618,
      "fcf_margin_change": -0.42547437309342
    },
    {
      "date": "2025-03-31T00:00:00",
      "quarter_label": "2025-03 (Q1)",
      "revenue": 6112000,
      "gross_profit": 942000,
      "operating_income": -1299000,
      "net_income": -625000,
      "opex": 2241000,
      "cogs": 5170000,
      "rd": null,
      "sga": 1808000,
      "fcf": -1512000,
      "ocf": 2503000,
      "capex": -4015000,
      "gross_margin": 0.15412303664921467,
      "op_margin": -0.212532722513089,
      "fcf_margin": -0.24738219895287958,
      "rev_growth_yoy": 0.17177914110429449,
      "rev_growth_yoy_accel": -0.4198319505067971,
      "fcf_margin_change": 0.23624333859260502
    },
    {
      "date": "2025-06-30T00:00:00",
      "quarter_label": "2025-06 (Q2)",
      "revenue": 7071000,
      "gross_profit": 1630000,
      "operating_income": -544000,
      "net_income": -280000,
      "opex": 2174000,
      "cogs": 5441000,
      "rd": null,
      "sga": 1746000,
      "fcf": -2273000,
      "ocf": -372000,
      "capex": -1901000,
      "gross_margin": 0.23051902135482957,
      "op_margin": -0.07693395559326828,
      "fcf_margin": -0.3214538254843728,
      "rev_growth_yoy": 0.0021258503401360546,
      "rev_growth_yoy_accel": -0.16965329076415844,
      "op_leverage_ratio": Infinity,
      "fcf_margin_change": -0.07407162653149321
    },
    {
      "date": "2025-09-30T00:00:00",
      "quarter_label": "2025-09 (Q3)",
      "revenue": 7171000,
      "gross_profit": 1586000,
      "operating_income": -344000,
      "net_income": -17000,
      "opex": 1930000,
      "cogs": 5585000,
      "rd": null,
      "sga": 1538000,
      "fcf": -2031000,
      "ocf": 1671000,
      "capex": -3702000,
      "gross_margin": 0.22116859573281272,
      "op_margin": -0.047970994282526845,
      "fcf_margin": -0.2832240970575931,
      "rev_growth_yoy": 0.024574939277039576,
      "rev_growth_yoy_accel": 0.022449088936903523,
      "op_leverage_ratio": Infinity,
      "fcf_margin_change": 0.038229728426779686
    }
  ],
  "signals": [
    {
      "quarter": "2025-06 (Q2)",
      "signal": "GROSS MARGIN INFLECTION",
      "detail": "GM: +35.3% -> +15.4% -> +23.1% (reversal +7.6%)",
      "severity": "HIGH"
    },
    {
      "quarter": "2025-06 (Q2)",
      "signal": "YoY REVENUE GROWTH DECELERATION",
      "detail": "YoY growth: +0.2% vs prior quarter YoY: +17.2% (decel: -17.0%)",
      "severity": "WARNING"
    },
    {
      "quarter": "2025-03 (Q1)",
      "signal": "FCF MARGIN EXPANSION",
      "detail": "FCF margin: -48.4% -> -24.7% (+23.6%)",
      "severity": "MEDIUM"
    },
    {
      "quarter": "2025-03 (Q1)",
      "signal": "YoY REVENUE GROWTH DECELERATION",
      "detail": "YoY growth: +17.2% vs prior quarter YoY: +59.2% (decel: -42.0%)",
      "severity": "WARNING"
    },
    {
      "quarter": "2024-12 (Q4)",
      "signal": "GROSS MARGIN INFLECTION",
      "detail": "GM: +35.0% -> +19.6% -> +35.3% (reversal +15.8%)",
      "severity": "HIGH"
    },
    {
      "quarter": "2024-12 (Q4)",
      "signal": "YoY REVENUE GROWTH ACCELERATION",
      "detail": "YoY growth: +59.2% vs prior quarter YoY: +36.3% (accel: +22.8%)",
      "severity": "HIGH"
    },
    {
      "quarter": "2024-09 (Q3)",
      "signal": "YoY REVENUE GROWTH ACCELERATION",
      "detail": "YoY growth: +36.3% vs prior quarter YoY: +26.7% (accel: +9.6%)",
      "severity": "MEDIUM"
    },
    {
      "quarter": "2024-06 (Q2)",
      "signal": "FCF TURNED POSITIVE",
      "detail": "FCF margin: -58.4% -> +1.0%",
      "severity": "HIGH"
    },
    {
      "quarter": "2024-06 (Q2)",
      "signal": "OPERATING LEVERAGE",
      "detail": "Rev growth +35.3% vs OpEx growth +10.8% (leverage: 3.3x)",
      "severity": "MEDIUM"
    },
    {
      "quarter": "2024-06 (Q2)",
      "signal": "YoY REVENUE GROWTH ACCELERATION",
      "detail": "YoY growth: +26.7% vs prior quarter YoY: +5.9% (accel: +20.8%)",
      "severity": "HIGH"
    },
    {
      "quarter": "2024-03 (Q1)",
      "signal": "YoY REVENUE GROWTH DECELERATION",
      "detail": "YoY growth: +5.9% vs prior quarter YoY: +13.1% (decel: -7.2%)",
      "severity": "WARNING"
    },
    {
      "quarter": "2023-12 (Q4)",
      "signal": "GROSS MARGIN INFLECTION",
      "detail": "GM: +45.2% -> +40.9% -> +49.4% (reversal +8.5%)",
      "severity": "HIGH"
    },
    {
      "quarter": "2023-12 (Q4)",
      "signal": "YoY REVENUE GROWTH ACCELERATION",
      "detail": "YoY growth: +13.1% vs prior quarter YoY: +6.3% (accel: +6.8%)",
      "severity": "MEDIUM"
    },
    {
      "quarter": "2023-09 (Q3)",
      "signal": "OP MARGIN TURNED POSITIVE (QoQ)",
      "detail": "Op margin: -5.8% -> +1.8%",
      "severity": "HIGH"
    },
    {
      "quarter": "2023-06 (Q2)",
      "signal": "GROSS MARGIN INFLECTION",
      "detail": "GM: +45.1% -> +38.7% -> +45.2% (reversal +6.5%)",
      "severity": "HIGH"
    },
    {
      "quarter": "2023-06 (Q2)",
      "signal": "YoY REVENUE GROWTH ACCELERATION",
      "detail": "YoY growth: +10.6% vs prior quarter YoY: +1.6% (accel: +9.0%)",
      "severity": "MEDIUM"
    },
    {
      "quarter": "2023-03 (Q1)",
      "signal": "YoY REVENUE GROWTH DECELERATION",
      "detail": "YoY growth: +1.6% vs prior quarter YoY: +7.4% (decel: -5.8%)",
      "severity": "WARNING"
    },
    {
      "quarter": "2022-12 (Q4)",
      "signal": "GROSS MARGIN INFLECTION",
      "detail": "GM: +41.5% -> +40.5% -> +45.1% (reversal +4.5%)",
      "severity": "MEDIUM"
    },
    {
      "quarter": "2022-12 (Q4)",
      "signal": "YoY REVENUE GROWTH DECELERATION",
      "detail": "YoY growth: +7.4% vs prior quarter YoY: +17.8% (decel: -10.4%)",
      "severity": "WARNING"
    },
    {
      "quarter": "2022-09 (Q3)",
      "signal": "YoY REVENUE GROWTH ACCELERATION",
      "detail": "YoY growth: +17.8% vs prior quarter YoY: +12.5% (accel: +5.3%)",
      "severity": "MEDIUM"
    },
    {
      "quarter": "2022-06 (Q2)",
      "signal": "FCF MARGIN EXPANSION",
      "detail": "FCF margin: +4.0% -> +75.5% (+71.6%)",
      "severity": "MEDIUM"
    },
    {
      "quarter": "2022-03 (Q1)",
      "signal": "YoY REVENUE GROWTH ACCELERATION",
      "detail": "YoY growth: +11.1% vs prior quarter YoY: +1.8% (accel: +9.3%)",
      "severity": "MEDIUM"
    },
    {
      "quarter": "2021-12 (Q4)",
      "signal": "FCF TURNED POSITIVE",
      "detail": "FCF margin: -19.6% -> +38.3%",
      "severity": "HIGH"
    },
    {
      "quarter": "2021-12 (Q4)",
      "signal": "GROSS MARGIN INFLECTION",
      "detail": "GM: +35.9% -> +35.8% -> +47.3% (reversal +11.5%)",
      "severity": "HIGH"
    },
    {
      "quarter": "2021-12 (Q4)",
      "signal": "OP MARGIN TURNED POSITIVE (YoY)",
      "detail": "Op margin: -185.4% (year-ago) -> +15.4%",
      "severity": "HIGH"
    },
    {
      "quarter": "2021-03 (Q1)",
      "signal": "FCF MARGIN EXPANSION",
      "detail": "FCF margin: +33.9% -> +39.4% (+5.5%)",
      "severity": "MEDIUM"
    },
    {
      "quarter": "2021-03 (Q1)",
      "signal": "OP MARGIN TURNED POSITIVE (QoQ)",
      "detail": "Op margin: -185.4% -> +2.1%",
      "severity": "HIGH"
    }
  ],
  "data_quality": {
    "n_quarters": 20,
    "coverage": {
      "revenue": [
        20,
        20
      ],
      "gross_profit": [
        20,
        20
      ],
      "op_income": [
        20,
        20
      ],
      "fcf": [
        20,
        20
      ]
    },
    "gaps": [],
    "warnings": []
  },
  "market_cap": null,
  "source": "SEC EDGAR",
  "last_updated": "2026-02-03T00:05:15.352892"
}