{
  "ticker": "AMSC",
  "name": "AMERICAN SUPERCONDUCTOR CORP /DE/",
  "quarters": [
    {
      "date": "2020-12-31T00:00:00",
      "quarter_label": "2020-12 (Q4)",
      "revenue": 23632000,
      "gross_profit": 3956000,
      "operating_income": -9258000,
      "net_income": -7933000,
      "opex": 13214000,
      "cogs": 19676000,
      "rd": 3029000,
      "sga": 7085000,
      "fcf": 1434000,
      "ocf": 1682000,
      "capex": -248000,
      "gross_margin": 0.16740013540961407,
      "op_margin": -0.39175693974272174,
      "fcf_margin": 0.060680433310765065
    },
    {
      "date": "2021-03-31T00:00:00",
      "quarter_label": "2021-03 (Q1)",
      "revenue": 87125000,
      "gross_profit": 17454000,
      "operating_income": -23165000,
      "net_income": -22678000,
      "opex": 40619000,
      "cogs": 69671000,
      "rd": 11015000,
      "sga": 25322000,
      "fcf": -10445000,
      "ocf": -8681000,
      "capex": -1764000,
      "gross_margin": 0.20033285509325682,
      "op_margin": -0.26588235294117646,
      "fcf_margin": -0.11988522238163558,
      "op_leverage_ratio": 1.295477473915244,
      "fcf_margin_change": -0.18056565569240066
    },
    {
      "date": "2021-06-30T00:00:00",
      "quarter_label": "2021-06 (Q2)",
      "revenue": 25420000,
      "gross_profit": 3369000,
      "operating_income": -7499000,
      "net_income": -5403000,
      "opex": 10868000,
      "cogs": 22051000,
      "rd": 3041000,
      "sga": 7142000,
      "fcf": -6053000,
      "ocf": -5829000,
      "capex": -224000,
      "gross_margin": 0.1325334382376082,
      "op_margin": -0.2950039339103068,
      "fcf_margin": -0.2381195908733281,
      "fcf_margin_change": -0.11823436849169251
    },
    {
      "date": "2021-09-30T00:00:00",
      "quarter_label": "2021-09 (Q3)",
      "revenue": 27908000,
      "gross_profit": 3261000,
      "operating_income": -4302000,
      "net_income": -4434000,
      "opex": 7563000,
      "cogs": 24647000,
      "rd": 2669000,
      "sga": 6697000,
      "fcf": -6191000,
      "ocf": -5905000,
      "capex": -286000,
      "gross_margin": 0.11684821556542926,
      "op_margin": -0.15414934785724524,
      "fcf_margin": -0.22183603267880178,
      "op_leverage_ratio": Infinity,
      "fcf_margin_change": 0.016283558194526315
    },
    {
      "date": "2021-12-31T00:00:00",
      "quarter_label": "2021-12 (Q4)",
      "revenue": 26799000,
      "gross_profit": 3572000,
      "operating_income": -4380000,
      "net_income": -4324000,
      "opex": 7952000,
      "cogs": 23227000,
      "rd": 2657000,
      "sga": 6777000,
      "fcf": -4391000,
      "ocf": -4191000,
      "capex": -200000,
      "gross_margin": 0.13328855554311728,
      "op_margin": -0.16343893428859285,
      "fcf_margin": -0.16384939736557333,
      "incr_op_margin_yoy": 1.5402589201136723,
      "rev_growth_yoy": 0.13401320243737305,
      "fcf_margin_change": 0.05798663531322845
    },
    {
      "date": "2022-03-31T00:00:00",
      "quarter_label": "2022-03 (Q1)",
      "revenue": 108435000,
      "gross_profit": 13492000,
      "operating_income": -21089000,
      "net_income": -19193000,
      "opex": 34581000,
      "cogs": 94943000,
      "rd": 10470000,
      "sga": 27494000,
      "fcf": -3280000,
      "ocf": -3052000,
      "capex": -228000,
      "gross_margin": 0.12442477059989855,
      "op_margin": -0.19448517545073085,
      "fcf_margin": -0.03024853598930235,
      "incr_op_margin_yoy": 0.09741905208822149,
      "rev_growth_yoy": 0.24459110473457676,
      "rev_growth_yoy_accel": 0.11057790229720371,
      "op_leverage_ratio": 0.9096716121484656,
      "fcf_margin_change": 0.13360086137627097
    },
    {
      "date": "2022-06-30T00:00:00",
      "quarter_label": "2022-06 (Q2)",
      "revenue": 22679000,
      "gross_profit": 2221000,
      "operating_income": -8869000,
      "net_income": -8710000,
      "opex": 11090000,
      "cogs": 20458000,
      "rd": 2678000,
      "sga": 7562000,
      "fcf": -6304000,
      "ocf": -5863000,
      "capex": -441000,
      "gross_margin": 0.09793200758410865,
      "op_margin": -0.39106662551258875,
      "fcf_margin": -0.27796640063494865,
      "incr_op_margin_yoy": 0.49981758482305727,
      "rev_growth_yoy": -0.10782848151062156,
      "rev_growth_yoy_accel": -0.3524195862451983,
      "fcf_margin_change": -0.2477178646456463
    },
    {
      "date": "2022-09-30T00:00:00",
      "quarter_label": "2022-09 (Q3)",
      "revenue": 27680000,
      "gross_profit": 1970000,
      "operating_income": -8092000,
      "net_income": -9881000,
      "opex": 10062000,
      "cogs": 25710000,
      "rd": 2314000,
      "sga": 7350000,
      "fcf": -5828000,
      "ocf": -5709000,
      "capex": -119000,
      "gross_margin": 0.07117052023121387,
      "op_margin": -0.29234104046242776,
      "fcf_margin": -0.2105491329479769,
      "rev_growth_yoy": -0.008169700444317042,
      "rev_growth_yoy_accel": 0.09965878106630452,
      "op_leverage_ratio": Infinity,
      "fcf_margin_change": 0.06741726768697176
    },
    {
      "date": "2022-12-31T00:00:00",
      "quarter_label": "2022-12 (Q4)",
      "revenue": 23881000,
      "gross_profit": 517000,
      "operating_income": -9209000,
      "net_income": -9581000,
      "opex": 9726000,
      "cogs": 23364000,
      "rd": 2083000,
      "sga": 7173000,
      "fcf": -5905000,
      "ocf": -5495000,
      "capex": -410000,
      "gross_margin": 0.02164900967296177,
      "op_margin": -0.3856203676562958,
      "fcf_margin": -0.2472677023575227,
      "incr_op_margin_yoy": 1.6549006168608635,
      "rev_growth_yoy": -0.10888465987536848,
      "rev_growth_yoy_accel": -0.10071495943105144,
      "fcf_margin_change": -0.03671856940954582
    },
    {
      "date": "2023-03-31T00:00:00",
      "quarter_label": "2023-03 (Q1)",
      "revenue": 31743000,
      "gross_profit": 3813000,
      "operating_income": -6839000,
      "net_income": -35041000,
      "opex": 10652000,
      "cogs": 27930000,
      "rd": 1890000,
      "sga": 6616000,
      "fcf": -5684000,
      "ocf": -5418000,
      "capex": -266000,
      "gross_margin": 0.12012097155278328,
      "op_margin": -0.21544907538669944,
      "fcf_margin": -0.17906310052610025,
      "incr_op_margin_yoy": -0.18580816773587858,
      "rev_growth_yoy": -0.7072624152718219,
      "rev_growth_yoy_accel": -0.5983777553964534,
      "op_leverage_ratio": 3.4578313656183837,
      "fcf_margin_change": 0.06820460183142246
    },
    {
      "date": "2023-06-30T00:00:00",
      "quarter_label": "2023-06 (Q2)",
      "revenue": 30254000,
      "gross_profit": 6282000,
      "operating_income": -5333000,
      "net_income": -5398000,
      "opex": 11615000,
      "cogs": 23972000,
      "rd": 1853000,
      "sga": 7868000,
      "fcf": -2459000,
      "ocf": -2245000,
      "capex": -214000,
      "gross_margin": 0.2076419646988828,
      "op_margin": -0.1762742116744893,
      "fcf_margin": -0.08127850862695842,
      "incr_op_margin_yoy": 0.4667986798679868,
      "rev_growth_yoy": 0.33400943604215355,
      "rev_growth_yoy_accel": 1.0412718513139754,
      "fcf_margin_change": 0.09778459189914183
    },
    {
      "date": "2023-09-30T00:00:00",
      "quarter_label": "2023-09 (Q3)",
      "revenue": 34004000,
      "gross_profit": 8586000,
      "operating_income": -2369000,
      "net_income": -2485000,
      "opex": 10955000,
      "cogs": 25418000,
      "rd": 1641000,
      "sga": 7946000,
      "fcf": 681000,
      "ocf": 897000,
      "capex": -216000,
      "gross_margin": 0.2524997059169509,
      "op_margin": -0.06966827432066816,
      "fcf_margin": 0.02002705564051288,
      "incr_op_margin_yoy": 0.904965211891208,
      "rev_growth_yoy": 0.22846820809248555,
      "rev_growth_yoy_accel": -0.105541227949668,
      "op_leverage_ratio": Infinity,
      "fcf_margin_change": 0.1013055642674713
    },
    {
      "date": "2023-12-31T00:00:00",
      "quarter_label": "2023-12 (Q4)",
      "revenue": 39353000,
      "gross_profit": 9984000,
      "operating_income": -1438000,
      "net_income": -1649000,
      "opex": 11422000,
      "cogs": 29369000,
      "rd": 2199000,
      "sga": 7833000,
      "fcf": 1046000,
      "ocf": 1251000,
      "capex": -205000,
      "gross_margin": 0.25370365664625316,
      "op_margin": -0.03654105150814423,
      "fcf_margin": 0.026579930373796152,
      "incr_op_margin_yoy": 0.5022621509824199,
      "rev_growth_yoy": 0.6478790670407437,
      "rev_growth_yoy_accel": 0.41941085894825814,
      "op_leverage_ratio": 3.6900996280321725,
      "fcf_margin_change": 0.006552874733283271
    },
    {
      "date": "2024-03-31T00:00:00",
      "quarter_label": "2024-03 (Q1)",
      "revenue": 42028000,
      "gross_profit": 10431000,
      "operating_income": -2227000,
      "net_income": -11111000,
      "opex": 12658000,
      "cogs": 31597000,
      "rd": 2298000,
      "sga": 7952000,
      "fcf": 1936000,
      "ocf": 2235000,
      "capex": -299000,
      "gross_margin": 0.24819168173598552,
      "op_margin": -0.05298848386789759,
      "fcf_margin": 0.046064528409631676,
      "incr_op_margin_yoy": 0.4484200291686923,
      "rev_growth_yoy": 0.324008442806288,
      "rev_growth_yoy_accel": -0.32387062423445573,
      "op_leverage_ratio": 0.628159056887551,
      "fcf_margin_change": 0.019484598035835524
    },
    {
      "date": "2024-06-30T00:00:00",
      "quarter_label": "2024-06 (Q2)",
      "revenue": 40290000,
      "gross_profit": 12225000,
      "operating_income": -3291000,
      "net_income": -2524000,
      "opex": 15516000,
      "cogs": 28065000,
      "rd": 2286000,
      "sga": 8898000,
      "fcf": 3144000,
      "ocf": 3409000,
      "capex": -265000,
      "gross_margin": 0.3034251675353686,
      "op_margin": -0.08168279970215934,
      "fcf_margin": 0.07803425167535369,
      "incr_op_margin_yoy": 0.20346751693901952,
      "rev_growth_yoy": 0.33172473061413366,
      "rev_growth_yoy_accel": 0.007716287807845668,
      "fcf_margin_change": 0.03196972326572201
    },
    {
      "date": "2024-09-30T00:00:00",
      "quarter_label": "2024-09 (Q3)",
      "revenue": 54471000,
      "gross_profit": 15613000,
      "operating_income": -753000,
      "net_income": 4887000,
      "opex": 16366000,
      "cogs": 38858000,
      "rd": 2646000,
      "sga": 10525000,
      "fcf": 12125000,
      "ocf": 12712000,
      "capex": -587000,
      "gross_margin": 0.28662958271373756,
      "op_margin": -0.013823869581979401,
      "fcf_margin": 0.22259550953718493,
      "incr_op_margin_yoy": 0.07895636878878194,
      "rev_growth_yoy": 0.6018997764968828,
      "rev_growth_yoy_accel": 0.2701750458827491,
      "op_leverage_ratio": 6.424960098112216,
      "fcf_margin_change": 0.14456125786183124
    },
    {
      "date": "2024-12-31T00:00:00",
      "quarter_label": "2024-12 (Q4)",
      "revenue": 61403000,
      "gross_profit": 16326000,
      "operating_income": 1315000,
      "net_income": 2465000,
      "opex": 15011000,
      "cogs": 45077000,
      "rd": 3000000,
      "sga": 11567000,
      "fcf": 5350000,
      "ocf": 5874000,
      "capex": -524000,
      "gross_margin": 0.2658827744572741,
      "op_margin": 0.02141589173167435,
      "fcf_margin": 0.0871292933570021,
      "incr_op_margin_yoy": 0.12485260770975057,
      "rev_growth_yoy": 0.5603130638070795,
      "rev_growth_yoy_accel": -0.041586712689803296,
      "op_leverage_ratio": Infinity,
      "fcf_margin_change": -0.13546621618018284
    },
    {
      "date": "2025-03-31T00:00:00",
      "quarter_label": "2025-03 (Q1)",
      "revenue": 66655000,
      "gross_profit": 17691000,
      "operating_income": 1653000,
      "net_income": 1205000,
      "opex": 16038000,
      "cogs": 48964000,
      "rd": 3493000,
      "sga": 12101000,
      "fcf": 5251000,
      "ocf": 6290000,
      "capex": -1039000,
      "gross_margin": 0.26541144700322555,
      "op_margin": 0.024799339884479785,
      "fcf_margin": 0.07877878628760034,
      "incr_op_margin_yoy": 0.15755065578430177,
      "rev_growth_yoy": 0.585966498524793,
      "rev_growth_yoy_accel": 0.02565343471771353,
      "op_leverage_ratio": 1.2501850711537,
      "fcf_margin_change": -0.008350507069401769
    },
    {
      "date": "2025-06-30T00:00:00",
      "quarter_label": "2025-06 (Q2)",
      "revenue": 72358000,
      "gross_profit": 24489000,
      "operating_income": 5644000,
      "net_income": 6724000,
      "opex": 18845000,
      "cogs": 47869000,
      "rd": 4304000,
      "sga": 14204000,
      "fcf": 3311000,
      "ocf": 4125000,
      "capex": -814000,
      "gross_margin": 0.3384421902208464,
      "op_margin": 0.07800105033306615,
      "fcf_margin": 0.045758589236850104,
      "incr_op_margin_yoy": 0.27862666832979915,
      "rev_growth_yoy": 0.7959295110449243,
      "rev_growth_yoy_accel": 0.20996301252013128,
      "op_leverage_ratio": 0.4888531695397959,
      "fcf_margin_change": -0.03302019705075023
    },
    {
      "date": "2025-09-30T00:00:00",
      "quarter_label": "2025-09 (Q3)",
      "revenue": 65862000,
      "gross_profit": 20439000,
      "operating_income": 2965000,
      "net_income": 4750000,
      "opex": 17474000,
      "cogs": 45423000,
      "rd": 3729000,
      "sga": 13408000,
      "fcf": 5095000,
      "ocf": 6487000,
      "capex": -1392000,
      "gross_margin": 0.3103306914457502,
      "op_margin": 0.04501837174698612,
      "fcf_margin": 0.07735871974735052,
      "incr_op_margin_yoy": 0.3263980335352471,
      "rev_growth_yoy": 0.20912044941344937,
      "rev_growth_yoy_accel": -0.586809061631475,
      "fcf_margin_change": 0.03160013051050042
    }
  ],
  "signals": [
    {
      "quarter": "2025-09 (Q3)",
      "signal": "YoY REVENUE GROWTH DECELERATION",
      "detail": "YoY growth: +20.9% vs prior quarter YoY: +79.6% (decel: -58.7%)",
      "severity": "WARNING"
    },
    {
      "quarter": "2025-09 (Q3)",
      "signal": "OP MARGIN TURNED POSITIVE (YoY)",
      "detail": "Op margin: -1.4% (year-ago) -> +4.5%",
      "severity": "HIGH"
    },
    {
      "quarter": "2025-06 (Q2)",
      "signal": "GROSS MARGIN INFLECTION",
      "detail": "GM: +26.6% -> +26.5% -> +33.8% (reversal +7.3%)",
      "severity": "HIGH"
    },
    {
      "quarter": "2025-06 (Q2)",
      "signal": "YoY REVENUE GROWTH ACCELERATION",
      "detail": "YoY growth: +79.6% vs prior quarter YoY: +58.6% (accel: +21.0%)",
      "severity": "HIGH"
    },
    {
      "quarter": "2025-06 (Q2)",
      "signal": "OP MARGIN TURNED POSITIVE (YoY)",
      "detail": "Op margin: -8.2% (year-ago) -> +7.8%",
      "severity": "HIGH"
    },
    {
      "quarter": "2025-03 (Q1)",
      "signal": "OP MARGIN TURNED POSITIVE (YoY)",
      "detail": "Op margin: -5.3% (year-ago) -> +2.5%",
      "severity": "HIGH"
    },
    {
      "quarter": "2024-12 (Q4)",
      "signal": "OP MARGIN TURNED POSITIVE (YoY)",
      "detail": "Op margin: -3.7% (year-ago) -> +2.1%",
      "severity": "HIGH"
    },
    {
      "quarter": "2024-12 (Q4)",
      "signal": "OP MARGIN TURNED POSITIVE (QoQ)",
      "detail": "Op margin: -1.4% -> +2.1%",
      "severity": "HIGH"
    },
    {
      "quarter": "2024-09 (Q3)",
      "signal": "FCF MARGIN EXPANSION",
      "detail": "FCF margin: +7.8% -> +22.3% (+14.5%)",
      "severity": "MEDIUM"
    },
    {
      "quarter": "2024-09 (Q3)",
      "signal": "OPERATING LEVERAGE",
      "detail": "Rev growth +35.2% vs OpEx growth +5.5% (leverage: 6.4x)",
      "severity": "MEDIUM"
    },
    {
      "quarter": "2024-09 (Q3)",
      "signal": "YoY REVENUE GROWTH ACCELERATION",
      "detail": "YoY growth: +60.2% vs prior quarter YoY: +33.2% (accel: +27.0%)",
      "severity": "HIGH"
    },
    {
      "quarter": "2024-06 (Q2)",
      "signal": "GROSS MARGIN INFLECTION",
      "detail": "GM: +25.4% -> +24.8% -> +30.3% (reversal +5.5%)",
      "severity": "HIGH"
    },
    {
      "quarter": "2024-03 (Q1)",
      "signal": "YoY REVENUE GROWTH DECELERATION",
      "detail": "YoY growth: +32.4% vs prior quarter YoY: +64.8% (decel: -32.4%)",
      "severity": "WARNING"
    },
    {
      "quarter": "2023-12 (Q4)",
      "signal": "OPERATING LEVERAGE",
      "detail": "Rev growth +15.7% vs OpEx growth +4.3% (leverage: 3.7x)",
      "severity": "MEDIUM"
    },
    {
      "quarter": "2023-12 (Q4)",
      "signal": "YoY REVENUE GROWTH ACCELERATION",
      "detail": "YoY growth: +64.8% vs prior quarter YoY: +22.8% (accel: +41.9%)",
      "severity": "HIGH"
    },
    {
      "quarter": "2023-09 (Q3)",
      "signal": "FCF TURNED POSITIVE",
      "detail": "FCF margin: -8.1% -> +2.0%",
      "severity": "HIGH"
    },
    {
      "quarter": "2023-09 (Q3)",
      "signal": "YoY REVENUE GROWTH DECELERATION",
      "detail": "YoY growth: +22.8% vs prior quarter YoY: +33.4% (decel: -10.6%)",
      "severity": "WARNING"
    },
    {
      "quarter": "2023-06 (Q2)",
      "signal": "FCF MARGIN EXPANSION",
      "detail": "FCF margin: -17.9% -> -8.1% (+9.8%)",
      "severity": "MEDIUM"
    },
    {
      "quarter": "2023-06 (Q2)",
      "signal": "YoY REVENUE GROWTH ACCELERATION",
      "detail": "YoY growth: +33.4% vs prior quarter YoY: -70.7% (accel: +104.1%)",
      "severity": "HIGH"
    },
    {
      "quarter": "2023-03 (Q1)",
      "signal": "FCF MARGIN EXPANSION",
      "detail": "FCF margin: -24.7% -> -17.9% (+6.8%)",
      "severity": "MEDIUM"
    },
    {
      "quarter": "2023-03 (Q1)",
      "signal": "OPERATING LEVERAGE",
      "detail": "Rev growth +32.9% vs OpEx growth +9.5% (leverage: 3.5x)",
      "severity": "MEDIUM"
    },
    {
      "quarter": "2023-03 (Q1)",
      "signal": "GROSS MARGIN INFLECTION",
      "detail": "GM: +7.1% -> +2.2% -> +12.0% (reversal +9.8%)",
      "severity": "HIGH"
    },
    {
      "quarter": "2023-03 (Q1)",
      "signal": "YoY REVENUE GROWTH DECELERATION",
      "detail": "YoY growth: -70.7% vs prior quarter YoY: -10.9% (decel: -59.8%)",
      "severity": "WARNING"
    },
    {
      "quarter": "2022-12 (Q4)",
      "signal": "YoY REVENUE GROWTH DECELERATION",
      "detail": "YoY growth: -10.9% vs prior quarter YoY: -0.8% (decel: -10.1%)",
      "severity": "WARNING"
    },
    {
      "quarter": "2022-09 (Q3)",
      "signal": "FCF MARGIN EXPANSION",
      "detail": "FCF margin: -27.8% -> -21.1% (+6.7%)",
      "severity": "MEDIUM"
    },
    {
      "quarter": "2022-09 (Q3)",
      "signal": "YoY REVENUE GROWTH ACCELERATION",
      "detail": "YoY growth: -0.8% vs prior quarter YoY: -10.8% (accel: +10.0%)",
      "severity": "MEDIUM"
    },
    {
      "quarter": "2022-06 (Q2)",
      "signal": "YoY REVENUE GROWTH DECELERATION",
      "detail": "YoY growth: -10.8% vs prior quarter YoY: +24.5% (decel: -35.2%)",
      "severity": "WARNING"
    },
    {
      "quarter": "2022-03 (Q1)",
      "signal": "FCF MARGIN EXPANSION",
      "detail": "FCF margin: -16.4% -> -3.0% (+13.4%)",
      "severity": "MEDIUM"
    },
    {
      "quarter": "2022-03 (Q1)",
      "signal": "YoY REVENUE GROWTH ACCELERATION",
      "detail": "YoY growth: +24.5% vs prior quarter YoY: +13.4% (accel: +11.1%)",
      "severity": "MEDIUM"
    },
    {
      "quarter": "2021-12 (Q4)",
      "signal": "FCF MARGIN EXPANSION",
      "detail": "FCF margin: -22.2% -> -16.4% (+5.8%)",
      "severity": "MEDIUM"
    }
  ],
  "data_quality": {
    "n_quarters": 20,
    "coverage": {
      "revenue": [
        20,
        20
      ],
      "gross_profit": [
        20,
        20
      ],
      "op_income": [
        20,
        20
      ],
      "fcf": [
        20,
        20
      ]
    },
    "gaps": [],
    "warnings": []
  },
  "market_cap": null,
  "source": "SEC EDGAR",
  "last_updated": "2026-02-02T21:47:47.949154"
}