{
  "ticker": "AMTX",
  "name": "Aemetis, Inc.",
  "quarters": [
    {
      "date": "2020-12-31T00:00:00",
      "quarter_label": "2020-12 (Q4)",
      "revenue": 37330000,
      "gross_profit": -3372000,
      "operating_income": -7744000,
      "net_income": -14582000,
      "opex": 4372000,
      "cogs": 40702000,
      "rd": 38000,
      "sga": 4334000,
      "fcf": -8995000,
      "ocf": -4576000,
      "capex": -4419000,
      "gross_margin": -0.09032949370479507,
      "op_margin": -0.20744709349049023,
      "fcf_margin": -0.24095901419769622
    },
    {
      "date": "2021-03-31T00:00:00",
      "quarter_label": "2021-03 (Q1)",
      "revenue": 42807000,
      "gross_profit": -3608000,
      "operating_income": -9013000,
      "net_income": -18112000,
      "opex": 5405000,
      "cogs": 46415000,
      "rd": 23000,
      "sga": 5382000,
      "fcf": -20633000,
      "ocf": -14073000,
      "capex": -6560000,
      "gross_margin": -0.08428528044478707,
      "op_margin": -0.21054967645478542,
      "fcf_margin": -0.4820006073772981,
      "op_leverage_ratio": 0.620961368854068,
      "fcf_margin_change": -0.2410415931796019
    },
    {
      "date": "2021-06-30T00:00:00",
      "quarter_label": "2021-06 (Q2)",
      "revenue": 54884000,
      "gross_profit": 3646000,
      "operating_income": -2128000,
      "net_income": -10557000,
      "opex": 5774000,
      "cogs": 51238000,
      "rd": 21000,
      "sga": 5753000,
      "fcf": -10515000,
      "ocf": -4140000,
      "capex": -6375000,
      "gross_margin": 0.06643101814736535,
      "op_margin": -0.03877268420669047,
      "fcf_margin": -0.19158589024123607,
      "op_leverage_ratio": 4.1325070748313015,
      "fcf_margin_change": 0.29041471713606204
    },
    {
      "date": "2021-09-30T00:00:00",
      "quarter_label": "2021-09 (Q3)",
      "revenue": 49895000,
      "gross_profit": -4785000,
      "operating_income": -9894000,
      "net_income": -17597000,
      "opex": 5109000,
      "cogs": 54680000,
      "rd": 22000,
      "sga": 5087000,
      "fcf": -7616000,
      "ocf": -1780000,
      "capex": -5836000,
      "gross_margin": -0.0959013929251428,
      "op_margin": -0.19829642248722318,
      "fcf_margin": -0.1526405451448041,
      "fcf_margin_change": 0.038945345096431966
    },
    {
      "date": "2021-12-31T00:00:00",
      "quarter_label": "2021-12 (Q4)",
      "revenue": 64363000,
      "gross_profit": 12686000,
      "operating_income": 5210000,
      "net_income": -881000,
      "opex": 7476000,
      "cogs": 51677000,
      "rd": 22000,
      "sga": 7454000,
      "fcf": -8535000,
      "ocf": -654000,
      "capex": -7881000,
      "gross_margin": 0.19710081879340616,
      "op_margin": 0.08094712800832776,
      "fcf_margin": -0.13260724329195345,
      "incr_op_margin_yoy": 0.4791920985462213,
      "rev_growth_yoy": 0.7241628716849718,
      "op_leverage_ratio": 0.6258771811171012,
      "fcf_margin_change": 0.020033301852850655
    },
    {
      "date": "2022-03-31T00:00:00",
      "quarter_label": "2022-03 (Q1)",
      "revenue": 52049000,
      "gross_profit": -3085000,
      "operating_income": -10427000,
      "net_income": -18294000,
      "opex": 7342000,
      "cogs": 55134000,
      "rd": 36000,
      "sga": 7306000,
      "fcf": -17611000,
      "ocf": -8152000,
      "capex": -9459000,
      "gross_margin": -0.05927107149032642,
      "op_margin": -0.20033045783780667,
      "fcf_margin": -0.33835424311706275,
      "incr_op_margin_yoy": -0.1529971867561134,
      "rev_growth_yoy": 0.21589926881117574,
      "rev_growth_yoy_accel": -0.5082636028737961,
      "fcf_margin_change": -0.2057469998251093
    },
    {
      "date": "2022-06-30T00:00:00",
      "quarter_label": "2022-06 (Q2)",
      "revenue": 65901000,
      "gross_profit": -214000,
      "operating_income": -7686000,
      "net_income": -209000,
      "opex": 7472000,
      "cogs": 66115000,
      "rd": 51000,
      "sga": 7061000,
      "fcf": -11390000,
      "ocf": 1669000,
      "capex": -13059000,
      "gross_margin": -0.0032472951852020454,
      "op_margin": -0.11662948968907907,
      "fcf_margin": -0.17283501009089391,
      "incr_op_margin_yoy": -0.5044930561858946,
      "rev_growth_yoy": 0.20073245390277678,
      "rev_growth_yoy_accel": -0.015166814908398968,
      "op_leverage_ratio": 15.030420151425357,
      "fcf_margin_change": 0.16551923302616883
    },
    {
      "date": "2022-09-30T00:00:00",
      "quarter_label": "2022-09 (Q3)",
      "revenue": 71831000,
      "gross_profit": -1104000,
      "operating_income": -7595000,
      "net_income": -66845000,
      "opex": 6491000,
      "cogs": 72935000,
      "rd": 52000,
      "sga": 6867000,
      "fcf": -16237000,
      "ocf": -9824000,
      "capex": -6413000,
      "gross_margin": -0.015369408751096323,
      "op_margin": -0.10573429299327589,
      "fcf_margin": -0.22604446548147736,
      "incr_op_margin_yoy": 0.10480488694383662,
      "rev_growth_yoy": 0.43964325082673616,
      "rev_growth_yoy_accel": 0.2389107969239594,
      "op_leverage_ratio": Infinity,
      "fcf_margin_change": -0.05320945539058344
    },
    {
      "date": "2022-12-31T00:00:00",
      "quarter_label": "2022-12 (Q4)",
      "revenue": -161670000,
      "gross_profit": -1132000,
      "operating_income": -8693000,
      "net_income": -22410000,
      "opex": 7561000,
      "cogs": 67864000,
      "rd": 41000,
      "sga": 7452000,
      "fcf": -16785000,
      "ocf": -6559000,
      "capex": -10226000,
      "gross_margin": 0.007001917486237397,
      "op_margin": 0.05377002536030185,
      "fcf_margin": 0.10382260159584339,
      "incr_op_margin_yoy": 0.06150871775360235,
      "rev_growth_yoy": -3.5118468685424857,
      "rev_growth_yoy_accel": -3.951490119369222,
      "fcf_margin_change": 0.3298670670773207
    },
    {
      "date": "2023-03-31T00:00:00",
      "quarter_label": "2023-03 (Q1)",
      "revenue": 2151000,
      "gross_profit": -1295000,
      "operating_income": -12123000,
      "net_income": -26410000,
      "opex": 10828000,
      "cogs": 3446000,
      "rd": 42000,
      "sga": 10786000,
      "fcf": -18874000,
      "ocf": -11258000,
      "capex": -7616000,
      "gross_margin": -0.602045560204556,
      "op_margin": -5.635983263598327,
      "fcf_margin": -8.774523477452348,
      "incr_op_margin_yoy": 0.03398933825003006,
      "rev_growth_yoy": -0.9586735576091759,
      "rev_growth_yoy_accel": 2.55317331093331,
      "fcf_margin_change": -8.87834607904819
    },
    {
      "date": "2023-06-30T00:00:00",
      "quarter_label": "2023-06 (Q2)",
      "revenue": 45112000,
      "gross_profit": 1956000,
      "operating_income": -7790000,
      "net_income": -25279000,
      "opex": 9746000,
      "cogs": 43156000,
      "rd": 37000,
      "sga": 9709000,
      "fcf": -4911000,
      "ocf": -2719000,
      "capex": -2192000,
      "gross_margin": 0.04335875155169356,
      "op_margin": -0.1726813264763256,
      "fcf_margin": -0.10886238694804043,
      "incr_op_margin_yoy": 0.005002645629900428,
      "rev_growth_yoy": -0.3154580355381557,
      "rev_growth_yoy_accel": 0.6432155220710203,
      "op_leverage_ratio": Infinity,
      "fcf_margin_change": 8.665661090504308
    },
    {
      "date": "2023-09-30T00:00:00",
      "quarter_label": "2023-09 (Q3)",
      "revenue": 68690000,
      "gross_profit": 492000,
      "operating_income": -8529000,
      "net_income": 30711000,
      "opex": 9021000,
      "cogs": 68198000,
      "rd": 36000,
      "sga": 8985000,
      "fcf": -14948000,
      "ocf": -6161000,
      "capex": -8787000,
      "gross_margin": 0.007162614645508807,
      "op_margin": -0.12416654534866793,
      "fcf_margin": -0.21761537341680012,
      "incr_op_margin_yoy": 0.29735752944922,
      "rev_growth_yoy": -0.04372763848477677,
      "rev_growth_yoy_accel": 0.2717303970533789,
      "op_leverage_ratio": Infinity,
      "fcf_margin_change": -0.1087529864687597
    },
    {
      "date": "2023-12-31T00:00:00",
      "quarter_label": "2023-12 (Q4)",
      "revenue": -38759000,
      "gross_profit": 864000,
      "operating_income": -8959000,
      "net_income": -25442000,
      "opex": 9823000,
      "cogs": 69900000,
      "rd": 37000,
      "sga": 9786000,
      "fcf": 19439000,
      "ocf": 33963000,
      "capex": -14524000,
      "gross_margin": -0.02229159679042287,
      "op_margin": 0.2311463144043964,
      "fcf_margin": -0.5015351273252664,
      "incr_op_margin_yoy": -0.0021641675684031534,
      "fcf_margin_change": -0.28391975390846624
    },
    {
      "date": "2024-03-31T00:00:00",
      "quarter_label": "2024-03 (Q1)",
      "revenue": 72634000,
      "gross_profit": -612000,
      "operating_income": -9462000,
      "net_income": -24231000,
      "opex": 8850000,
      "cogs": 73246000,
      "rd": null,
      "sga": 8850000,
      "fcf": -13861000,
      "ocf": -10278000,
      "capex": -3583000,
      "gross_margin": -0.008425806096318529,
      "op_margin": -0.1302695707244541,
      "fcf_margin": -0.19083349395599858,
      "incr_op_margin_yoy": 0.037753784600541976,
      "rev_growth_yoy": 32.767549976755,
      "fcf_margin_change": 0.3107016333692678
    },
    {
      "date": "2024-06-30T00:00:00",
      "quarter_label": "2024-06 (Q2)",
      "revenue": 66561000,
      "gross_profit": -1806000,
      "operating_income": -13606000,
      "net_income": -29174000,
      "opex": 11800000,
      "cogs": 68367000,
      "rd": null,
      "sga": 11800000,
      "fcf": -10491000,
      "ocf": -5094000,
      "capex": -5397000,
      "gross_margin": -0.02713300581421553,
      "op_margin": -0.20441399618395156,
      "fcf_margin": -0.1576148194888899,
      "incr_op_margin_yoy": -0.27115483239311855,
      "rev_growth_yoy": 0.4754610746586274,
      "rev_growth_yoy_accel": -32.292088902096374,
      "fcf_margin_change": 0.03321867446710869
    },
    {
      "date": "2024-09-30T00:00:00",
      "quarter_label": "2024-09 (Q3)",
      "revenue": 81441000,
      "gross_profit": 3878000,
      "operating_income": -3872000,
      "net_income": -17935000,
      "opex": 7750000,
      "cogs": 77563000,
      "rd": null,
      "sga": 7750000,
      "fcf": -9470000,
      "ocf": -4980000,
      "capex": -4490000,
      "gross_margin": 0.04761729350081654,
      "op_margin": -0.047543620535111304,
      "fcf_margin": -0.11628049753809507,
      "incr_op_margin_yoy": 0.36522625676417536,
      "rev_growth_yoy": 0.1856310962294366,
      "rev_growth_yoy_accel": -0.2898299784291908,
      "op_leverage_ratio": Infinity,
      "fcf_margin_change": 0.041334321950794825
    },
    {
      "date": "2024-12-31T00:00:00",
      "quarter_label": "2024-12 (Q4)",
      "revenue": 47004000,
      "gross_profit": -2040000,
      "operating_income": -13476000,
      "net_income": -16197000,
      "opex": 11436000,
      "cogs": 49044000,
      "rd": null,
      "sga": 11436000,
      "fcf": -19361000,
      "ocf": -12577000,
      "capex": -6784000,
      "gross_margin": -0.04340056165432729,
      "op_margin": -0.2866990043400562,
      "fcf_margin": -0.41190111479874053,
      "incr_op_margin_yoy": -0.05266840012592843,
      "fcf_margin_change": -0.2956206172606455
    },
    {
      "date": "2025-03-31T00:00:00",
      "quarter_label": "2025-03 (Q1)",
      "revenue": 42886000,
      "gross_profit": -5080000,
      "operating_income": -15555000,
      "net_income": -24529000,
      "opex": 10475000,
      "cogs": 47966000,
      "rd": null,
      "sga": 10475000,
      "fcf": -1665000,
      "ocf": 160000,
      "capex": -1825000,
      "gross_margin": -0.1184535745931073,
      "op_margin": -0.36270577810940635,
      "fcf_margin": -0.03882385860187474,
      "incr_op_margin_yoy": 0.20482049213392498,
      "rev_growth_yoy": -0.4095602610347771,
      "fcf_margin_change": 0.37307725619686577
    },
    {
      "date": "2025-06-30T00:00:00",
      "quarter_label": "2025-06 (Q2)",
      "revenue": 52243000,
      "gross_profit": -3355000,
      "operating_income": -10674000,
      "net_income": -23395000,
      "opex": 7319000,
      "cogs": 55598000,
      "rd": null,
      "sga": 7319000,
      "fcf": -9262000,
      "ocf": -5737000,
      "capex": -3525000,
      "gross_margin": -0.06421912983557605,
      "op_margin": -0.20431445361101008,
      "fcf_margin": -0.17728690925100013,
      "incr_op_margin_yoy": -0.2047772035200447,
      "rev_growth_yoy": -0.21511095085710852,
      "rev_growth_yoy_accel": 0.1944493101776686,
      "op_leverage_ratio": Infinity,
      "fcf_margin_change": -0.1384630506491254
    },
    {
      "date": "2025-09-30T00:00:00",
      "quarter_label": "2025-09 (Q3)",
      "revenue": 59190000,
      "gross_profit": -58000,
      "operating_income": -8508000,
      "net_income": -23747000,
      "opex": 8450000,
      "cogs": 59248000,
      "rd": null,
      "sga": 8450000,
      "fcf": -1023000,
      "ocf": 3068000,
      "capex": -4091000,
      "gross_margin": -0.0009798952525764486,
      "op_margin": -0.14374049670552458,
      "fcf_margin": -0.017283324885960467,
      "incr_op_margin_yoy": 0.20835018650847154,
      "rev_growth_yoy": -0.273216193317862,
      "rev_growth_yoy_accel": -0.05810524246075349,
      "op_leverage_ratio": 0.8605147783094079,
      "fcf_margin_change": 0.16000358436503967
    }
  ],
  "signals": [
    {
      "quarter": "2025-09 (Q3)",
      "signal": "FCF MARGIN EXPANSION",
      "detail": "FCF margin: -17.7% -> -1.7% (+16.0%)",
      "severity": "MEDIUM"
    },
    {
      "quarter": "2025-09 (Q3)",
      "signal": "YoY REVENUE GROWTH DECELERATION",
      "detail": "YoY growth: -27.3% vs prior quarter YoY: -21.5% (decel: -5.8%)",
      "severity": "WARNING"
    },
    {
      "quarter": "2025-06 (Q2)",
      "signal": "GROSS MARGIN INFLECTION",
      "detail": "GM: -4.3% -> -11.8% -> -6.4% (reversal +5.4%)",
      "severity": "HIGH"
    },
    {
      "quarter": "2025-06 (Q2)",
      "signal": "YoY REVENUE GROWTH ACCELERATION",
      "detail": "YoY growth: -21.5% vs prior quarter YoY: -41.0% (accel: +19.4%)",
      "severity": "HIGH"
    },
    {
      "quarter": "2025-03 (Q1)",
      "signal": "FCF MARGIN EXPANSION",
      "detail": "FCF margin: -41.2% -> -3.9% (+37.3%)",
      "severity": "MEDIUM"
    },
    {
      "quarter": "2024-09 (Q3)",
      "signal": "GROSS MARGIN INFLECTION",
      "detail": "GM: -0.8% -> -2.7% -> +4.8% (reversal +7.5%)",
      "severity": "HIGH"
    },
    {
      "quarter": "2024-09 (Q3)",
      "signal": "YoY REVENUE GROWTH DECELERATION",
      "detail": "YoY growth: +18.6% vs prior quarter YoY: +47.5% (decel: -29.0%)",
      "severity": "WARNING"
    },
    {
      "quarter": "2024-06 (Q2)",
      "signal": "YoY REVENUE GROWTH DECELERATION",
      "detail": "YoY growth: +47.5% vs prior quarter YoY: +3276.8% (decel: -3229.2%)",
      "severity": "WARNING"
    },
    {
      "quarter": "2024-03 (Q1)",
      "signal": "FCF MARGIN EXPANSION",
      "detail": "FCF margin: -50.2% -> -19.1% (+31.1%)",
      "severity": "MEDIUM"
    },
    {
      "quarter": "2023-12 (Q4)",
      "signal": "OP MARGIN TURNED POSITIVE (QoQ)",
      "detail": "Op margin: -12.4% -> +23.1%",
      "severity": "HIGH"
    },
    {
      "quarter": "2023-09 (Q3)",
      "signal": "YoY REVENUE GROWTH ACCELERATION",
      "detail": "YoY growth: -4.4% vs prior quarter YoY: -31.5% (accel: +27.2%)",
      "severity": "HIGH"
    },
    {
      "quarter": "2023-06 (Q2)",
      "signal": "FCF MARGIN EXPANSION",
      "detail": "FCF margin: -877.5% -> -10.9% (+866.6%)",
      "severity": "MEDIUM"
    },
    {
      "quarter": "2023-06 (Q2)",
      "signal": "GROSS MARGIN INFLECTION",
      "detail": "GM: +0.7% -> -60.2% -> +4.3% (reversal +64.5%)",
      "severity": "HIGH"
    },
    {
      "quarter": "2023-06 (Q2)",
      "signal": "YoY REVENUE GROWTH ACCELERATION",
      "detail": "YoY growth: -31.5% vs prior quarter YoY: -95.9% (accel: +64.3%)",
      "severity": "HIGH"
    },
    {
      "quarter": "2023-03 (Q1)",
      "signal": "YoY REVENUE GROWTH ACCELERATION",
      "detail": "YoY growth: -95.9% vs prior quarter YoY: -351.2% (accel: +255.3%)",
      "severity": "HIGH"
    },
    {
      "quarter": "2022-12 (Q4)",
      "signal": "FCF TURNED POSITIVE",
      "detail": "FCF margin: -22.6% -> +10.4%",
      "severity": "HIGH"
    },
    {
      "quarter": "2022-12 (Q4)",
      "signal": "GROSS MARGIN INFLECTION",
      "detail": "GM: -0.3% -> -1.5% -> +0.7% (reversal +2.2%)",
      "severity": "MEDIUM"
    },
    {
      "quarter": "2022-12 (Q4)",
      "signal": "YoY REVENUE GROWTH DECELERATION",
      "detail": "YoY growth: -351.2% vs prior quarter YoY: +44.0% (decel: -395.1%)",
      "severity": "WARNING"
    },
    {
      "quarter": "2022-12 (Q4)",
      "signal": "OP MARGIN TURNED POSITIVE (QoQ)",
      "detail": "Op margin: -10.6% -> +5.4%",
      "severity": "HIGH"
    },
    {
      "quarter": "2022-09 (Q3)",
      "signal": "YoY REVENUE GROWTH ACCELERATION",
      "detail": "YoY growth: +44.0% vs prior quarter YoY: +20.1% (accel: +23.9%)",
      "severity": "HIGH"
    },
    {
      "quarter": "2022-06 (Q2)",
      "signal": "FCF MARGIN EXPANSION",
      "detail": "FCF margin: -33.8% -> -17.3% (+16.6%)",
      "severity": "MEDIUM"
    },
    {
      "quarter": "2022-06 (Q2)",
      "signal": "OPERATING LEVERAGE",
      "detail": "Rev growth +26.6% vs OpEx growth +1.8% (leverage: 15.0x)",
      "severity": "MEDIUM"
    },
    {
      "quarter": "2022-06 (Q2)",
      "signal": "GROSS MARGIN INFLECTION",
      "detail": "GM: +19.7% -> -5.9% -> -0.3% (reversal +5.6%)",
      "severity": "HIGH"
    },
    {
      "quarter": "2022-03 (Q1)",
      "signal": "YoY REVENUE GROWTH DECELERATION",
      "detail": "YoY growth: +21.6% vs prior quarter YoY: +72.4% (decel: -50.8%)",
      "severity": "WARNING"
    },
    {
      "quarter": "2021-12 (Q4)",
      "signal": "GROSS MARGIN INFLECTION",
      "detail": "GM: +6.6% -> -9.6% -> +19.7% (reversal +29.3%)",
      "severity": "HIGH"
    },
    {
      "quarter": "2021-12 (Q4)",
      "signal": "OP MARGIN TURNED POSITIVE (YoY)",
      "detail": "Op margin: -20.7% (year-ago) -> +8.1%",
      "severity": "HIGH"
    },
    {
      "quarter": "2021-12 (Q4)",
      "signal": "OP MARGIN TURNED POSITIVE (QoQ)",
      "detail": "Op margin: -19.8% -> +8.1%",
      "severity": "HIGH"
    },
    {
      "quarter": "2021-06 (Q2)",
      "signal": "FCF MARGIN EXPANSION",
      "detail": "FCF margin: -48.2% -> -19.2% (+29.0%)",
      "severity": "MEDIUM"
    },
    {
      "quarter": "2021-06 (Q2)",
      "signal": "OPERATING LEVERAGE",
      "detail": "Rev growth +28.2% vs OpEx growth +6.8% (leverage: 4.1x)",
      "severity": "MEDIUM"
    }
  ],
  "data_quality": {
    "n_quarters": 20,
    "coverage": {
      "revenue": [
        20,
        20
      ],
      "gross_profit": [
        20,
        20
      ],
      "op_income": [
        20,
        20
      ],
      "fcf": [
        20,
        20
      ]
    },
    "gaps": [],
    "warnings": []
  },
  "market_cap": null,
  "source": "SEC EDGAR",
  "last_updated": "2026-02-02T23:19:47.207947"
}