{
  "ticker": "AMWL",
  "name": "American Well Corporation",
  "sector": "Healthcare",
  "industry": "Health Information Services",
  "quarters": [
    {
      "date": "2021-03-31T00:00:00",
      "quarter_label": "2021-03 (Q1)",
      "revenue": 57599000,
      "gross_profit": 21894000,
      "operating_income": -38738000,
      "net_income": -39188000,
      "opex": 60632000,
      "cogs": 35705000,
      "rd": 23040000,
      "sga": null,
      "fcf": -41287000,
      "ocf": -41139000,
      "capex": -148000,
      "gross_margin": 0.38011076581190645,
      "op_margin": -0.6725463983749718,
      "fcf_margin": -0.7168006388999809
    },
    {
      "date": "2021-06-30T00:00:00",
      "quarter_label": "2021-06 (Q2)",
      "revenue": 60217000,
      "gross_profit": 26328000,
      "operating_income": -37535000,
      "net_income": -37859000,
      "opex": 63863000,
      "cogs": 33889000,
      "rd": 22378000,
      "sga": null,
      "fcf": -26386000,
      "ocf": -26251000,
      "capex": -135000,
      "gross_margin": 0.4372187256090473,
      "op_margin": -0.6233289602603915,
      "fcf_margin": -0.43818190876330604,
      "op_leverage_ratio": 0.8529422642653196,
      "fcf_margin_change": 0.2786187301366749
    },
    {
      "date": "2021-09-30T00:00:00",
      "quarter_label": "2021-09 (Q3)",
      "revenue": 62223000,
      "gross_profit": 27039000,
      "operating_income": -55450000,
      "net_income": -51494000,
      "opex": 82489000,
      "cogs": 35184000,
      "rd": 27399000,
      "sga": null,
      "fcf": -29162000,
      "ocf": -29224000,
      "capex": 62000,
      "gross_margin": 0.43454992526879127,
      "op_margin": -0.8911495749160279,
      "fcf_margin": -0.46866914163572954,
      "op_leverage_ratio": 0.11421983559830853,
      "fcf_margin_change": -0.030487232872423498
    },
    {
      "date": "2021-12-31T00:00:00",
      "quarter_label": "2021-12 (Q4)",
      "revenue": 72750000,
      "gross_profit": 29054000,
      "operating_income": -47423000,
      "net_income": -47793000,
      "opex": 76477000,
      "cogs": 43696000,
      "rd": 33777000,
      "sga": null,
      "fcf": -45261000,
      "ocf": -44923000,
      "capex": -338000,
      "gross_margin": 0.3993676975945017,
      "op_margin": -0.6518625429553264,
      "fcf_margin": -0.6221443298969073,
      "op_leverage_ratio": null,
      "fcf_margin_change": -0.15347518826117773
    },
    {
      "date": "2022-03-31T00:00:00",
      "quarter_label": "2022-03 (Q1)",
      "revenue": 64232000,
      "gross_profit": 27467000,
      "operating_income": -70482000,
      "net_income": -70037000,
      "opex": 97949000,
      "cogs": 36765000,
      "rd": 37481000,
      "sga": null,
      "fcf": -62259000,
      "ocf": -62191000,
      "capex": -68000,
      "gross_margin": 0.42762174617013327,
      "op_margin": -1.0973035247228795,
      "fcf_margin": -0.9692832233154813,
      "incr_op_margin_yoy": -4.785768129051712,
      "rev_growth_yoy": 0.11515824927516102,
      "fcf_margin_change": -0.34713889341857407
    },
    {
      "date": "2022-06-30T00:00:00",
      "quarter_label": "2022-06 (Q2)",
      "revenue": 64516000,
      "gross_profit": 28019000,
      "operating_income": -69404000,
      "net_income": -69145000,
      "opex": 97423000,
      "cogs": 36497000,
      "rd": 37067000,
      "sga": null,
      "fcf": -43198000,
      "ocf": -43208000,
      "capex": 10000,
      "gross_margin": 0.4342953685907372,
      "op_margin": -1.075764151528303,
      "fcf_margin": -0.6695703391406783,
      "incr_op_margin_yoy": -7.413119330076762,
      "rev_growth_yoy": 0.07139179965790392,
      "rev_growth_yoy_accel": -0.043766449617257105,
      "fcf_margin_change": 0.299712884174803
    },
    {
      "date": "2022-09-30T00:00:00",
      "quarter_label": "2022-09 (Q3)",
      "revenue": 69209000,
      "gross_profit": 27702000,
      "operating_income": -71124000,
      "net_income": -70084000,
      "opex": 98826000,
      "cogs": 41507000,
      "rd": 36254000,
      "sga": null,
      "fcf": -50922000,
      "ocf": -50978000,
      "capex": 56000,
      "gross_margin": 0.40026586137641057,
      "op_margin": -1.0276698117296883,
      "fcf_margin": -0.7357713592162869,
      "incr_op_margin_yoy": -2.2436301173776125,
      "rev_growth_yoy": 0.11227359658004275,
      "rev_growth_yoy_accel": 0.040881796922138836,
      "op_leverage_ratio": 5.051111424033254,
      "fcf_margin_change": -0.06620102007560857
    },
    {
      "date": "2022-12-31T00:00:00",
      "quarter_label": "2022-12 (Q4)",
      "revenue": 79233000,
      "gross_profit": 33580000,
      "operating_income": -64843000,
      "net_income": -61163000,
      "opex": 98423000,
      "cogs": 45653000,
      "rd": 27685000,
      "sga": null,
      "fcf": -36236000,
      "ocf": -35946000,
      "capex": -290000,
      "gross_margin": 0.4238133101106862,
      "op_margin": -0.8183837542438126,
      "fcf_margin": -0.4573346964017518,
      "incr_op_margin_yoy": -2.6870276106740705,
      "rev_growth_yoy": 0.08911340206185567,
      "rev_growth_yoy_accel": -0.023160194518187086,
      "op_leverage_ratio": null,
      "fcf_margin_change": 0.2784366628145351
    },
    {
      "date": "2023-03-31T00:00:00",
      "quarter_label": "2023-03 (Q1)",
      "revenue": 64001000,
      "gross_profit": 25249000,
      "operating_income": -397322000,
      "net_income": -397688000,
      "opex": 422571000,
      "cogs": 38752000,
      "rd": 25923000,
      "sga": null,
      "fcf": -29166000,
      "ocf": -29148000,
      "capex": -18000,
      "gross_margin": 0.39450946078967514,
      "op_margin": -6.208059249074233,
      "fcf_margin": -0.455711629505789,
      "rev_growth_yoy": -0.0035963382737576287,
      "rev_growth_yoy_accel": -0.0927097403356133,
      "fcf_margin_change": 0.0016230668959628103
    },
    {
      "date": "2023-06-30T00:00:00",
      "quarter_label": "2023-06 (Q2)",
      "revenue": 62447000,
      "gross_profit": 24203000,
      "operating_income": -94506000,
      "net_income": -92475000,
      "opex": 118709000,
      "cogs": 38244000,
      "rd": 25842000,
      "sga": null,
      "fcf": -39646000,
      "ocf": -39628000,
      "capex": -18000,
      "gross_margin": 0.3875766650119301,
      "op_margin": -1.513379345685141,
      "fcf_margin": -0.6348743734687015,
      "incr_op_margin_yoy": 12.132431126147898,
      "rev_growth_yoy": -0.03206956413912828,
      "rev_growth_yoy_accel": -0.02847322586537065,
      "fcf_margin_change": -0.17916274396291249
    },
    {
      "date": "2023-09-30T00:00:00",
      "quarter_label": "2023-09 (Q3)",
      "revenue": 61922000,
      "gross_profit": 21465000,
      "operating_income": -143360000,
      "net_income": -136414000,
      "opex": 164825000,
      "cogs": 40457000,
      "rd": 27715000,
      "sga": null,
      "fcf": -38051000,
      "ocf": -37991000,
      "capex": -60000,
      "gross_margin": 0.3466457801750589,
      "op_margin": -2.315170698620846,
      "fcf_margin": -0.6144988856949065,
      "incr_op_margin_yoy": 9.912995745848772,
      "rev_growth_yoy": -0.10528977445129968,
      "rev_growth_yoy_accel": -0.07322021031217141,
      "fcf_margin_change": 0.020375487773794942
    },
    {
      "date": "2023-12-31T00:00:00",
      "quarter_label": "2023-12 (Q4)",
      "revenue": 70677000,
      "gross_profit": 23843000,
      "operating_income": -56955000,
      "net_income": -48587000,
      "opex": 80798000,
      "cogs": 46834000,
      "rd": 26347000,
      "sga": null,
      "fcf": -41672000,
      "ocf": -41576000,
      "capex": -96000,
      "gross_margin": 0.3373516136791318,
      "op_margin": -0.805849144700539,
      "fcf_margin": -0.5896118963736435,
      "incr_op_margin_yoy": -0.9219261337073399,
      "rev_growth_yoy": -0.1079853091514899,
      "rev_growth_yoy_accel": -0.0026955347001902247,
      "op_leverage_ratio": null,
      "fcf_margin_change": 0.024886989321262987
    },
    {
      "date": "2024-03-31T00:00:00",
      "quarter_label": "2024-03 (Q1)",
      "revenue": 59522000,
      "gross_profit": 18369000,
      "operating_income": -75032000,
      "net_income": -72105000,
      "opex": 93401000,
      "cogs": 41153000,
      "rd": 26680000,
      "sga": null,
      "fcf": -59831000,
      "ocf": -59756000,
      "capex": -75000,
      "gross_margin": 0.30860858170088373,
      "op_margin": -1.260575921508014,
      "fcf_margin": -1.0051913578172778,
      "incr_op_margin_yoy": -71.95579370395177,
      "rev_growth_yoy": -0.06998328151122639,
      "rev_growth_yoy_accel": 0.03800202764026352,
      "fcf_margin_change": -0.4155794614436342
    },
    {
      "date": "2024-06-30T00:00:00",
      "quarter_label": "2024-06 (Q2)",
      "revenue": 62790000,
      "gross_profit": 23496000,
      "operating_income": -52376000,
      "net_income": -49920000,
      "opex": 75872000,
      "cogs": 39294000,
      "rd": 20806000,
      "sga": null,
      "fcf": -21819000,
      "ocf": -21793000,
      "capex": -26000,
      "gross_margin": 0.3741997133301481,
      "op_margin": -0.8341455645803472,
      "fcf_margin": -0.3474916387959866,
      "rev_growth_yoy": 0.005492657773792176,
      "rev_growth_yoy_accel": 0.07547593928501857,
      "op_leverage_ratio": null,
      "fcf_margin_change": 0.6576997190212912
    },
    {
      "date": "2024-09-30T00:00:00",
      "quarter_label": "2024-09 (Q3)",
      "revenue": 61046000,
      "gross_profit": 22694000,
      "operating_income": -47370000,
      "net_income": -43464000,
      "opex": 70064000,
      "cogs": 38352000,
      "rd": 19797000,
      "sga": null,
      "fcf": -32369000,
      "ocf": -32354000,
      "capex": -15000,
      "gross_margin": 0.37175244897290566,
      "op_margin": -0.7759722176719195,
      "fcf_margin": -0.5302394915309766,
      "rev_growth_yoy": -0.014146829882755726,
      "rev_growth_yoy_accel": -0.019639487656547903,
      "fcf_margin_change": -0.18274785273499
    },
    {
      "date": "2024-12-31T00:00:00",
      "quarter_label": "2024-12 (Q4)",
      "revenue": 71006000,
      "gross_profit": 34393000,
      "operating_income": -42756000,
      "net_income": -42654000,
      "opex": 77149000,
      "cogs": 36613000,
      "rd": 18782000,
      "sga": null,
      "fcf": -13438000,
      "ocf": -13435000,
      "capex": -3000,
      "gross_margin": 0.48436751823789537,
      "op_margin": -0.6021462974959862,
      "fcf_margin": -0.18925161253978537,
      "rev_growth_yoy": 0.004654979696365154,
      "rev_growth_yoy_accel": 0.01880180957912088,
      "op_leverage_ratio": 1.6134562709643554,
      "fcf_margin_change": 0.3409878789911912
    },
    {
      "date": "2025-03-31T00:00:00",
      "quarter_label": "2025-03 (Q1)",
      "revenue": 66833000,
      "gross_profit": 35259000,
      "operating_income": -30411000,
      "net_income": -18704000,
      "opex": 65670000,
      "cogs": 31574000,
      "rd": 22102000,
      "sga": null,
      "fcf": -25117000,
      "ocf": -25108000,
      "capex": -9000,
      "gross_margin": 0.5275687160534467,
      "op_margin": -0.4550297008962638,
      "fcf_margin": -0.37581733574731047,
      "incr_op_margin_yoy": 6.103269046642046,
      "rev_growth_yoy": 0.12282853398743322,
      "rev_growth_yoy_accel": 0.11817355429106807,
      "fcf_margin_change": -0.1865657232075251
    },
    {
      "date": "2025-06-30T00:00:00",
      "quarter_label": "2025-06 (Q2)",
      "revenue": 70898000,
      "gross_profit": 39755000,
      "operating_income": -20379000,
      "net_income": -19696000,
      "opex": 60134000,
      "cogs": 31143000,
      "rd": 18237000,
      "sga": null,
      "fcf": -4724000,
      "ocf": -4724000,
      "capex": null,
      "gross_margin": 0.5607351406245592,
      "op_margin": -0.287441112584276,
      "fcf_margin": -0.06663093458207565,
      "incr_op_margin_yoy": 3.9463492846571286,
      "rev_growth_yoy": 0.12912884217232043,
      "rev_growth_yoy_accel": 0.006300308184887207,
      "op_leverage_ratio": null,
      "fcf_margin_change": 0.3091864011652348
    },
    {
      "date": "2025-09-30T00:00:00",
      "quarter_label": "2025-09 (Q3)",
      "revenue": 56286000,
      "gross_profit": 29507000,
      "operating_income": -29332000,
      "net_income": -32378000,
      "opex": 58839000,
      "cogs": 26779000,
      "rd": 18582000,
      "sga": null,
      "fcf": -18766000,
      "ocf": -18766000,
      "capex": null,
      "gross_margin": 0.5242333795259922,
      "op_margin": -0.5211242582524962,
      "fcf_margin": -0.33340439896244184,
      "incr_op_margin_yoy": -3.7894957983193276,
      "rev_growth_yoy": -0.07797398682960391,
      "rev_growth_yoy_accel": -0.20710282900192434,
      "fcf_margin_change": -0.2667734643803662
    },
    {
      "date": "2025-12-31T00:00:00",
      "quarter_label": "2025-12 (Q4)",
      "revenue": 55308000,
      "gross_profit": 28337000,
      "operating_income": -25152000,
      "net_income": -24922000,
      "opex": 53489000,
      "cogs": 26971000,
      "rd": 13940000,
      "sga": null,
      "fcf": -17367000,
      "ocf": -17355000,
      "capex": -12000,
      "gross_margin": 0.512349027265495,
      "op_margin": -0.45476242134953354,
      "fcf_margin": -0.3140052072032979,
      "incr_op_margin_yoy": -1.1214167409861129,
      "rev_growth_yoy": -0.22107990874010647,
      "rev_growth_yoy_accel": -0.14310592191050256,
      "fcf_margin_change": 0.019399191759143952
    }
  ],
  "signals": [
    {
      "quarter": "2025-12 (Q4)",
      "signal": "YoY REVENUE GROWTH DECELERATION",
      "detail": "YoY growth: -22.1% vs prior quarter YoY: -7.8% (decel: -14.3%)",
      "severity": "WARNING"
    },
    {
      "quarter": "2025-09 (Q3)",
      "signal": "YoY REVENUE GROWTH DECELERATION",
      "detail": "YoY growth: -7.8% vs prior quarter YoY: +12.9% (decel: -20.7%)",
      "severity": "WARNING"
    },
    {
      "quarter": "2025-06 (Q2)",
      "signal": "FCF MARGIN EXPANSION",
      "detail": "FCF margin: -37.6% -> -6.7% (+30.9%)",
      "severity": "MEDIUM"
    },
    {
      "quarter": "2025-03 (Q1)",
      "signal": "YoY REVENUE GROWTH ACCELERATION",
      "detail": "YoY growth: +12.3% vs prior quarter YoY: +0.5% (accel: +11.8%)",
      "severity": "MEDIUM"
    },
    {
      "quarter": "2024-12 (Q4)",
      "signal": "FCF MARGIN EXPANSION",
      "detail": "FCF margin: -53.0% -> -18.9% (+34.1%)",
      "severity": "MEDIUM"
    },
    {
      "quarter": "2024-12 (Q4)",
      "signal": "OPERATING LEVERAGE",
      "detail": "Rev growth +16.3% vs OpEx growth +10.1% (leverage: 1.6x)",
      "severity": "MEDIUM"
    },
    {
      "quarter": "2024-12 (Q4)",
      "signal": "GROSS MARGIN INFLECTION",
      "detail": "GM: +37.4% -> +37.2% -> +48.4% (reversal +11.3%)",
      "severity": "HIGH"
    },
    {
      "quarter": "2024-06 (Q2)",
      "signal": "FCF MARGIN EXPANSION",
      "detail": "FCF margin: -100.5% -> -34.7% (+65.8%)",
      "severity": "MEDIUM"
    },
    {
      "quarter": "2024-06 (Q2)",
      "signal": "GROSS MARGIN INFLECTION",
      "detail": "GM: +33.7% -> +30.9% -> +37.4% (reversal +6.6%)",
      "severity": "HIGH"
    },
    {
      "quarter": "2024-06 (Q2)",
      "signal": "YoY REVENUE GROWTH ACCELERATION",
      "detail": "YoY growth: +0.5% vs prior quarter YoY: -7.0% (accel: +7.5%)",
      "severity": "MEDIUM"
    },
    {
      "quarter": "2023-09 (Q3)",
      "signal": "YoY REVENUE GROWTH DECELERATION",
      "detail": "YoY growth: -10.5% vs prior quarter YoY: -3.2% (decel: -7.3%)",
      "severity": "WARNING"
    },
    {
      "quarter": "2023-03 (Q1)",
      "signal": "YoY REVENUE GROWTH DECELERATION",
      "detail": "YoY growth: -0.4% vs prior quarter YoY: +8.9% (decel: -9.3%)",
      "severity": "WARNING"
    },
    {
      "quarter": "2022-12 (Q4)",
      "signal": "FCF MARGIN EXPANSION",
      "detail": "FCF margin: -73.6% -> -45.7% (+27.8%)",
      "severity": "MEDIUM"
    },
    {
      "quarter": "2022-12 (Q4)",
      "signal": "GROSS MARGIN INFLECTION",
      "detail": "GM: +43.4% -> +40.0% -> +42.4% (reversal +2.4%)",
      "severity": "MEDIUM"
    },
    {
      "quarter": "2022-09 (Q3)",
      "signal": "OPERATING LEVERAGE",
      "detail": "Rev growth +7.3% vs OpEx growth +1.4% (leverage: 5.1x)",
      "severity": "MEDIUM"
    },
    {
      "quarter": "2022-06 (Q2)",
      "signal": "FCF MARGIN EXPANSION",
      "detail": "FCF margin: -96.9% -> -67.0% (+30.0%)",
      "severity": "MEDIUM"
    },
    {
      "quarter": "2022-03 (Q1)",
      "signal": "GROSS MARGIN INFLECTION",
      "detail": "GM: +43.5% -> +39.9% -> +42.8% (reversal +2.8%)",
      "severity": "MEDIUM"
    },
    {
      "quarter": "2021-06 (Q2)",
      "signal": "FCF MARGIN EXPANSION",
      "detail": "FCF margin: -71.7% -> -43.8% (+27.9%)",
      "severity": "MEDIUM"
    }
  ],
  "data_quality": {
    "n_quarters": 20,
    "coverage": {
      "revenue": [
        20,
        20
      ],
      "gross_profit": [
        20,
        20
      ],
      "op_income": [
        20,
        20
      ],
      "fcf": [
        20,
        20
      ]
    },
    "gaps": [],
    "warnings": []
  },
  "market_cap": null,
  "source": "SEC EDGAR",
  "last_updated": "2026-02-24T10:53:23.978737"
}