{
  "ticker": "AN",
  "name": "AUTONATION, INC.",
  "quarters": [
    {
      "date": "2020-12-31T00:00:00",
      "quarter_label": "2020-12 (Q4)",
      "revenue": 5785100000,
      "gross_profit": 986700000,
      "operating_income": 309400000,
      "net_income": 151500000,
      "opex": 677300000,
      "cogs": 4798400000,
      "rd": null,
      "sga": 632000000,
      "fcf": 400000,
      "ocf": 43300000,
      "capex": -42900000,
      "gross_margin": 0.1705588494580906,
      "op_margin": 0.053482221569203646,
      "fcf_margin": 6.914314359302346e-05
    },
    {
      "date": "2021-03-31T00:00:00",
      "quarter_label": "2021-03 (Q1)",
      "revenue": 5903800000,
      "gross_profit": 1032800000,
      "operating_income": 336900000,
      "net_income": 239400000,
      "opex": 695900000,
      "cogs": 4871000000,
      "rd": null,
      "sga": 647900000,
      "fcf": 485000000,
      "ocf": 526300000,
      "capex": -41300000,
      "gross_margin": 0.17493817541244622,
      "op_margin": 0.057064941224296215,
      "fcf_margin": 0.08215047935228158,
      "op_leverage_ratio": 0.7471503080866067,
      "fcf_margin_change": 0.08208133620868856
    },
    {
      "date": "2021-06-30T00:00:00",
      "quarter_label": "2021-06 (Q2)",
      "revenue": 6978400000,
      "gross_profit": 1326300000,
      "operating_income": 530200000,
      "net_income": 384800000,
      "opex": 796100000,
      "cogs": 5652100000,
      "rd": null,
      "sga": 748900000,
      "fcf": 329100000,
      "ocf": 404000000,
      "capex": -74900000,
      "gross_margin": 0.19005789292674538,
      "op_margin": 0.07597730138713746,
      "fcf_margin": 0.04715980740570905,
      "op_leverage_ratio": 1.2641374995866868,
      "fcf_margin_change": -0.03499067194657253
    },
    {
      "date": "2021-09-30T00:00:00",
      "quarter_label": "2021-09 (Q3)",
      "revenue": 6379500000,
      "gross_profit": 1271900000,
      "operating_income": 503300000,
      "net_income": 361700000,
      "opex": 768600000,
      "cogs": 5107600000,
      "rd": null,
      "sga": 723700000,
      "fcf": 583800000,
      "ocf": 628900000,
      "capex": -45100000,
      "gross_margin": 0.19937299161376285,
      "op_margin": 0.07889333019829141,
      "fcf_margin": 0.09151187397131437,
      "fcf_margin_change": 0.04435206656560532
    },
    {
      "date": "2021-12-31T00:00:00",
      "quarter_label": "2021-12 (Q4)",
      "revenue": 6582300000,
      "gross_profit": 1321600000,
      "operating_income": 532400000,
      "net_income": 387100000,
      "opex": 789200000,
      "cogs": 5260700000,
      "rd": null,
      "sga": 755700000,
      "fcf": 14100000,
      "ocf": 68500000,
      "capex": -54400000,
      "gross_margin": 0.20078088206250094,
      "op_margin": 0.08088358172675204,
      "fcf_margin": 0.0021421083815687525,
      "incr_op_margin_yoy": 0.2797290516808831,
      "rev_growth_yoy": 0.13780228518089574,
      "op_leverage_ratio": 1.186081326944544,
      "fcf_margin_change": -0.08936976558974562
    },
    {
      "date": "2022-03-31T00:00:00",
      "quarter_label": "2022-03 (Q1)",
      "revenue": 6752800000,
      "gross_profit": 1308900000,
      "operating_income": 519000000,
      "net_income": 362100000,
      "opex": 789900000,
      "cogs": 5443900000,
      "rd": null,
      "sga": 741400000,
      "fcf": 586600000,
      "ocf": 643200000,
      "capex": -56600000,
      "gross_margin": 0.19383070726217272,
      "op_margin": 0.07685700746357067,
      "fcf_margin": 0.08686766970738065,
      "incr_op_margin_yoy": 0.21448763250883393,
      "rev_growth_yoy": 0.1438056844744063,
      "rev_growth_yoy_accel": 0.0060033992935105696,
      "op_leverage_ratio": Infinity,
      "fcf_margin_change": 0.0847255613258119
    },
    {
      "date": "2022-06-30T00:00:00",
      "quarter_label": "2022-06 (Q2)",
      "revenue": 6869200000,
      "gross_profit": 1361700000,
      "operating_income": 558100000,
      "net_income": 376300000,
      "opex": 803600000,
      "cogs": 5507500000,
      "rd": null,
      "sga": 754800000,
      "fcf": 148100000,
      "ocf": 251800000,
      "capex": -103700000,
      "gross_margin": 0.19823269085191872,
      "op_margin": 0.0812467245094043,
      "fcf_margin": 0.021560006987713272,
      "incr_op_margin_yoy": -0.2554945054945055,
      "rev_growth_yoy": -0.01564828614008942,
      "rev_growth_yoy_accel": -0.15945397061449573,
      "op_leverage_ratio": 0.9938495369749839,
      "fcf_margin_change": -0.06530766271966737
    },
    {
      "date": "2022-09-30T00:00:00",
      "quarter_label": "2022-09 (Q3)",
      "revenue": 6666000000,
      "gross_profit": 1312800000,
      "operating_income": 522500000,
      "net_income": 352600000,
      "opex": 790300000,
      "cogs": 5353200000,
      "rd": null,
      "sga": 763200000,
      "fcf": 472400000,
      "ocf": 548300000,
      "capex": -75900000,
      "gross_margin": 0.19693969396939695,
      "op_margin": 0.07838283828382839,
      "fcf_margin": 0.07086708670867087,
      "incr_op_margin_yoy": 0.06701570680628273,
      "rev_growth_yoy": 0.04490947566423701,
      "rev_growth_yoy_accel": 0.060557761804326427,
      "fcf_margin_change": 0.049307079720957596
    },
    {
      "date": "2022-12-31T00:00:00",
      "quarter_label": "2022-12 (Q4)",
      "revenue": 6697000000,
      "gross_profit": 1281900000,
      "operating_income": 424900000,
      "net_income": 286400000,
      "opex": 857000000,
      "cogs": 5415100000,
      "rd": null,
      "sga": 766700000,
      "fcf": 132000000,
      "ocf": 224800000,
      "capex": -92800000,
      "gross_margin": 0.19141406599970137,
      "op_margin": 0.06344631924742422,
      "fcf_margin": 0.01971031805285949,
      "incr_op_margin_yoy": -0.937227550130776,
      "rev_growth_yoy": 0.017425519955030916,
      "rev_growth_yoy_accel": -0.027483955709206094,
      "fcf_margin_change": -0.05115676865581138
    },
    {
      "date": "2023-03-31T00:00:00",
      "quarter_label": "2023-03 (Q1)",
      "revenue": 6398700000,
      "gross_profit": 1286400000,
      "operating_income": 443300000,
      "net_income": 288700000,
      "opex": 843100000,
      "cogs": 5112300000,
      "rd": null,
      "sga": 782700000,
      "fcf": 414700000,
      "ocf": 510000000,
      "capex": -95300000,
      "gross_margin": 0.20104083641989778,
      "op_margin": 0.0692796974385422,
      "fcf_margin": 0.06481003953928141,
      "incr_op_margin_yoy": 0.21378141767862185,
      "rev_growth_yoy": -0.052437507404335976,
      "rev_growth_yoy_accel": -0.06986302735936689,
      "fcf_margin_change": 0.045099721486421926
    },
    {
      "date": "2023-06-30T00:00:00",
      "quarter_label": "2023-06 (Q2)",
      "revenue": 6890100000,
      "gross_profit": 1335300000,
      "operating_income": 439200000,
      "net_income": 272500000,
      "opex": 896100000,
      "cogs": 5554800000,
      "rd": null,
      "sga": 842900000,
      "fcf": -106700000,
      "ocf": -3000000,
      "capex": -103700000,
      "gross_margin": 0.19379979971263117,
      "op_margin": 0.06374363216789307,
      "fcf_margin": -0.015485987140970377,
      "incr_op_margin_yoy": -5.688995215311005,
      "rev_growth_yoy": 0.0030425668200081525,
      "rev_growth_yoy_accel": 0.05548007422434413,
      "op_leverage_ratio": 1.221649503687512,
      "fcf_margin_change": -0.08029602668025179
    },
    {
      "date": "2023-09-30T00:00:00",
      "quarter_label": "2023-09 (Q3)",
      "revenue": 6892700000,
      "gross_profit": 1294600000,
      "operating_income": 419500000,
      "net_income": 243700000,
      "opex": 875100000,
      "cogs": 5598100000,
      "rd": null,
      "sga": 819300000,
      "fcf": 168600000,
      "ocf": 255600000,
      "capex": -87000000,
      "gross_margin": 0.18782189853032918,
      "op_margin": 0.06086149114280326,
      "fcf_margin": 0.024460661279324503,
      "incr_op_margin_yoy": -0.45434494927216584,
      "rev_growth_yoy": 0.03400840084008401,
      "rev_growth_yoy_accel": 0.03096583402007586,
      "fcf_margin_change": 0.039946648420294883
    },
    {
      "date": "2023-12-31T00:00:00",
      "quarter_label": "2023-12 (Q4)",
      "revenue": 6767400000,
      "gross_profit": 1215200000,
      "operating_income": 349900000,
      "net_income": 216200000,
      "opex": 865300000,
      "cogs": 5552200000,
      "rd": null,
      "sga": 808300000,
      "fcf": -162900000,
      "ocf": -38600000,
      "capex": -124300000,
      "gross_margin": 0.17956674646097467,
      "op_margin": 0.05170375624316576,
      "fcf_margin": -0.02407128291515205,
      "incr_op_margin_yoy": -1.0653409090909092,
      "rev_growth_yoy": 0.010512169628191728,
      "rev_growth_yoy_accel": -0.02349623121189228,
      "fcf_margin_change": -0.04853194419447655
    },
    {
      "date": "2024-03-31T00:00:00",
      "quarter_label": "2024-03 (Q1)",
      "revenue": 6485700000,
      "gross_profit": 1197900000,
      "operating_income": 340300000,
      "net_income": 190100000,
      "opex": 857600000,
      "cogs": 5287800000,
      "rd": null,
      "sga": 793100000,
      "fcf": 200800000,
      "ocf": 294500000,
      "capex": -93700000,
      "gross_margin": 0.18469864471067116,
      "op_margin": 0.05246927856669288,
      "fcf_margin": 0.03096042061766656,
      "incr_op_margin_yoy": -1.1839080459770115,
      "rev_growth_yoy": 0.01359651179145764,
      "rev_growth_yoy_accel": 0.0030843421632659115,
      "fcf_margin_change": 0.05503170353281861
    },
    {
      "date": "2024-06-30T00:00:00",
      "quarter_label": "2024-06 (Q2)",
      "revenue": 6480400000,
      "gross_profit": 1163100000,
      "operating_income": 275000000,
      "net_income": 130200000,
      "opex": 888100000,
      "cogs": 5317300000,
      "rd": null,
      "sga": 825800000,
      "fcf": -147100000,
      "ocf": -59600000,
      "capex": -87500000,
      "gross_margin": 0.17947966174927474,
      "op_margin": 0.04243565212023949,
      "fcf_margin": -0.022699216097771743,
      "incr_op_margin_yoy": 0.4007810593116915,
      "rev_growth_yoy": -0.05946212681963977,
      "rev_growth_yoy_accel": -0.0730586386110974,
      "fcf_margin_change": -0.0536596367154383
    },
    {
      "date": "2024-09-30T00:00:00",
      "quarter_label": "2024-09 (Q3)",
      "revenue": 6586100000,
      "gross_profit": 1182800000,
      "operating_income": 350700000,
      "net_income": 185800000,
      "opex": 832100000,
      "cogs": 5403300000,
      "rd": null,
      "sga": 811300000,
      "fcf": -151000000,
      "ocf": -70000000,
      "capex": -81000000,
      "gross_margin": 0.1795903493721626,
      "op_margin": 0.05324850822186119,
      "fcf_margin": -0.022927073685489137,
      "incr_op_margin_yoy": 0.22439660795825178,
      "rev_growth_yoy": -0.044481843109376584,
      "rev_growth_yoy_accel": 0.014980283710263186,
      "op_leverage_ratio": Infinity,
      "fcf_margin_change": -0.00022785758771739356
    },
    {
      "date": "2024-12-31T00:00:00",
      "quarter_label": "2024-12 (Q4)",
      "revenue": 7213200000,
      "gross_profit": 1241600000,
      "operating_income": 339500000,
      "net_income": 186100000,
      "opex": 902100000,
      "cogs": 5971600000,
      "rd": null,
      "sga": 833700000,
      "fcf": 83500000,
      "ocf": 149800000,
      "capex": -66300000,
      "gross_margin": 0.17212887484057007,
      "op_margin": 0.047066489214218375,
      "fcf_margin": 0.01157599955636888,
      "incr_op_margin_yoy": -0.02332884701659937,
      "rev_growth_yoy": 0.0658746342760883,
      "rev_growth_yoy_accel": 0.11035647738546489,
      "op_leverage_ratio": 1.1318424083622,
      "fcf_margin_change": 0.034503073241858015
    },
    {
      "date": "2025-03-31T00:00:00",
      "quarter_label": "2025-03 (Q1)",
      "revenue": 6690400000,
      "gross_profit": 1219900000,
      "operating_income": 336000000,
      "net_income": 175500000,
      "opex": 883900000,
      "cogs": 5470500000,
      "rd": null,
      "sga": 821900000,
      "fcf": -127700000,
      "ocf": -52500000,
      "capex": -75200000,
      "gross_margin": 0.18233588425206265,
      "op_margin": 0.050221212483558535,
      "fcf_margin": -0.019087050101638168,
      "incr_op_margin_yoy": -0.021006350757205666,
      "rev_growth_yoy": 0.031561743528069446,
      "rev_growth_yoy_accel": -0.03431289074801886,
      "fcf_margin_change": -0.03066304965800705
    },
    {
      "date": "2025-06-30T00:00:00",
      "quarter_label": "2025-06 (Q2)",
      "revenue": 6974400000,
      "gross_profit": 1275400000,
      "operating_income": 217600000,
      "net_income": 86400000,
      "opex": 1057800000,
      "cogs": 5699000000,
      "rd": null,
      "sga": 854700000,
      "fcf": -256800000,
      "ocf": -177800000,
      "capex": -79000000,
      "gross_margin": 0.18286877724248682,
      "op_margin": 0.031199816471667814,
      "fcf_margin": -0.03682037164487268,
      "incr_op_margin_yoy": -0.11619433198380567,
      "rev_growth_yoy": 0.07622986235417567,
      "rev_growth_yoy_accel": 0.044668118826106225,
      "op_leverage_ratio": 0.21575944095603894,
      "fcf_margin_change": -0.017733321543234513
    },
    {
      "date": "2025-09-30T00:00:00",
      "quarter_label": "2025-09 (Q3)",
      "revenue": 7037400000,
      "gross_profit": 1238400000,
      "operating_income": 372400000,
      "net_income": 215100000,
      "opex": 866000000,
      "cogs": 5799000000,
      "rd": null,
      "sga": 850100000,
      "fcf": 122800000,
      "ocf": 191700000,
      "capex": -68900000,
      "gross_margin": 0.17597408133685735,
      "op_margin": 0.05291727058288573,
      "fcf_margin": 0.017449626282433853,
      "incr_op_margin_yoy": 0.04808331486815865,
      "rev_growth_yoy": 0.06852310168384931,
      "rev_growth_yoy_accel": -0.007706760670326357,
      "fcf_margin_change": 0.05426999792730654
    }
  ],
  "signals": [
    {
      "quarter": "2025-09 (Q3)",
      "signal": "FCF TURNED POSITIVE",
      "detail": "FCF margin: -3.7% -> +1.7%",
      "severity": "HIGH"
    },
    {
      "quarter": "2024-12 (Q4)",
      "signal": "FCF TURNED POSITIVE",
      "detail": "FCF margin: -2.3% -> +1.2%",
      "severity": "HIGH"
    },
    {
      "quarter": "2024-12 (Q4)",
      "signal": "YoY REVENUE GROWTH ACCELERATION",
      "detail": "YoY growth: +6.6% vs prior quarter YoY: -4.4% (accel: +11.0%)",
      "severity": "MEDIUM"
    },
    {
      "quarter": "2024-09 (Q3)",
      "signal": "INCREMENTAL MARGIN (YoY)",
      "detail": "YoY Incr OPM: +22.4% vs year-ago OPM: +6.1%",
      "severity": "MEDIUM"
    },
    {
      "quarter": "2024-06 (Q2)",
      "signal": "YoY REVENUE GROWTH DECELERATION",
      "detail": "YoY growth: -5.9% vs prior quarter YoY: +1.4% (decel: -7.3%)",
      "severity": "WARNING"
    },
    {
      "quarter": "2024-06 (Q2)",
      "signal": "INCREMENTAL MARGIN (YoY)",
      "detail": "YoY Incr OPM: +40.1% vs year-ago OPM: +6.4%",
      "severity": "HIGH"
    },
    {
      "quarter": "2024-03 (Q1)",
      "signal": "FCF TURNED POSITIVE",
      "detail": "FCF margin: -2.4% -> +3.1%",
      "severity": "HIGH"
    },
    {
      "quarter": "2023-09 (Q3)",
      "signal": "FCF TURNED POSITIVE",
      "detail": "FCF margin: -1.5% -> +2.4%",
      "severity": "HIGH"
    },
    {
      "quarter": "2023-06 (Q2)",
      "signal": "YoY REVENUE GROWTH ACCELERATION",
      "detail": "YoY growth: +0.3% vs prior quarter YoY: -5.2% (accel: +5.5%)",
      "severity": "MEDIUM"
    },
    {
      "quarter": "2023-03 (Q1)",
      "signal": "YoY REVENUE GROWTH DECELERATION",
      "detail": "YoY growth: -5.2% vs prior quarter YoY: +1.7% (decel: -7.0%)",
      "severity": "WARNING"
    },
    {
      "quarter": "2023-03 (Q1)",
      "signal": "INCREMENTAL MARGIN (YoY)",
      "detail": "YoY Incr OPM: +21.4% vs year-ago OPM: +7.7%",
      "severity": "MEDIUM"
    },
    {
      "quarter": "2022-09 (Q3)",
      "signal": "YoY REVENUE GROWTH ACCELERATION",
      "detail": "YoY growth: +4.5% vs prior quarter YoY: -1.6% (accel: +6.1%)",
      "severity": "MEDIUM"
    },
    {
      "quarter": "2022-06 (Q2)",
      "signal": "YoY REVENUE GROWTH DECELERATION",
      "detail": "YoY growth: -1.6% vs prior quarter YoY: +14.4% (decel: -15.9%)",
      "severity": "WARNING"
    },
    {
      "quarter": "2022-03 (Q1)",
      "signal": "FCF MARGIN EXPANSION",
      "detail": "FCF margin: +0.2% -> +8.7% (+8.5%)",
      "severity": "MEDIUM"
    },
    {
      "quarter": "2022-03 (Q1)",
      "signal": "OPERATING LEVERAGE",
      "detail": "Rev growth +2.6% vs OpEx growth +0.1% (leverage: 29.2x)",
      "severity": "MEDIUM"
    },
    {
      "quarter": "2022-03 (Q1)",
      "signal": "INCREMENTAL MARGIN (YoY)",
      "detail": "YoY Incr OPM: +21.4% vs year-ago OPM: +5.7%",
      "severity": "MEDIUM"
    },
    {
      "quarter": "2021-12 (Q4)",
      "signal": "INCREMENTAL MARGIN (YoY)",
      "detail": "YoY Incr OPM: +28.0% vs year-ago OPM: +5.3%",
      "severity": "HIGH"
    },
    {
      "quarter": "2021-03 (Q1)",
      "signal": "FCF MARGIN EXPANSION",
      "detail": "FCF margin: +0.0% -> +8.2% (+8.2%)",
      "severity": "MEDIUM"
    }
  ],
  "data_quality": {
    "n_quarters": 20,
    "coverage": {
      "revenue": [
        20,
        20
      ],
      "gross_profit": [
        20,
        20
      ],
      "op_income": [
        20,
        20
      ],
      "fcf": [
        20,
        20
      ]
    },
    "gaps": [],
    "warnings": []
  },
  "market_cap": null,
  "source": "SEC EDGAR",
  "last_updated": "2026-02-02T20:46:51.690722",
  "sector": "Consumer Cyclical",
  "industry": "Auto & Truck Dealerships"
}