{
  "ticker": "ANET",
  "name": "ARISTA NETWORKS,\u00a0INC.",
  "sector": "Technology",
  "industry": "Computer Hardware",
  "quarters": [
    {
      "date": "2021-03-31T00:00:00",
      "quarter_label": "2021-03 (Q1)",
      "revenue": 667562000,
      "gross_profit": 425272000,
      "operating_income": 206292000,
      "net_income": 180366000,
      "opex": 218980000,
      "cogs": 242290000,
      "rd": 132487000,
      "sga": null,
      "fcf": 249579000,
      "ocf": 254675000,
      "capex": -5096000,
      "gross_margin": 0.6370524385749938,
      "op_margin": 0.3090229821349927,
      "fcf_margin": 0.37386639742825384
    },
    {
      "date": "2021-06-30T00:00:00",
      "quarter_label": "2021-06 (Q2)",
      "revenue": 707319000,
      "gross_profit": 454178000,
      "operating_income": 219365000,
      "net_income": 196888000,
      "opex": 234813000,
      "cogs": 253141000,
      "rd": 143293000,
      "sga": null,
      "fcf": 258895000,
      "ocf": 263366000,
      "capex": -4471000,
      "gross_margin": 0.6421119749363441,
      "op_margin": 0.3101358792850185,
      "fcf_margin": 0.3660229684201895,
      "op_leverage_ratio": 0.8236889471158417,
      "fcf_margin_change": -0.00784342900806434
    },
    {
      "date": "2021-09-30T00:00:00",
      "quarter_label": "2021-09 (Q3)",
      "revenue": 748697000,
      "gross_profit": 478615000,
      "operating_income": 233294000,
      "net_income": 224305000,
      "opex": 245321000,
      "cogs": 270082000,
      "rd": 153093000,
      "sga": null,
      "fcf": 226691000,
      "ocf": 272579000,
      "capex": -45888000,
      "gross_margin": 0.6392639478988162,
      "op_margin": 0.3116000197676764,
      "fcf_margin": 0.3027806976654107,
      "op_leverage_ratio": 1.3072427565531548,
      "fcf_margin_change": -0.06324227075477878
    },
    {
      "date": "2021-12-31T00:00:00",
      "quarter_label": "2021-12 (Q4)",
      "revenue": 824459000,
      "gross_profit": 522714000,
      "operating_income": 265788000,
      "net_income": 239295000,
      "opex": 256926000,
      "cogs": 301745000,
      "rd": 157879000,
      "sga": null,
      "fcf": 225236000,
      "ocf": 225236000,
      "capex": null,
      "gross_margin": 0.63400848313864,
      "op_margin": 0.32237867498565725,
      "fcf_margin": 0.27319248137263347,
      "op_leverage_ratio": 2.1391188731642754,
      "fcf_margin_change": -0.029588216292777247
    },
    {
      "date": "2022-03-31T00:00:00",
      "quarter_label": "2022-03 (Q1)",
      "revenue": 877066000,
      "gross_profit": 553845000,
      "operating_income": 277987000,
      "net_income": 272259000,
      "opex": 275858000,
      "cogs": 323221000,
      "rd": 172006000,
      "sga": null,
      "fcf": 202262000,
      "ocf": 217138000,
      "capex": -14876000,
      "gross_margin": 0.6314747122793496,
      "op_margin": 0.3169510618357113,
      "fcf_margin": 0.23061206340229812,
      "incr_op_margin_yoy": 0.3422130365052696,
      "rev_growth_yoy": 0.31383452023931857,
      "op_leverage_ratio": 0.8659364735634884,
      "fcf_margin_change": -0.04258041797033535
    },
    {
      "date": "2022-06-30T00:00:00",
      "quarter_label": "2022-06 (Q2)",
      "revenue": 1051891000,
      "gross_profit": 643265000,
      "operating_income": 362853000,
      "net_income": 299099000,
      "opex": 280412000,
      "cogs": 408626000,
      "rd": 178158000,
      "sga": null,
      "fcf": 92229000,
      "ocf": 101097000,
      "capex": -8868000,
      "gross_margin": 0.6115319933339101,
      "op_margin": 0.3449530417124968,
      "fcf_margin": 0.08767923672699927,
      "incr_op_margin_yoy": 0.4164238533601105,
      "rev_growth_yoy": 0.48715219017161987,
      "rev_growth_yoy_accel": 0.1733176699323013,
      "op_leverage_ratio": 12.074351600528997,
      "fcf_margin_change": -0.14293282667529883
    },
    {
      "date": "2022-09-30T00:00:00",
      "quarter_label": "2022-09 (Q3)",
      "revenue": 1176801000,
      "gross_profit": 709980000,
      "operating_income": 417347000,
      "net_income": 353999000,
      "opex": 292633000,
      "cogs": 466821000,
      "rd": 187807000,
      "sga": null,
      "fcf": 123665000,
      "ocf": 134105000,
      "capex": -10440000,
      "gross_margin": 0.6033135593868462,
      "op_margin": 0.3546453478540552,
      "fcf_margin": 0.105085736670856,
      "incr_op_margin_yoy": 0.4299259058546521,
      "rev_growth_yoy": 0.5717987383414118,
      "rev_growth_yoy_accel": 0.08464654816979195,
      "op_leverage_ratio": 2.7246851196326594,
      "fcf_margin_change": 0.01740649994385672
    },
    {
      "date": "2022-12-31T00:00:00",
      "quarter_label": "2022-12 (Q4)",
      "revenue": 1275552000,
      "gross_profit": 768606000,
      "operating_income": 468919000,
      "net_income": 427089000,
      "opex": 299687000,
      "cogs": 506946000,
      "rd": 190423000,
      "sga": null,
      "fcf": 40473000,
      "ocf": 40473000,
      "capex": null,
      "gross_margin": 0.6025673590727779,
      "op_margin": 0.36762044981310055,
      "fcf_margin": 0.03172979227816663,
      "incr_op_margin_yoy": 0.4503084729756392,
      "rev_growth_yoy": 0.5471381839485044,
      "rev_growth_yoy_accel": -0.024660554392907374,
      "op_leverage_ratio": 3.4811787010312796,
      "fcf_margin_change": -0.07335594439268936
    },
    {
      "date": "2023-03-31T00:00:00",
      "quarter_label": "2023-03 (Q1)",
      "revenue": 1351351000,
      "gross_profit": 804507000,
      "operating_income": 484578000,
      "net_income": 436473000,
      "opex": 319929000,
      "cogs": 546844000,
      "rd": 201408000,
      "sga": null,
      "fcf": 368852000,
      "ocf": 374483000,
      "capex": -5631000,
      "gross_margin": 0.595335334787187,
      "op_margin": 0.35858781323283145,
      "fcf_margin": 0.27295055096714327,
      "incr_op_margin_yoy": 0.4355840897350749,
      "rev_growth_yoy": 0.5407631808780639,
      "rev_growth_yoy_accel": -0.006375003070440588,
      "op_leverage_ratio": 0.8797915608622807,
      "fcf_margin_change": 0.24122075868897663
    },
    {
      "date": "2023-06-30T00:00:00",
      "quarter_label": "2023-06 (Q2)",
      "revenue": 1458924000,
      "gross_profit": 884129000,
      "operating_income": 530062000,
      "net_income": 491885000,
      "opex": 354067000,
      "cogs": 574795000,
      "rd": 229676000,
      "sga": null,
      "fcf": 422509000,
      "ocf": 434090000,
      "capex": -11581000,
      "gross_margin": 0.6060144325544031,
      "op_margin": 0.3633239291422994,
      "fcf_margin": 0.2896031595888477,
      "incr_op_margin_yoy": 0.4107996157559706,
      "rev_growth_yoy": 0.3869535911990881,
      "rev_growth_yoy_accel": -0.15380958967897573,
      "op_leverage_ratio": 0.7460203039477032,
      "fcf_margin_change": 0.016652608621704423
    },
    {
      "date": "2023-09-30T00:00:00",
      "quarter_label": "2023-09 (Q3)",
      "revenue": 1509456000,
      "gross_profit": 942419000,
      "operating_income": 602695000,
      "net_income": 545327000,
      "opex": 339724000,
      "cogs": 567037000,
      "rd": 212353000,
      "sga": null,
      "fcf": 687765000,
      "ocf": 698977000,
      "capex": -11212000,
      "gross_margin": 0.6243434720853076,
      "op_margin": 0.39927960801772294,
      "fcf_margin": 0.4556376601901612,
      "incr_op_margin_yoy": 0.5571778569388706,
      "rev_growth_yoy": 0.2826773600634262,
      "rev_growth_yoy_accel": -0.10427623113566192,
      "op_leverage_ratio": null,
      "fcf_margin_change": 0.16603450060131353
    },
    {
      "date": "2023-12-31T00:00:00",
      "quarter_label": "2023-12 (Q4)",
      "revenue": 1540437000,
      "gross_profit": 999226000,
      "operating_income": 639914000,
      "net_income": 613636000,
      "opex": 359312000,
      "cogs": 541211000,
      "rd": 211481000,
      "sga": null,
      "fcf": 526450000,
      "ocf": 526450000,
      "capex": null,
      "gross_margin": 0.6486639830126126,
      "op_margin": 0.41541069190106444,
      "fcf_margin": 0.3417536711984976,
      "incr_op_margin_yoy": 0.6455442928063122,
      "rev_growth_yoy": 0.20766303529765937,
      "rev_growth_yoy_accel": -0.07501432476576683,
      "op_leverage_ratio": 0.35596812194597915,
      "fcf_margin_change": -0.11388398899166363
    },
    {
      "date": "2024-03-31T00:00:00",
      "quarter_label": "2024-03 (Q1)",
      "revenue": 1571374000,
      "gross_profit": 1001379000,
      "operating_income": 660141000,
      "net_income": 637692000,
      "opex": 341238000,
      "cogs": 569995000,
      "rd": 208395000,
      "sga": null,
      "fcf": 504400000,
      "ocf": 513800000,
      "capex": -9400000,
      "gross_margin": 0.6372633122350249,
      "op_margin": 0.42010431634989504,
      "fcf_margin": 0.3209929653920709,
      "incr_op_margin_yoy": 0.7979302163864687,
      "rev_growth_yoy": 0.1628170623324362,
      "rev_growth_yoy_accel": -0.04484597296522316,
      "op_leverage_ratio": null,
      "fcf_margin_change": -0.020760705806426694
    },
    {
      "date": "2024-06-30T00:00:00",
      "quarter_label": "2024-06 (Q2)",
      "revenue": 1690400000,
      "gross_profit": 1097213000,
      "operating_income": 699573000,
      "net_income": 665428000,
      "opex": 397640000,
      "cogs": 593187000,
      "rd": 267482000,
      "sga": null,
      "fcf": 985800000,
      "ocf": 989000000,
      "capex": -3200000,
      "gross_margin": 0.6490848319924278,
      "op_margin": 0.41385056791292,
      "fcf_margin": 0.5831755797444392,
      "incr_op_margin_yoy": 0.732304860979108,
      "rev_growth_yoy": 0.15866213730118908,
      "rev_growth_yoy_accel": -0.00415492503124712,
      "op_leverage_ratio": 0.45827393787850546,
      "fcf_margin_change": 0.26218261435236834
    },
    {
      "date": "2024-09-30T00:00:00",
      "quarter_label": "2024-09 (Q3)",
      "revenue": 1810936000,
      "gross_profit": 1161717000,
      "operating_income": 785250000,
      "net_income": 747938000,
      "opex": 376467000,
      "cogs": 649219000,
      "rd": 235824000,
      "sga": null,
      "fcf": 1167500000,
      "ocf": 1174500000,
      "capex": -7000000,
      "gross_margin": 0.6415008592241802,
      "op_margin": 0.43361554466861335,
      "fcf_margin": 0.6446942354671839,
      "incr_op_margin_yoy": 0.6055293883508027,
      "rev_growth_yoy": 0.19972758397727394,
      "rev_growth_yoy_accel": 0.04106544667608486,
      "op_leverage_ratio": null,
      "fcf_margin_change": 0.06151865572274462
    },
    {
      "date": "2024-12-31T00:00:00",
      "quarter_label": "2024-12 (Q4)",
      "revenue": 1930436000,
      "gross_profit": 1230994000,
      "operating_income": 799652000,
      "net_income": 800996000,
      "opex": 431342000,
      "cogs": 699442000,
      "rd": 285016000,
      "sga": null,
      "fcf": 1030900000,
      "ocf": 1030900000,
      "capex": null,
      "gross_margin": 0.6376766699336316,
      "op_margin": 0.41423388291556934,
      "fcf_margin": 0.5340244380026067,
      "incr_op_margin_yoy": 0.4095856656042708,
      "rev_growth_yoy": 0.25317426158940615,
      "rev_growth_yoy_accel": 0.053446677612132204,
      "op_leverage_ratio": 0.452706972016223,
      "fcf_margin_change": -0.11066979746457717
    },
    {
      "date": "2025-03-31T00:00:00",
      "quarter_label": "2025-03 (Q1)",
      "revenue": 2004800000,
      "gross_profit": 1276100000,
      "operating_income": 858800000,
      "net_income": 813800000,
      "opex": 417300000,
      "cogs": 728700000,
      "rd": 266400000,
      "sga": null,
      "fcf": 613300000,
      "ocf": 641700000,
      "capex": -28400000,
      "gross_margin": 0.6365223463687151,
      "op_margin": 0.4283719074221867,
      "fcf_margin": 0.30591580207501995,
      "incr_op_margin_yoy": 0.4583458306608279,
      "rev_growth_yoy": 0.2758261241435839,
      "rev_growth_yoy_accel": 0.022651862554177726,
      "op_leverage_ratio": null,
      "fcf_margin_change": -0.22810863592758673
    },
    {
      "date": "2025-06-30T00:00:00",
      "quarter_label": "2025-06 (Q2)",
      "revenue": 2204800000,
      "gross_profit": 1438600000,
      "operating_income": 986200000,
      "net_income": 888800000,
      "opex": 452400000,
      "cogs": 766200000,
      "rd": 296500000,
      "sga": null,
      "fcf": 1176100000,
      "ocf": 1200100000,
      "capex": -24000000,
      "gross_margin": 0.6524854862119013,
      "op_margin": 0.4472968069666183,
      "fcf_margin": 0.533427068214804,
      "incr_op_margin_yoy": 0.5572064541213064,
      "rev_growth_yoy": 0.30430667297681024,
      "rev_growth_yoy_accel": 0.02848054883322637,
      "op_leverage_ratio": 1.1860423871597057,
      "fcf_margin_change": 0.22751126613978406
    },
    {
      "date": "2025-09-30T00:00:00",
      "quarter_label": "2025-09 (Q3)",
      "revenue": 2308300000,
      "gross_profit": 1490200000,
      "operating_income": 978200000,
      "net_income": 853000000,
      "opex": 512000000,
      "cogs": 818100000,
      "rd": 326000000,
      "sga": null,
      "fcf": 1238100000,
      "ocf": 1268200000,
      "capex": -30100000,
      "gross_margin": 0.6455833297231729,
      "op_margin": 0.42377507256422475,
      "fcf_margin": 0.5363687562275268,
      "incr_op_margin_yoy": 0.38794524734399755,
      "rev_growth_yoy": 0.2746447141146899,
      "rev_growth_yoy_accel": -0.029661958862120363,
      "op_leverage_ratio": 0.35632597821957707,
      "fcf_margin_change": 0.002941688012722765
    },
    {
      "date": "2025-12-31T00:00:00",
      "quarter_label": "2025-12 (Q4)",
      "revenue": 2487800000,
      "gross_profit": 1563800000,
      "operating_income": 1032900000,
      "net_income": 955800000,
      "opex": 530900000,
      "cogs": 924000000,
      "rd": 348400000,
      "sga": null,
      "fcf": 1261900000,
      "ocf": 1261900000,
      "capex": null,
      "gross_margin": 0.6285875070343275,
      "op_margin": 0.4151861082080553,
      "fcf_margin": 0.5072353083045261,
      "incr_op_margin_yoy": 0.4184841503936386,
      "rev_growth_yoy": 0.28872441251613623,
      "rev_growth_yoy_accel": 0.01407969840144635,
      "op_leverage_ratio": 2.1065916486788994,
      "fcf_margin_change": -0.029133447923000655
    }
  ],
  "signals": [
    {
      "quarter": "2025-12 (Q4)",
      "signal": "OPERATING LEVERAGE",
      "detail": "Rev growth +7.8% vs OpEx growth +3.7% (leverage: 2.1x)",
      "severity": "MEDIUM"
    },
    {
      "quarter": "2025-06 (Q2)",
      "signal": "FCF MARGIN EXPANSION",
      "detail": "FCF margin: +30.6% -> +53.3% (+22.8%)",
      "severity": "MEDIUM"
    },
    {
      "quarter": "2025-06 (Q2)",
      "signal": "INCREMENTAL MARGIN (YoY)",
      "detail": "YoY Incr OPM: +55.7% vs year-ago OPM: +41.4%",
      "severity": "MEDIUM"
    },
    {
      "quarter": "2024-12 (Q4)",
      "signal": "YoY REVENUE GROWTH ACCELERATION",
      "detail": "YoY growth: +25.3% vs prior quarter YoY: +20.0% (accel: +5.3%)",
      "severity": "MEDIUM"
    },
    {
      "quarter": "2024-09 (Q3)",
      "signal": "FCF MARGIN EXPANSION",
      "detail": "FCF margin: +58.3% -> +64.5% (+6.2%)",
      "severity": "MEDIUM"
    },
    {
      "quarter": "2024-09 (Q3)",
      "signal": "INCREMENTAL MARGIN (YoY)",
      "detail": "YoY Incr OPM: +60.6% vs year-ago OPM: +39.9%",
      "severity": "HIGH"
    },
    {
      "quarter": "2024-06 (Q2)",
      "signal": "FCF MARGIN EXPANSION",
      "detail": "FCF margin: +32.1% -> +58.3% (+26.2%)",
      "severity": "MEDIUM"
    },
    {
      "quarter": "2024-06 (Q2)",
      "signal": "INCREMENTAL MARGIN (YoY)",
      "detail": "YoY Incr OPM: +73.2% vs year-ago OPM: +36.3%",
      "severity": "HIGH"
    },
    {
      "quarter": "2024-03 (Q1)",
      "signal": "INCREMENTAL MARGIN (YoY)",
      "detail": "YoY Incr OPM: +79.8% vs year-ago OPM: +35.9%",
      "severity": "HIGH"
    },
    {
      "quarter": "2023-12 (Q4)",
      "signal": "YoY REVENUE GROWTH DECELERATION",
      "detail": "YoY growth: +20.8% vs prior quarter YoY: +28.3% (decel: -7.5%)",
      "severity": "WARNING"
    },
    {
      "quarter": "2023-12 (Q4)",
      "signal": "INCREMENTAL MARGIN (YoY)",
      "detail": "YoY Incr OPM: +64.6% vs year-ago OPM: +36.8%",
      "severity": "HIGH"
    },
    {
      "quarter": "2023-09 (Q3)",
      "signal": "FCF MARGIN EXPANSION",
      "detail": "FCF margin: +29.0% -> +45.6% (+16.6%)",
      "severity": "MEDIUM"
    },
    {
      "quarter": "2023-09 (Q3)",
      "signal": "YoY REVENUE GROWTH DECELERATION",
      "detail": "YoY growth: +28.3% vs prior quarter YoY: +38.7% (decel: -10.4%)",
      "severity": "WARNING"
    },
    {
      "quarter": "2023-09 (Q3)",
      "signal": "INCREMENTAL MARGIN (YoY)",
      "detail": "YoY Incr OPM: +55.7% vs year-ago OPM: +35.5%",
      "severity": "HIGH"
    },
    {
      "quarter": "2023-06 (Q2)",
      "signal": "YoY REVENUE GROWTH DECELERATION",
      "detail": "YoY growth: +38.7% vs prior quarter YoY: +54.1% (decel: -15.4%)",
      "severity": "WARNING"
    },
    {
      "quarter": "2023-03 (Q1)",
      "signal": "FCF MARGIN EXPANSION",
      "detail": "FCF margin: +3.2% -> +27.3% (+24.1%)",
      "severity": "MEDIUM"
    },
    {
      "quarter": "2023-03 (Q1)",
      "signal": "INCREMENTAL MARGIN (YoY)",
      "detail": "YoY Incr OPM: +43.6% vs year-ago OPM: +31.7%",
      "severity": "MEDIUM"
    },
    {
      "quarter": "2022-12 (Q4)",
      "signal": "OPERATING LEVERAGE",
      "detail": "Rev growth +8.4% vs OpEx growth +2.4% (leverage: 3.5x)",
      "severity": "MEDIUM"
    },
    {
      "quarter": "2022-12 (Q4)",
      "signal": "INCREMENTAL MARGIN (YoY)",
      "detail": "YoY Incr OPM: +45.0% vs year-ago OPM: +32.2%",
      "severity": "MEDIUM"
    },
    {
      "quarter": "2022-09 (Q3)",
      "signal": "OPERATING LEVERAGE",
      "detail": "Rev growth +11.9% vs OpEx growth +4.4% (leverage: 2.7x)",
      "severity": "MEDIUM"
    },
    {
      "quarter": "2022-09 (Q3)",
      "signal": "YoY REVENUE GROWTH ACCELERATION",
      "detail": "YoY growth: +57.2% vs prior quarter YoY: +48.7% (accel: +8.5%)",
      "severity": "MEDIUM"
    },
    {
      "quarter": "2022-09 (Q3)",
      "signal": "INCREMENTAL MARGIN (YoY)",
      "detail": "YoY Incr OPM: +43.0% vs year-ago OPM: +31.2%",
      "severity": "MEDIUM"
    },
    {
      "quarter": "2022-06 (Q2)",
      "signal": "OPERATING LEVERAGE",
      "detail": "Rev growth +19.9% vs OpEx growth +1.7% (leverage: 12.1x)",
      "severity": "MEDIUM"
    },
    {
      "quarter": "2022-06 (Q2)",
      "signal": "YoY REVENUE GROWTH ACCELERATION",
      "detail": "YoY growth: +48.7% vs prior quarter YoY: +31.4% (accel: +17.3%)",
      "severity": "HIGH"
    },
    {
      "quarter": "2022-06 (Q2)",
      "signal": "INCREMENTAL MARGIN (YoY)",
      "detail": "YoY Incr OPM: +41.6% vs year-ago OPM: +31.0%",
      "severity": "MEDIUM"
    },
    {
      "quarter": "2021-12 (Q4)",
      "signal": "OPERATING LEVERAGE",
      "detail": "Rev growth +10.1% vs OpEx growth +4.7% (leverage: 2.1x)",
      "severity": "MEDIUM"
    }
  ],
  "data_quality": {
    "n_quarters": 20,
    "coverage": {
      "revenue": [
        20,
        20
      ],
      "gross_profit": [
        20,
        20
      ],
      "op_income": [
        20,
        20
      ],
      "fcf": [
        20,
        20
      ]
    },
    "gaps": [],
    "warnings": []
  },
  "market_cap": null,
  "source": "SEC EDGAR",
  "last_updated": "2026-02-24T10:40:21.577388"
}