{
  "ticker": "ANF",
  "name": "Abercrombie & Fitch Co.",
  "quarters": [
    {
      "date": "2021-01-30T00:00:00",
      "quarter_label": "2021-01 (Q1)",
      "revenue": 1122044000,
      "gross_profit": 679019000,
      "operating_income": 115899000,
      "net_income": 82392000,
      "opex": 563120000,
      "cogs": 443025000,
      "rd": null,
      "sga": null,
      "fcf": 285862000,
      "ocf": 296024000,
      "capex": -10162000,
      "gross_margin": 0.6051625426453865,
      "op_margin": 0.10329274074813466,
      "fcf_margin": 0.2547689751917037
    },
    {
      "date": "2021-05-01T00:00:00",
      "quarter_label": "2021-05 (Q2)",
      "revenue": 781405000,
      "gross_profit": 495134000,
      "operating_income": 57433000,
      "net_income": 41768000,
      "opex": 437701000,
      "cogs": 286271000,
      "rd": null,
      "sga": null,
      "fcf": -145754000,
      "ocf": -131350000,
      "capex": -14404000,
      "gross_margin": 0.633645804672353,
      "op_margin": 0.07349965766791869,
      "fcf_margin": -0.18652811282241602,
      "fcf_margin_change": -0.4412970880141197
    },
    {
      "date": "2021-07-31T00:00:00",
      "quarter_label": "2021-07 (Q3)",
      "revenue": 864850000,
      "gross_profit": 563485000,
      "operating_income": 114787000,
      "net_income": 108500000,
      "opex": 448698000,
      "cogs": 301365000,
      "rd": null,
      "sga": null,
      "fcf": 160430000,
      "ocf": 181295000,
      "capex": -20865000,
      "gross_margin": 0.6515407296062901,
      "op_margin": 0.13272474995663988,
      "fcf_margin": 0.18550037578770884,
      "op_leverage_ratio": 4.250376942510232,
      "fcf_margin_change": 0.37202848861012483
    },
    {
      "date": "2021-10-30T00:00:00",
      "quarter_label": "2021-10 (Q4)",
      "revenue": 905160000,
      "gross_profit": 576244000,
      "operating_income": 72731000,
      "net_income": 47233000,
      "opex": 503513000,
      "cogs": 328916000,
      "rd": null,
      "sga": null,
      "fcf": 54388000,
      "ocf": 81342000,
      "capex": -26954000,
      "gross_margin": 0.6366211498519598,
      "op_margin": 0.08035154005921605,
      "fcf_margin": 0.06008661452118962,
      "op_leverage_ratio": 0.38152827035806625,
      "fcf_margin_change": -0.1254137612665192
    },
    {
      "date": "2022-01-29T00:00:00",
      "quarter_label": "2022-01 (Q1)",
      "revenue": 1161353000,
      "gross_profit": 677132000,
      "operating_income": 98133000,
      "net_income": 65509000,
      "opex": 578999000,
      "cogs": 484221000,
      "rd": null,
      "sga": null,
      "fcf": 111739000,
      "ocf": 146495000,
      "capex": -34756000,
      "gross_margin": 0.5830544201461572,
      "op_margin": 0.08449885607562903,
      "fcf_margin": 0.09621450153398665,
      "incr_op_margin_yoy": -0.4519575669693963,
      "rev_growth_yoy": 0.03503338550003387,
      "op_leverage_ratio": 1.8879312739002254,
      "fcf_margin_change": 0.03612788701279703
    },
    {
      "date": "2022-04-30T00:00:00",
      "quarter_label": "2022-04 (Q2)",
      "revenue": 812762000,
      "gross_profit": 449546000,
      "operating_income": -9726000,
      "net_income": -16469000,
      "opex": 459272000,
      "cogs": 363216000,
      "rd": null,
      "sga": null,
      "fcf": -244079000,
      "ocf": -217787000,
      "capex": -26292000,
      "gross_margin": 0.5531090282272055,
      "op_margin": -0.011966602769322385,
      "fcf_margin": -0.30030808526973457,
      "incr_op_margin_yoy": -2.141754632139554,
      "rev_growth_yoy": 0.040128998406716104,
      "rev_growth_yoy_accel": 0.005095612906682236,
      "fcf_margin_change": -0.3965225868037212
    },
    {
      "date": "2022-07-30T00:00:00",
      "quarter_label": "2022-07 (Q3)",
      "revenue": 805091000,
      "gross_profit": 465891000,
      "operating_income": -2191000,
      "net_income": -16834000,
      "opex": 468082000,
      "cogs": 339200000,
      "rd": null,
      "sga": null,
      "fcf": -75236000,
      "ocf": -41946000,
      "capex": -33290000,
      "gross_margin": 0.5786811677189286,
      "op_margin": -0.0027214314903532644,
      "fcf_margin": -0.09345030561762584,
      "incr_op_margin_yoy": 1.9574959420338358,
      "rev_growth_yoy": -0.06909753136382031,
      "rev_growth_yoy_accel": -0.10922652977053642,
      "fcf_margin_change": 0.20685777965210872
    },
    {
      "date": "2022-10-29T00:00:00",
      "quarter_label": "2022-10 (Q4)",
      "revenue": 880084000,
      "gross_profit": 520816000,
      "operating_income": 17543000,
      "net_income": -2214000,
      "opex": 503273000,
      "cogs": 359268000,
      "rd": null,
      "sga": null,
      "fcf": -102161000,
      "ocf": -41461000,
      "capex": -60700000,
      "gross_margin": 0.5917798755573331,
      "op_margin": 0.019933324546293308,
      "fcf_margin": -0.11608096499879557,
      "incr_op_margin_yoy": 2.2008294783857076,
      "rev_growth_yoy": -0.02770338945600778,
      "rev_growth_yoy_accel": 0.04139414190781253,
      "op_leverage_ratio": 1.2389851133102692,
      "fcf_margin_change": -0.022630659381169732
    },
    {
      "date": "2023-01-28T00:00:00",
      "quarter_label": "2023-01 (Q1)",
      "revenue": 1199814000,
      "gross_profit": 668285000,
      "operating_income": 87022000,
      "net_income": 38333000,
      "opex": 581263000,
      "cogs": 531529000,
      "rd": null,
      "sga": null,
      "fcf": 254567000,
      "ocf": 298851000,
      "capex": -44284000,
      "gross_margin": 0.5569905001941967,
      "op_margin": 0.07252957541752304,
      "fcf_margin": 0.21217205333493358,
      "incr_op_margin_yoy": -0.28889004446062244,
      "rev_growth_yoy": 0.0331174070243931,
      "rev_growth_yoy_accel": 0.06082079648040088,
      "op_leverage_ratio": 2.344358222269006,
      "fcf_margin_change": 0.32825301833372916
    },
    {
      "date": "2023-04-29T00:00:00",
      "quarter_label": "2023-04 (Q2)",
      "revenue": 835994000,
      "gross_profit": 509794000,
      "operating_income": 34008000,
      "net_income": 16571000,
      "opex": 475786000,
      "cogs": 326200000,
      "rd": null,
      "sga": null,
      "fcf": -46951000,
      "ocf": -560000,
      "capex": -46391000,
      "gross_margin": 0.6098058120034354,
      "op_margin": 0.040679717797017685,
      "fcf_margin": -0.05616188632932772,
      "incr_op_margin_yoy": 1.8824896694214877,
      "rev_growth_yoy": 0.028584013524254333,
      "rev_growth_yoy_accel": -0.004533393500138767,
      "fcf_margin_change": -0.2683339396642613
    },
    {
      "date": "2023-07-29T00:00:00",
      "quarter_label": "2023-07 (Q3)",
      "revenue": 935345000,
      "gross_profit": 584380000,
      "operating_income": 89842000,
      "net_income": 56894000,
      "opex": 494538000,
      "cogs": 350965000,
      "rd": null,
      "sga": null,
      "fcf": 173499000,
      "ocf": 216888000,
      "capex": -43389000,
      "gross_margin": 0.6247748157097114,
      "op_margin": 0.09605225879221035,
      "fcf_margin": 0.1854919842411089,
      "incr_op_margin_yoy": 0.7065656333010887,
      "rev_growth_yoy": 0.16178792211066823,
      "rev_growth_yoy_accel": 0.1332039085864139,
      "op_leverage_ratio": 3.0153181839538084,
      "fcf_margin_change": 0.24165387057043664
    },
    {
      "date": "2023-10-28T00:00:00",
      "quarter_label": "2023-10 (Q4)",
      "revenue": 1056431000,
      "gross_profit": 685669000,
      "operating_income": 138020000,
      "net_income": 96211000,
      "opex": 547649000,
      "cogs": 370762000,
      "rd": null,
      "sga": null,
      "fcf": 94993000,
      "ocf": 133814000,
      "capex": -38821000,
      "gross_margin": 0.6490428622408846,
      "op_margin": 0.13064743461712122,
      "fcf_margin": 0.0899187926139994,
      "incr_op_margin_yoy": 0.6831814547454734,
      "rev_growth_yoy": 0.2003751914589971,
      "rev_growth_yoy_accel": 0.03858726934832887,
      "op_leverage_ratio": 1.2054169480317172,
      "fcf_margin_change": -0.0955731916271095
    },
    {
      "date": "2024-02-03T00:00:00",
      "quarter_label": "2024-02 (Q1)",
      "revenue": 1452907000,
      "gross_profit": 913569000,
      "operating_income": 222801000,
      "net_income": 158447000,
      "opex": 690768000,
      "cogs": 539338000,
      "rd": null,
      "sga": null,
      "fcf": 274084000,
      "ocf": 303280000,
      "capex": -29196000,
      "gross_margin": 0.6287869767301004,
      "op_margin": 0.15334842491639175,
      "fcf_margin": 0.18864524708050825,
      "incr_op_margin_yoy": 0.5364786857005133,
      "rev_growth_yoy": 0.2109435295804183,
      "rev_growth_yoy_accel": 0.010568338121421189,
      "op_leverage_ratio": 1.4360870713361553,
      "fcf_margin_change": 0.09872645446650885
    },
    {
      "date": "2024-05-04T00:00:00",
      "quarter_label": "2024-05 (Q2)",
      "revenue": 1020730000,
      "gross_profit": 677457000,
      "operating_income": 129849000,
      "net_income": 113850000,
      "opex": 547608000,
      "cogs": 343273000,
      "rd": null,
      "sga": null,
      "fcf": 56124000,
      "ocf": 95010000,
      "capex": -38886000,
      "gross_margin": 0.6636985294838008,
      "op_margin": 0.12721189736757027,
      "fcf_margin": 0.054984177990261875,
      "incr_op_margin_yoy": 0.5187998007968128,
      "rev_growth_yoy": 0.220977662519109,
      "rev_growth_yoy_accel": 0.01003413293869071,
      "fcf_margin_change": -0.1336610690902464
    },
    {
      "date": "2024-08-03T00:00:00",
      "quarter_label": "2024-08 (Q3)",
      "revenue": 1133974000,
      "gross_profit": 736262000,
      "operating_income": 175625000,
      "net_income": 133168000,
      "opex": 560637000,
      "cogs": 397712000,
      "rd": null,
      "sga": null,
      "fcf": 122346000,
      "ocf": 165109000,
      "capex": -42763000,
      "gross_margin": 0.6492759093241997,
      "op_margin": 0.15487568498043164,
      "fcf_margin": 0.10789136258856023,
      "incr_op_margin_yoy": 0.43187550659772744,
      "rev_growth_yoy": 0.21235907606284313,
      "rev_growth_yoy_accel": -0.00861858645626587,
      "op_leverage_ratio": 4.662974300972477,
      "fcf_margin_change": 0.05290718459829836
    },
    {
      "date": "2024-11-02T00:00:00",
      "quarter_label": "2024-11 (Q4)",
      "revenue": 1208966000,
      "gross_profit": 786932000,
      "operating_income": 179282000,
      "net_income": 131979000,
      "opex": 607650000,
      "cogs": 422034000,
      "rd": null,
      "sga": null,
      "fcf": 92246000,
      "ocf": 142637000,
      "capex": -50391000,
      "gross_margin": 0.6509132597608204,
      "op_margin": 0.14829366582683054,
      "fcf_margin": 0.07630156679344167,
      "incr_op_margin_yoy": 0.27050840790638214,
      "rev_growth_yoy": 0.14438709201074182,
      "rev_growth_yoy_accel": -0.06797198405210131,
      "op_leverage_ratio": 0.7886342421029896,
      "fcf_margin_change": -0.03158979579511856
    },
    {
      "date": "2025-02-01T00:00:00",
      "quarter_label": "2025-02 (Q1)",
      "revenue": 1584917000,
      "gross_profit": 974010000,
      "operating_income": 256064000,
      "net_income": 187226000,
      "opex": 717946000,
      "cogs": 610907000,
      "rd": null,
      "sga": null,
      "fcf": 256757000,
      "ocf": 307620000,
      "capex": -50863000,
      "gross_margin": 0.6145495316158511,
      "op_margin": 0.1615630345311458,
      "fcf_margin": 0.16200028140274852,
      "incr_op_margin_yoy": 0.25197333535338234,
      "rev_growth_yoy": 0.0908592222351465,
      "rev_growth_yoy_accel": -0.053527869775595316,
      "op_leverage_ratio": 1.7132111677583721,
      "fcf_margin_change": 0.08569871460930685
    },
    {
      "date": "2025-05-03T00:00:00",
      "quarter_label": "2025-05 (Q2)",
      "revenue": 1097311000,
      "gross_profit": 680178000,
      "operating_income": 101533000,
      "net_income": 80413000,
      "opex": 578645000,
      "cogs": 417133000,
      "rd": null,
      "sga": null,
      "fcf": -54764000,
      "ocf": -4000000,
      "capex": -50764000,
      "gross_margin": 0.6198589096436653,
      "op_margin": 0.09252891841966407,
      "fcf_margin": -0.049907455589162965,
      "incr_op_margin_yoy": -0.3697522884266332,
      "rev_growth_yoy": 0.07502571688889324,
      "rev_growth_yoy_accel": -0.01583350534625326,
      "fcf_margin_change": -0.21190773699191148
    },
    {
      "date": "2025-08-02T00:00:00",
      "quarter_label": "2025-08 (Q3)",
      "revenue": 1208560000,
      "gross_profit": 756970000,
      "operating_income": 206658000,
      "net_income": 141383000,
      "opex": 550312000,
      "cogs": 451590000,
      "rd": null,
      "sga": null,
      "fcf": 50714000,
      "ocf": 116893000,
      "capex": -66179000,
      "gross_margin": 0.6263404382074536,
      "op_margin": 0.17099523399748462,
      "fcf_margin": 0.04196233534123254,
      "incr_op_margin_yoy": 0.41607003995387876,
      "rev_growth_yoy": 0.06577399481822334,
      "rev_growth_yoy_accel": -0.009251722070669904,
      "op_leverage_ratio": Infinity,
      "fcf_margin_change": 0.0918697909303955
    },
    {
      "date": "2025-11-01T00:00:00",
      "quarter_label": "2025-11 (Q4)",
      "revenue": 1290619000,
      "gross_profit": 806949000,
      "operating_income": 155021000,
      "net_income": 112995000,
      "opex": 651928000,
      "cogs": 483670000,
      "rd": null,
      "sga": null,
      "fcf": 131838000,
      "ocf": 200107000,
      "capex": -68269000,
      "gross_margin": 0.6252418413180032,
      "op_margin": 0.1201136818844291,
      "fcf_margin": 0.10215098336534639,
      "incr_op_margin_yoy": -0.2971231920443829,
      "rev_growth_yoy": 0.06753953378341492,
      "rev_growth_yoy_accel": 0.0017655389651915765,
      "op_leverage_ratio": 0.367709535036469,
      "fcf_margin_change": 0.060188648024113854
    }
  ],
  "signals": [
    {
      "quarter": "2025-11 (Q4)",
      "signal": "FCF MARGIN EXPANSION",
      "detail": "FCF margin: +4.2% -> +10.2% (+6.0%)",
      "severity": "MEDIUM"
    },
    {
      "quarter": "2025-08 (Q3)",
      "signal": "FCF TURNED POSITIVE",
      "detail": "FCF margin: -5.0% -> +4.2%",
      "severity": "HIGH"
    },
    {
      "quarter": "2025-08 (Q3)",
      "signal": "INCREMENTAL MARGIN (YoY)",
      "detail": "YoY Incr OPM: +41.6% vs year-ago OPM: +15.5%",
      "severity": "HIGH"
    },
    {
      "quarter": "2025-02 (Q1)",
      "signal": "FCF MARGIN EXPANSION",
      "detail": "FCF margin: +7.6% -> +16.2% (+8.6%)",
      "severity": "MEDIUM"
    },
    {
      "quarter": "2025-02 (Q1)",
      "signal": "OPERATING LEVERAGE",
      "detail": "Rev growth +31.1% vs OpEx growth +18.2% (leverage: 1.7x)",
      "severity": "MEDIUM"
    },
    {
      "quarter": "2025-02 (Q1)",
      "signal": "YoY REVENUE GROWTH DECELERATION",
      "detail": "YoY growth: +9.1% vs prior quarter YoY: +14.4% (decel: -5.4%)",
      "severity": "WARNING"
    },
    {
      "quarter": "2024-11 (Q4)",
      "signal": "YoY REVENUE GROWTH DECELERATION",
      "detail": "YoY growth: +14.4% vs prior quarter YoY: +21.2% (decel: -6.8%)",
      "severity": "WARNING"
    },
    {
      "quarter": "2024-11 (Q4)",
      "signal": "INCREMENTAL MARGIN (YoY)",
      "detail": "YoY Incr OPM: +27.1% vs year-ago OPM: +13.1%",
      "severity": "MEDIUM"
    },
    {
      "quarter": "2024-08 (Q3)",
      "signal": "FCF MARGIN EXPANSION",
      "detail": "FCF margin: +5.5% -> +10.8% (+5.3%)",
      "severity": "MEDIUM"
    },
    {
      "quarter": "2024-08 (Q3)",
      "signal": "OPERATING LEVERAGE",
      "detail": "Rev growth +11.1% vs OpEx growth +2.4% (leverage: 4.7x)",
      "severity": "MEDIUM"
    },
    {
      "quarter": "2024-08 (Q3)",
      "signal": "INCREMENTAL MARGIN (YoY)",
      "detail": "YoY Incr OPM: +43.2% vs year-ago OPM: +9.6%",
      "severity": "HIGH"
    },
    {
      "quarter": "2024-05 (Q2)",
      "signal": "GROSS MARGIN INFLECTION",
      "detail": "GM: +64.9% -> +62.9% -> +66.4% (reversal +3.5%)",
      "severity": "MEDIUM"
    },
    {
      "quarter": "2024-05 (Q2)",
      "signal": "INCREMENTAL MARGIN (YoY)",
      "detail": "YoY Incr OPM: +51.9% vs year-ago OPM: +4.1%",
      "severity": "HIGH"
    },
    {
      "quarter": "2024-02 (Q1)",
      "signal": "FCF MARGIN EXPANSION",
      "detail": "FCF margin: +9.0% -> +18.9% (+9.9%)",
      "severity": "MEDIUM"
    },
    {
      "quarter": "2024-02 (Q1)",
      "signal": "INCREMENTAL MARGIN (YoY)",
      "detail": "YoY Incr OPM: +53.6% vs year-ago OPM: +7.3%",
      "severity": "HIGH"
    },
    {
      "quarter": "2023-10 (Q4)",
      "signal": "INCREMENTAL MARGIN (YoY)",
      "detail": "YoY Incr OPM: +68.3% vs year-ago OPM: +2.0%",
      "severity": "HIGH"
    },
    {
      "quarter": "2023-07 (Q3)",
      "signal": "FCF TURNED POSITIVE",
      "detail": "FCF margin: -5.6% -> +18.5%",
      "severity": "HIGH"
    },
    {
      "quarter": "2023-07 (Q3)",
      "signal": "OPERATING LEVERAGE",
      "detail": "Rev growth +11.9% vs OpEx growth +3.9% (leverage: 3.0x)",
      "severity": "MEDIUM"
    },
    {
      "quarter": "2023-07 (Q3)",
      "signal": "YoY REVENUE GROWTH ACCELERATION",
      "detail": "YoY growth: +16.2% vs prior quarter YoY: +2.9% (accel: +13.3%)",
      "severity": "MEDIUM"
    },
    {
      "quarter": "2023-07 (Q3)",
      "signal": "OP MARGIN TURNED POSITIVE (YoY)",
      "detail": "Op margin: -0.3% (year-ago) -> +9.6%",
      "severity": "HIGH"
    },
    {
      "quarter": "2023-04 (Q2)",
      "signal": "GROSS MARGIN INFLECTION",
      "detail": "GM: +59.2% -> +55.7% -> +61.0% (reversal +5.3%)",
      "severity": "HIGH"
    },
    {
      "quarter": "2023-04 (Q2)",
      "signal": "OP MARGIN TURNED POSITIVE (YoY)",
      "detail": "Op margin: -1.2% (year-ago) -> +4.1%",
      "severity": "HIGH"
    },
    {
      "quarter": "2023-01 (Q1)",
      "signal": "FCF TURNED POSITIVE",
      "detail": "FCF margin: -11.6% -> +21.2%",
      "severity": "HIGH"
    },
    {
      "quarter": "2023-01 (Q1)",
      "signal": "OPERATING LEVERAGE",
      "detail": "Rev growth +36.3% vs OpEx growth +15.5% (leverage: 2.3x)",
      "severity": "MEDIUM"
    },
    {
      "quarter": "2023-01 (Q1)",
      "signal": "YoY REVENUE GROWTH ACCELERATION",
      "detail": "YoY growth: +3.3% vs prior quarter YoY: -2.8% (accel: +6.1%)",
      "severity": "MEDIUM"
    },
    {
      "quarter": "2022-10 (Q4)",
      "signal": "INCREMENTAL MARGIN (YoY)",
      "detail": "YoY Incr OPM: +220.1% vs year-ago OPM: +8.0%",
      "severity": "HIGH"
    },
    {
      "quarter": "2022-10 (Q4)",
      "signal": "OP MARGIN TURNED POSITIVE (QoQ)",
      "detail": "Op margin: -0.3% -> +2.0%",
      "severity": "HIGH"
    },
    {
      "quarter": "2022-07 (Q3)",
      "signal": "FCF MARGIN EXPANSION",
      "detail": "FCF margin: -30.0% -> -9.3% (+20.7%)",
      "severity": "MEDIUM"
    },
    {
      "quarter": "2022-07 (Q3)",
      "signal": "GROSS MARGIN INFLECTION",
      "detail": "GM: +58.3% -> +55.3% -> +57.9% (reversal +2.6%)",
      "severity": "MEDIUM"
    },
    {
      "quarter": "2022-07 (Q3)",
      "signal": "YoY REVENUE GROWTH DECELERATION",
      "detail": "YoY growth: -6.9% vs prior quarter YoY: +4.0% (decel: -10.9%)",
      "severity": "WARNING"
    },
    {
      "quarter": "2022-01 (Q1)",
      "signal": "OPERATING LEVERAGE",
      "detail": "Rev growth +28.3% vs OpEx growth +15.0% (leverage: 1.9x)",
      "severity": "MEDIUM"
    },
    {
      "quarter": "2021-07 (Q3)",
      "signal": "FCF TURNED POSITIVE",
      "detail": "FCF margin: -18.7% -> +18.6%",
      "severity": "HIGH"
    },
    {
      "quarter": "2021-07 (Q3)",
      "signal": "OPERATING LEVERAGE",
      "detail": "Rev growth +10.7% vs OpEx growth +2.5% (leverage: 4.3x)",
      "severity": "MEDIUM"
    }
  ],
  "data_quality": {
    "n_quarters": 20,
    "coverage": {
      "revenue": [
        20,
        20
      ],
      "gross_profit": [
        20,
        20
      ],
      "op_income": [
        20,
        20
      ],
      "fcf": [
        20,
        20
      ]
    },
    "gaps": [],
    "warnings": []
  },
  "market_cap": null,
  "source": "SEC EDGAR",
  "last_updated": "2026-02-02T21:08:28.197771"
}