{
  "ticker": "ANGI",
  "name": "Angi Inc.",
  "quarters": [
    {
      "date": "2020-12-31T00:00:00",
      "quarter_label": "2020-12 (Q4)",
      "revenue": 359301000,
      "gross_profit": 308544000,
      "operating_income": -4697000,
      "net_income": null,
      "opex": 363998000,
      "cogs": 50757000,
      "rd": 18735000,
      "sga": null,
      "fcf": 383000,
      "ocf": 15234000,
      "capex": -14851000,
      "gross_margin": 0.8587340419314168,
      "op_margin": -0.013072604863331859,
      "fcf_margin": 0.0010659586252195234
    },
    {
      "date": "2021-03-31T00:00:00",
      "quarter_label": "2021-03 (Q1)",
      "revenue": 387029000,
      "gross_profit": 333201000,
      "operating_income": 109000,
      "net_income": null,
      "opex": 386920000,
      "cogs": 53828000,
      "rd": 18047000,
      "sga": null,
      "fcf": -3398000,
      "ocf": 15345000,
      "capex": -18743000,
      "gross_margin": 0.8609199827403115,
      "op_margin": 0.00028163264251516036,
      "fcf_margin": -0.008779703846481789,
      "op_leverage_ratio": 1.2254810744110662,
      "fcf_margin_change": -0.009845662471701312
    },
    {
      "date": "2021-06-30T00:00:00",
      "quarter_label": "2021-06 (Q2)",
      "revenue": 420988000,
      "gross_profit": 351284000,
      "operating_income": -32731000,
      "net_income": null,
      "opex": 453719000,
      "cogs": 69704000,
      "rd": 18752000,
      "sga": null,
      "fcf": 26938000,
      "ocf": 43908000,
      "capex": -16970000,
      "gross_margin": 0.8344275846342414,
      "op_margin": -0.07774805932710671,
      "fcf_margin": 0.06398757209231618,
      "op_leverage_ratio": 0.508232698649573,
      "fcf_margin_change": 0.07276727593879796
    },
    {
      "date": "2021-09-30T00:00:00",
      "quarter_label": "2021-09 (Q3)",
      "revenue": 461565000,
      "gross_profit": 362098000,
      "operating_income": -14973000,
      "net_income": null,
      "opex": 476538000,
      "cogs": 99467000,
      "rd": 17675000,
      "sga": null,
      "fcf": -49708000,
      "ocf": -33365000,
      "capex": -16343000,
      "gross_margin": 0.7845005578845883,
      "op_margin": -0.032439634721003544,
      "fcf_margin": -0.1076944742343982,
      "op_leverage_ratio": 1.9164636050359791,
      "fcf_margin_change": -0.17168204632671435
    },
    {
      "date": "2021-12-31T00:00:00",
      "quarter_label": "2021-12 (Q4)",
      "revenue": 415856000,
      "gross_profit": 312975000,
      "operating_income": -28918000,
      "net_income": null,
      "opex": 444774000,
      "cogs": 102881000,
      "rd": 16459000,
      "sga": null,
      "fcf": -37532000,
      "ocf": -19679000,
      "capex": -17853000,
      "gross_margin": 0.752604266861606,
      "op_margin": -0.0695384940941095,
      "fcf_margin": -0.0902523950598284,
      "incr_op_margin_yoy": -0.4282733622137742,
      "rev_growth_yoy": 0.15740284608169752,
      "fcf_margin_change": 0.01744207917456979
    },
    {
      "date": "2022-03-31T00:00:00",
      "quarter_label": "2022-03 (Q1)",
      "revenue": 436159000,
      "gross_profit": 337161000,
      "operating_income": -33957000,
      "net_income": null,
      "opex": 470116000,
      "cogs": 98998000,
      "rd": 17859000,
      "sga": null,
      "fcf": -27638000,
      "ocf": -735000,
      "capex": -26903000,
      "gross_margin": 0.7730231406436644,
      "op_margin": -0.07785463558014394,
      "fcf_margin": -0.06336679972211968,
      "incr_op_margin_yoy": -0.6933848972114798,
      "rev_growth_yoy": 0.12694139198871401,
      "rev_growth_yoy_accel": -0.03046145409298351,
      "op_leverage_ratio": 0.8568715983581684,
      "fcf_margin_change": 0.02688559533770872
    },
    {
      "date": "2022-06-30T00:00:00",
      "quarter_label": "2022-06 (Q2)",
      "revenue": 515782000,
      "gross_profit": 388011000,
      "operating_income": -20886000,
      "net_income": null,
      "opex": 408897000,
      "cogs": 127771000,
      "rd": 20954000,
      "sga": null,
      "fcf": -27421000,
      "ocf": 7814000,
      "capex": -35235000,
      "gross_margin": 0.7522771248318088,
      "op_margin": -0.040493852053774655,
      "fcf_margin": -0.053163933599854205,
      "incr_op_margin_yoy": 0.1249551659387725,
      "rev_growth_yoy": 0.22517031364314422,
      "rev_growth_yoy_accel": 0.0982289216544302,
      "op_leverage_ratio": Infinity,
      "fcf_margin_change": 0.01020286612226548
    },
    {
      "date": "2022-09-30T00:00:00",
      "quarter_label": "2022-09 (Q3)",
      "revenue": 498036000,
      "gross_profit": 388979000,
      "operating_income": -11058000,
      "net_income": null,
      "opex": 400037000,
      "cogs": 109057000,
      "rd": 15816000,
      "sga": null,
      "fcf": -29104000,
      "ocf": 4279000,
      "capex": -33383000,
      "gross_margin": 0.7810258696158511,
      "op_margin": -0.022203214225477677,
      "fcf_margin": -0.058437542667598326,
      "incr_op_margin_yoy": 0.10734556222752324,
      "rev_growth_yoy": 0.07901595658249651,
      "rev_growth_yoy_accel": -0.14615435706064772,
      "fcf_margin_change": -0.005273609067744121
    },
    {
      "date": "2022-12-31T00:00:00",
      "quarter_label": "2022-12 (Q4)",
      "revenue": 441547000,
      "gross_profit": 339313000,
      "operating_income": -60404000,
      "net_income": null,
      "opex": 399717000,
      "cogs": 102234000,
      "rd": 19192000,
      "sga": null,
      "fcf": -4247000,
      "ocf": 15711000,
      "capex": -19958000,
      "gross_margin": 0.7684640593187135,
      "op_margin": -0.1368008388687954,
      "fcf_margin": -0.009618455113498675,
      "incr_op_margin_yoy": -1.2255653730878517,
      "rev_growth_yoy": 0.06177859643722827,
      "rev_growth_yoy_accel": -0.017237360145268235,
      "fcf_margin_change": 0.04881908755409965
    },
    {
      "date": "2023-03-31T00:00:00",
      "quarter_label": "2023-03 (Q1)",
      "revenue": 392407000,
      "gross_profit": 350366000,
      "operating_income": -10470000,
      "net_income": null,
      "opex": 360836000,
      "cogs": 42041000,
      "rd": 25312000,
      "sga": null,
      "fcf": 7198000,
      "ocf": 19060000,
      "capex": -11862000,
      "gross_margin": 0.8928637868335683,
      "op_margin": -0.026681481217205604,
      "fcf_margin": 0.01834319979001394,
      "incr_op_margin_yoy": -0.5368211738891936,
      "rev_growth_yoy": -0.10031204216810842,
      "rev_growth_yoy_accel": -0.16209063860533668,
      "fcf_margin_change": 0.027961654903512614
    },
    {
      "date": "2023-06-30T00:00:00",
      "quarter_label": "2023-06 (Q2)",
      "revenue": 375068000,
      "gross_profit": 343406000,
      "operating_income": -16683000,
      "net_income": null,
      "opex": 360089000,
      "cogs": 31662000,
      "rd": 25549000,
      "sga": null,
      "fcf": 48266000,
      "ocf": 58719000,
      "capex": -10453000,
      "gross_margin": 0.9155833075602291,
      "op_margin": -0.04447993430524598,
      "fcf_margin": 0.12868599827231328,
      "incr_op_margin_yoy": -0.02986909618090595,
      "rev_growth_yoy": -0.2728168102027601,
      "rev_growth_yoy_accel": -0.1725047680346517,
      "fcf_margin_change": 0.11034279848229933
    },
    {
      "date": "2023-09-30T00:00:00",
      "quarter_label": "2023-09 (Q3)",
      "revenue": 371837000,
      "gross_profit": 343100000,
      "operating_income": -10108000,
      "net_income": null,
      "opex": 353208000,
      "cogs": 28737000,
      "rd": 21497000,
      "sga": null,
      "fcf": -2771000,
      "ocf": 11019000,
      "capex": -13790000,
      "gross_margin": 0.9227161363715821,
      "op_margin": -0.027183954259527698,
      "fcf_margin": -0.007452190072531782,
      "incr_op_margin_yoy": -0.007527793405652977,
      "rev_growth_yoy": -0.25339332899629746,
      "rev_growth_yoy_accel": 0.019423481206462645,
      "fcf_margin_change": -0.13613818834484506
    },
    {
      "date": "2023-12-31T00:00:00",
      "quarter_label": "2023-12 (Q4)",
      "revenue": 219436000,
      "gross_profit": 259329000,
      "operating_income": 10763000,
      "net_income": null,
      "opex": 248566000,
      "cogs": -39893000,
      "rd": 24185000,
      "sga": null,
      "fcf": null,
      "ocf": null,
      "capex": -11675000,
      "gross_margin": 1.1817978818425419,
      "op_margin": 0.04904846971326492,
      "fcf_margin": null,
      "incr_op_margin_yoy": -0.3204118661390026,
      "rev_growth_yoy": -0.5030291226075593,
      "rev_growth_yoy_accel": -0.2496357936112618
    },
    {
      "date": "2024-03-31T00:00:00",
      "quarter_label": "2024-03 (Q1)",
      "revenue": 305390000,
      "gross_profit": 292893000,
      "operating_income": 2716000,
      "net_income": null,
      "opex": 290177000,
      "cogs": 12497000,
      "rd": 23756000,
      "sga": null,
      "fcf": 9498000,
      "ocf": 22296000,
      "capex": -12798000,
      "gross_margin": 0.9590785552899571,
      "op_margin": 0.008893545957627952,
      "fcf_margin": 0.031101214840040605,
      "incr_op_margin_yoy": -0.15153360837537494,
      "rev_growth_yoy": -0.22175190554704682,
      "rev_growth_yoy_accel": 0.28127721706051245,
      "op_leverage_ratio": 2.3398702980019674
    },
    {
      "date": "2024-06-30T00:00:00",
      "quarter_label": "2024-06 (Q2)",
      "revenue": 315134000,
      "gross_profit": 300982000,
      "operating_income": 9187000,
      "net_income": null,
      "opex": 291795000,
      "cogs": 14152000,
      "rd": 24779000,
      "sga": null,
      "fcf": 50046000,
      "ocf": 62692000,
      "capex": -12646000,
      "gross_margin": 0.9550921195427977,
      "op_margin": 0.029152677908445297,
      "fcf_margin": 0.15880863378753166,
      "incr_op_margin_yoy": -0.4316414722861815,
      "rev_growth_yoy": -0.15979502383567779,
      "rev_growth_yoy_accel": 0.06195688171136904,
      "op_leverage_ratio": 5.722251378822136,
      "fcf_margin_change": 0.12770741894749105
    },
    {
      "date": "2024-09-30T00:00:00",
      "quarter_label": "2024-09 (Q3)",
      "revenue": 296719000,
      "gross_profit": 281969000,
      "operating_income": 7817000,
      "net_income": null,
      "opex": 274152000,
      "cogs": 14750000,
      "rd": 24314000,
      "sga": null,
      "fcf": 18813000,
      "ocf": 30916000,
      "capex": -12103000,
      "gross_margin": 0.9502896680023861,
      "op_margin": 0.02634479086273545,
      "fcf_margin": 0.06340342209295663,
      "incr_op_margin_yoy": -0.23862456401927634,
      "rev_growth_yoy": -0.20201862644115567,
      "rev_growth_yoy_accel": -0.04222360260547789,
      "fcf_margin_change": -0.09540521169457503
    },
    {
      "date": "2024-12-31T00:00:00",
      "quarter_label": "2024-12 (Q4)",
      "revenue": 267869000,
      "gross_profit": 251690000,
      "operating_income": 2165000,
      "net_income": null,
      "opex": 249525000,
      "cogs": 16179000,
      "rd": 22511000,
      "sga": null,
      "fcf": null,
      "ocf": null,
      "capex": -12945000,
      "gross_margin": 0.9396010736591394,
      "op_margin": 0.008082308889793145,
      "fcf_margin": null,
      "incr_op_margin_yoy": -0.17752358928829517,
      "rev_growth_yoy": 0.22071583514099782,
      "rev_growth_yoy_accel": 0.4227344615821535
    },
    {
      "date": "2025-03-31T00:00:00",
      "quarter_label": "2025-03 (Q1)",
      "revenue": 245913000,
      "gross_profit": 232898000,
      "operating_income": 20003000,
      "net_income": null,
      "opex": 212895000,
      "cogs": 13015000,
      "rd": 27087000,
      "sga": null,
      "fcf": -15687000,
      "ocf": -3113000,
      "capex": -12574000,
      "gross_margin": 0.9470747784785676,
      "op_margin": 0.08134177534331247,
      "fcf_margin": -0.06379085286259775,
      "incr_op_margin_yoy": -0.29065016729155807,
      "rev_growth_yoy": -0.1947575231670978,
      "rev_growth_yoy_accel": -0.4154733583080956
    },
    {
      "date": "2025-06-30T00:00:00",
      "quarter_label": "2025-06 (Q2)",
      "revenue": 278221000,
      "gross_profit": 265079000,
      "operating_income": 17673000,
      "net_income": null,
      "opex": 247406000,
      "cogs": 13142000,
      "rd": 23594000,
      "sga": null,
      "fcf": 44871000,
      "ocf": 57121000,
      "capex": -12250000,
      "gross_margin": 0.9527641694911599,
      "op_margin": 0.0635214451820675,
      "fcf_margin": 0.16127826440132126,
      "incr_op_margin_yoy": -0.22989190799989165,
      "rev_growth_yoy": -0.11713429842543172,
      "rev_growth_yoy_accel": 0.07762322474166608,
      "op_leverage_ratio": 0.8104691798352358,
      "fcf_margin_change": 0.225069117263919
    },
    {
      "date": "2025-09-30T00:00:00",
      "quarter_label": "2025-09 (Q3)",
      "revenue": 265633000,
      "gross_profit": 253173000,
      "operating_income": 21782000,
      "net_income": null,
      "opex": 231391000,
      "cogs": 12460000,
      "rd": 20749000,
      "sga": null,
      "fcf": 4933000,
      "ocf": 20981000,
      "capex": -16048000,
      "gross_margin": 0.9530931774290092,
      "op_margin": 0.08200035387169516,
      "fcf_margin": 0.018570734810810403,
      "incr_op_margin_yoy": -0.44923759891912757,
      "rev_growth_yoy": -0.10476578850697124,
      "rev_growth_yoy_accel": 0.012368509918460474,
      "fcf_margin_change": -0.14270752959051086
    }
  ],
  "signals": [
    {
      "quarter": "2025-06 (Q2)",
      "signal": "FCF TURNED POSITIVE",
      "detail": "FCF margin: -6.4% -> +16.1%",
      "severity": "HIGH"
    },
    {
      "quarter": "2025-06 (Q2)",
      "signal": "YoY REVENUE GROWTH ACCELERATION",
      "detail": "YoY growth: -11.7% vs prior quarter YoY: -19.5% (accel: +7.8%)",
      "severity": "MEDIUM"
    },
    {
      "quarter": "2025-03 (Q1)",
      "signal": "YoY REVENUE GROWTH DECELERATION",
      "detail": "YoY growth: -19.5% vs prior quarter YoY: +22.1% (decel: -41.5%)",
      "severity": "WARNING"
    },
    {
      "quarter": "2024-12 (Q4)",
      "signal": "YoY REVENUE GROWTH ACCELERATION",
      "detail": "YoY growth: +22.1% vs prior quarter YoY: -20.2% (accel: +42.3%)",
      "severity": "HIGH"
    },
    {
      "quarter": "2024-09 (Q3)",
      "signal": "OP MARGIN TURNED POSITIVE (YoY)",
      "detail": "Op margin: -2.7% (year-ago) -> +2.6%",
      "severity": "HIGH"
    },
    {
      "quarter": "2024-06 (Q2)",
      "signal": "FCF MARGIN EXPANSION",
      "detail": "FCF margin: +3.1% -> +15.9% (+12.8%)",
      "severity": "MEDIUM"
    },
    {
      "quarter": "2024-06 (Q2)",
      "signal": "OPERATING LEVERAGE",
      "detail": "Rev growth +3.2% vs OpEx growth +0.6% (leverage: 5.7x)",
      "severity": "MEDIUM"
    },
    {
      "quarter": "2024-06 (Q2)",
      "signal": "YoY REVENUE GROWTH ACCELERATION",
      "detail": "YoY growth: -16.0% vs prior quarter YoY: -22.2% (accel: +6.2%)",
      "severity": "MEDIUM"
    },
    {
      "quarter": "2024-06 (Q2)",
      "signal": "OP MARGIN TURNED POSITIVE (YoY)",
      "detail": "Op margin: -4.4% (year-ago) -> +2.9%",
      "severity": "HIGH"
    },
    {
      "quarter": "2024-03 (Q1)",
      "signal": "OPERATING LEVERAGE",
      "detail": "Rev growth +39.2% vs OpEx growth +16.7% (leverage: 2.3x)",
      "severity": "MEDIUM"
    },
    {
      "quarter": "2024-03 (Q1)",
      "signal": "YoY REVENUE GROWTH ACCELERATION",
      "detail": "YoY growth: -22.2% vs prior quarter YoY: -50.3% (accel: +28.1%)",
      "severity": "HIGH"
    },
    {
      "quarter": "2024-03 (Q1)",
      "signal": "OP MARGIN TURNED POSITIVE (YoY)",
      "detail": "Op margin: -2.7% (year-ago) -> +0.9%",
      "severity": "HIGH"
    },
    {
      "quarter": "2023-12 (Q4)",
      "signal": "YoY REVENUE GROWTH DECELERATION",
      "detail": "YoY growth: -50.3% vs prior quarter YoY: -25.3% (decel: -25.0%)",
      "severity": "WARNING"
    },
    {
      "quarter": "2023-12 (Q4)",
      "signal": "OP MARGIN TURNED POSITIVE (YoY)",
      "detail": "Op margin: -13.7% (year-ago) -> +4.9%",
      "severity": "HIGH"
    },
    {
      "quarter": "2023-12 (Q4)",
      "signal": "OP MARGIN TURNED POSITIVE (QoQ)",
      "detail": "Op margin: -2.7% -> +4.9%",
      "severity": "HIGH"
    },
    {
      "quarter": "2023-06 (Q2)",
      "signal": "FCF MARGIN EXPANSION",
      "detail": "FCF margin: +1.8% -> +12.9% (+11.0%)",
      "severity": "MEDIUM"
    },
    {
      "quarter": "2023-06 (Q2)",
      "signal": "YoY REVENUE GROWTH DECELERATION",
      "detail": "YoY growth: -27.3% vs prior quarter YoY: -10.0% (decel: -17.3%)",
      "severity": "WARNING"
    },
    {
      "quarter": "2023-03 (Q1)",
      "signal": "FCF TURNED POSITIVE",
      "detail": "FCF margin: -1.0% -> +1.8%",
      "severity": "HIGH"
    },
    {
      "quarter": "2023-03 (Q1)",
      "signal": "GROSS MARGIN INFLECTION",
      "detail": "GM: +78.1% -> +76.8% -> +89.3% (reversal +12.4%)",
      "severity": "HIGH"
    },
    {
      "quarter": "2023-03 (Q1)",
      "signal": "YoY REVENUE GROWTH DECELERATION",
      "detail": "YoY growth: -10.0% vs prior quarter YoY: +6.2% (decel: -16.2%)",
      "severity": "WARNING"
    },
    {
      "quarter": "2022-09 (Q3)",
      "signal": "GROSS MARGIN INFLECTION",
      "detail": "GM: +77.3% -> +75.2% -> +78.1% (reversal +2.9%)",
      "severity": "MEDIUM"
    },
    {
      "quarter": "2022-09 (Q3)",
      "signal": "YoY REVENUE GROWTH DECELERATION",
      "detail": "YoY growth: +7.9% vs prior quarter YoY: +22.5% (decel: -14.6%)",
      "severity": "WARNING"
    },
    {
      "quarter": "2022-06 (Q2)",
      "signal": "YoY REVENUE GROWTH ACCELERATION",
      "detail": "YoY growth: +22.5% vs prior quarter YoY: +12.7% (accel: +9.8%)",
      "severity": "MEDIUM"
    },
    {
      "quarter": "2022-03 (Q1)",
      "signal": "GROSS MARGIN INFLECTION",
      "detail": "GM: +78.5% -> +75.3% -> +77.3% (reversal +2.0%)",
      "severity": "MEDIUM"
    },
    {
      "quarter": "2021-09 (Q3)",
      "signal": "OPERATING LEVERAGE",
      "detail": "Rev growth +9.6% vs OpEx growth +5.0% (leverage: 1.9x)",
      "severity": "MEDIUM"
    },
    {
      "quarter": "2021-06 (Q2)",
      "signal": "FCF TURNED POSITIVE",
      "detail": "FCF margin: -0.9% -> +6.4%",
      "severity": "HIGH"
    },
    {
      "quarter": "2021-03 (Q1)",
      "signal": "OP MARGIN TURNED POSITIVE (QoQ)",
      "detail": "Op margin: -1.3% -> +0.0%",
      "severity": "HIGH"
    }
  ],
  "data_quality": {
    "n_quarters": 20,
    "coverage": {
      "revenue": [
        20,
        20
      ],
      "gross_profit": [
        20,
        20
      ],
      "op_income": [
        20,
        20
      ],
      "fcf": [
        18,
        20
      ]
    },
    "gaps": [],
    "warnings": []
  },
  "market_cap": null,
  "source": "SEC EDGAR",
  "last_updated": "2026-02-02T22:19:27.101356"
}