{
  "ticker": "ANGO",
  "name": "AngioDynamics, Inc.",
  "quarters": [
    {
      "date": "2021-02-28T00:00:00",
      "quarter_label": "2021-02 (Q1)",
      "revenue": 71182000,
      "gross_profit": 38530000,
      "operating_income": -3738000,
      "net_income": -3544000,
      "opex": 42268000,
      "cogs": 32652000,
      "rd": 8565000,
      "sga": null,
      "fcf": 4489000,
      "ocf": 5871000,
      "capex": -1382000,
      "gross_margin": 0.5412885279986513,
      "op_margin": -0.052513275828158804,
      "fcf_margin": 0.06306369587817144
    },
    {
      "date": "2021-05-31T00:00:00",
      "quarter_label": "2021-05 (Q2)",
      "revenue": 76842000,
      "gross_profit": 42320000,
      "operating_income": -21587000,
      "net_income": -19468000,
      "opex": 63907000,
      "cogs": 34522000,
      "rd": 9104000,
      "sga": null,
      "fcf": 11579000,
      "ocf": 12199000,
      "capex": -620000,
      "gross_margin": 0.5507404804664116,
      "op_margin": -0.2809270971604071,
      "fcf_margin": 0.1506858228572916,
      "op_leverage_ratio": 0.1553176306511274,
      "fcf_margin_change": 0.08762212697912015
    },
    {
      "date": "2021-08-31T00:00:00",
      "quarter_label": "2021-08 (Q3)",
      "revenue": 76971000,
      "gross_profit": 40139000,
      "operating_income": -8100000,
      "net_income": -6972000,
      "opex": 48239000,
      "cogs": 36832000,
      "rd": 7394000,
      "sga": null,
      "fcf": -9925000,
      "ocf": -8904000,
      "capex": -1021000,
      "gross_margin": 0.5214821166413325,
      "op_margin": -0.10523443894453756,
      "fcf_margin": -0.12894466747216485,
      "fcf_margin_change": -0.2796304903294564
    },
    {
      "date": "2021-11-30T00:00:00",
      "quarter_label": "2021-11 (Q4)",
      "revenue": 78280000,
      "gross_profit": 40555000,
      "operating_income": -8679000,
      "net_income": -8351000,
      "opex": 49234000,
      "cogs": 37725000,
      "rd": 8199000,
      "sga": null,
      "fcf": 810000,
      "ocf": 1941000,
      "capex": -1131000,
      "gross_margin": 0.5180761369443025,
      "op_margin": -0.11087123147675013,
      "fcf_margin": 0.010347470618293306,
      "op_leverage_ratio": 0.8244944434793005,
      "fcf_margin_change": 0.13929213809045815
    },
    {
      "date": "2022-02-28T00:00:00",
      "quarter_label": "2022-02 (Q1)",
      "revenue": 73970000,
      "gross_profit": 38583000,
      "operating_income": -5295000,
      "net_income": -4958000,
      "opex": 43878000,
      "cogs": 35387000,
      "rd": 7280000,
      "sga": null,
      "fcf": -9897000,
      "ocf": -8791000,
      "capex": -1106000,
      "gross_margin": 0.5216033527105584,
      "op_margin": -0.07158307421927809,
      "fcf_margin": -0.13379748546708126,
      "incr_op_margin_yoy": -0.5584648493543759,
      "rev_growth_yoy": 0.0391672051923239,
      "fcf_margin_change": -0.14414495608537456
    },
    {
      "date": "2022-05-31T00:00:00",
      "quarter_label": "2022-05 (Q2)",
      "revenue": 86998000,
      "gross_profit": 46455000,
      "operating_income": -6397000,
      "net_income": -13004000,
      "opex": 52852000,
      "cogs": 40543000,
      "rd": 7866000,
      "sga": null,
      "fcf": 7521000,
      "ocf": 8560000,
      "capex": -1039000,
      "gross_margin": 0.5339777925929332,
      "op_margin": -0.07353042598680429,
      "fcf_margin": 0.08645026322444194,
      "incr_op_margin_yoy": 1.4956675856636472,
      "rev_growth_yoy": 0.13216730433877308,
      "rev_growth_yoy_accel": 0.09300009914644917,
      "op_leverage_ratio": 0.8611580978428693,
      "fcf_margin_change": 0.2202477486915232
    },
    {
      "date": "2022-08-31T00:00:00",
      "quarter_label": "2022-08 (Q3)",
      "revenue": 81537000,
      "gross_profit": 42305000,
      "operating_income": -13301000,
      "net_income": -13004000,
      "opex": 55606000,
      "cogs": 39232000,
      "rd": 8333000,
      "sga": null,
      "fcf": -25554000,
      "ocf": -24745000,
      "capex": -809000,
      "gross_margin": 0.5188442056980267,
      "op_margin": -0.16312839569765872,
      "fcf_margin": -0.3134037308215902,
      "incr_op_margin_yoy": -1.139071397284275,
      "rev_growth_yoy": 0.05932104299021709,
      "rev_growth_yoy_accel": -0.07284626134855599,
      "fcf_margin_change": -0.3998539940460321
    },
    {
      "date": "2022-11-30T00:00:00",
      "quarter_label": "2022-11 (Q4)",
      "revenue": 85429000,
      "gross_profit": 45078000,
      "operating_income": -8115000,
      "net_income": -8486000,
      "opex": 53193000,
      "cogs": 40351000,
      "rd": 6838000,
      "sga": null,
      "fcf": 6218000,
      "ocf": 7499000,
      "capex": -1281000,
      "gross_margin": 0.527666249165974,
      "op_margin": -0.09499116225169439,
      "fcf_margin": 0.07278558803216706,
      "incr_op_margin_yoy": 0.07889215274863617,
      "rev_growth_yoy": 0.09132600919775166,
      "rev_growth_yoy_accel": 0.03200496620753457,
      "op_leverage_ratio": Infinity,
      "fcf_margin_change": 0.38618931885375724
    },
    {
      "date": "2023-02-28T00:00:00",
      "quarter_label": "2023-02 (Q1)",
      "revenue": 80712000,
      "gross_profit": 40504000,
      "operating_income": -8928000,
      "net_income": -9485000,
      "opex": 49432000,
      "cogs": 40208000,
      "rd": 6852000,
      "sga": null,
      "fcf": 704000,
      "ocf": 1370000,
      "capex": -666000,
      "gross_margin": 0.5018336802458123,
      "op_margin": -0.11061552185548618,
      "fcf_margin": 0.00872237089899891,
      "incr_op_margin_yoy": -0.5388608721447642,
      "rev_growth_yoy": 0.09114505880762472,
      "rev_growth_yoy_accel": -0.0001809503901269438,
      "fcf_margin_change": -0.06406321713316815
    },
    {
      "date": "2023-05-31T00:00:00",
      "quarter_label": "2023-05 (Q2)",
      "revenue": 91074000,
      "gross_profit": 46359000,
      "operating_income": -20837000,
      "net_income": -21467000,
      "opex": 67196000,
      "cogs": 44715000,
      "rd": 7860000,
      "sga": null,
      "fcf": 14898000,
      "ocf": 15954000,
      "capex": -1056000,
      "gross_margin": 0.5090256275116938,
      "op_margin": -0.2287919713639458,
      "fcf_margin": 0.16358126358785163,
      "incr_op_margin_yoy": -3.5426889106967616,
      "rev_growth_yoy": 0.046851651762109474,
      "rev_growth_yoy_accel": -0.044293407045515244,
      "op_leverage_ratio": 0.35725054222999636,
      "fcf_margin_change": 0.15485889268885272
    },
    {
      "date": "2023-08-31T00:00:00",
      "quarter_label": "2023-08 (Q3)",
      "revenue": 78679000,
      "gross_profit": 40060000,
      "operating_income": 35030000,
      "net_income": 45884000,
      "opex": 52872000,
      "cogs": 38619000,
      "rd": 7941000,
      "sga": null,
      "fcf": -26690000,
      "ocf": -25899000,
      "capex": -791000,
      "gross_margin": 0.5091574626012023,
      "op_margin": 0.4452268076615107,
      "fcf_margin": -0.339226477204845,
      "incr_op_margin_yoy": -16.91077676696991,
      "rev_growth_yoy": -0.035051571679115004,
      "rev_growth_yoy_accel": -0.08190322344122447,
      "fcf_margin_change": -0.5028077407926966
    },
    {
      "date": "2023-11-30T00:00:00",
      "quarter_label": "2023-11 (Q4)",
      "revenue": 79073000,
      "gross_profit": 40262000,
      "operating_income": -13120000,
      "net_income": -29048000,
      "opex": 53382000,
      "cogs": 38811000,
      "rd": 8658000,
      "sga": null,
      "fcf": 4712000,
      "ocf": 5266000,
      "capex": -554000,
      "gross_margin": 0.509175066078181,
      "op_margin": -0.16592262845724837,
      "fcf_margin": 0.0595905049764142,
      "incr_op_margin_yoy": 0.7874449339207048,
      "rev_growth_yoy": -0.07440096454365613,
      "rev_growth_yoy_accel": -0.03934939286454113,
      "fcf_margin_change": 0.3988169821812592
    },
    {
      "date": "2024-02-29T00:00:00",
      "quarter_label": "2024-02 (Q1)",
      "revenue": 75182000,
      "gross_profit": 35861000,
      "operating_income": -199896000,
      "net_income": -187736000,
      "opex": 242414000,
      "cogs": 39321000,
      "rd": 8189000,
      "sga": null,
      "fcf": -13133000,
      "ocf": -12526000,
      "capex": -607000,
      "gross_margin": 0.47698917294033144,
      "op_margin": -2.6588279109361284,
      "fcf_margin": -0.17468276981192307,
      "incr_op_margin_yoy": 34.53309222423147,
      "rev_growth_yoy": -0.06851521459014769,
      "rev_growth_yoy_accel": 0.005885749953508448,
      "fcf_margin_change": -0.23427327478833726
    },
    {
      "date": "2024-05-31T00:00:00",
      "quarter_label": "2024-05 (Q2)",
      "revenue": 70980000,
      "gross_profit": 38515000,
      "operating_income": -14449000,
      "net_income": -13449000,
      "opex": 52964000,
      "cogs": 32465000,
      "rd": 6724000,
      "sga": null,
      "fcf": 4435000,
      "ocf": 5001000,
      "capex": -566000,
      "gross_margin": 0.542617638771485,
      "op_margin": -0.2035643843336151,
      "fcf_margin": 0.062482389405466326,
      "incr_op_margin_yoy": -0.3179058425400617,
      "rev_growth_yoy": -0.22063377034060214,
      "rev_growth_yoy_accel": -0.15211855575045446,
      "fcf_margin_change": 0.2371651592173894
    },
    {
      "date": "2024-08-31T00:00:00",
      "quarter_label": "2024-08 (Q3)",
      "revenue": 67491000,
      "gross_profit": 36724000,
      "operating_income": -13098000,
      "net_income": -12798000,
      "opex": 49822000,
      "cogs": 30767000,
      "rd": 6285000,
      "sga": null,
      "fcf": -19345000,
      "ocf": -18253000,
      "capex": -1092000,
      "gross_margin": 0.5441318101672815,
      "op_margin": -0.19407032048717607,
      "fcf_margin": -0.2866308100339304,
      "incr_op_margin_yoy": 4.301751877011084,
      "rev_growth_yoy": -0.14219804522172372,
      "rev_growth_yoy_accel": 0.07843572511887842,
      "fcf_margin_change": -0.3491131994393968
    },
    {
      "date": "2024-11-30T00:00:00",
      "quarter_label": "2024-11 (Q4)",
      "revenue": 72845000,
      "gross_profit": 39906000,
      "operating_income": -11094000,
      "net_income": -10738000,
      "opex": 51000000,
      "cogs": 32939000,
      "rd": 6434000,
      "sga": null,
      "fcf": 1676000,
      "ocf": 2473000,
      "capex": -797000,
      "gross_margin": 0.5478207152172421,
      "op_margin": -0.1522959708971103,
      "fcf_margin": 0.023007756194659893,
      "incr_op_margin_yoy": -0.32530507385998714,
      "rev_growth_yoy": -0.0787626623499804,
      "rev_growth_yoy_accel": 0.06343538287174331,
      "op_leverage_ratio": 3.3551224172529426,
      "fcf_margin_change": 0.3096385662285903
    },
    {
      "date": "2025-02-28T00:00:00",
      "quarter_label": "2025-02 (Q1)",
      "revenue": 72004000,
      "gross_profit": 38857000,
      "operating_income": -9974000,
      "net_income": -4407000,
      "opex": 48831000,
      "cogs": 33147000,
      "rd": 6913000,
      "sga": null,
      "fcf": -14957000,
      "ocf": -13159000,
      "capex": -1798000,
      "gross_margin": 0.5396505749680574,
      "op_margin": -0.13852008221765458,
      "fcf_margin": -0.2077245708571746,
      "incr_op_margin_yoy": -59.76148521082442,
      "rev_growth_yoy": -0.04227075629805006,
      "rev_growth_yoy_accel": 0.03649190605193034,
      "fcf_margin_change": -0.2307323270518345
    },
    {
      "date": "2025-05-31T00:00:00",
      "quarter_label": "2025-05 (Q2)",
      "revenue": 80158000,
      "gross_profit": 42218000,
      "operating_income": -5788000,
      "net_income": -6050000,
      "opex": 48006000,
      "cogs": 37940000,
      "rd": 6590000,
      "sga": null,
      "fcf": 18034000,
      "ocf": 18811000,
      "capex": -777000,
      "gross_margin": 0.5266847975248884,
      "op_margin": -0.0722073904039522,
      "fcf_margin": 0.22498066319019935,
      "incr_op_margin_yoy": 0.9436696448027893,
      "rev_growth_yoy": 0.12930402930402932,
      "rev_growth_yoy_accel": 0.1715747856020794,
      "op_leverage_ratio": Infinity,
      "fcf_margin_change": 0.43270523404737393
    },
    {
      "date": "2025-08-31T00:00:00",
      "quarter_label": "2025-08 (Q3)",
      "revenue": 75711000,
      "gross_profit": 41857000,
      "operating_income": -10656000,
      "net_income": -10903000,
      "opex": 52513000,
      "cogs": 33854000,
      "rd": 6417000,
      "sga": null,
      "fcf": -16645000,
      "ocf": -15914000,
      "capex": -731000,
      "gross_margin": 0.5528522935900992,
      "op_margin": -0.1407457304750961,
      "fcf_margin": -0.2198491632655757,
      "incr_op_margin_yoy": 0.29708029197080293,
      "rev_growth_yoy": 0.12179401698004179,
      "rev_growth_yoy_accel": -0.007510012323987528,
      "fcf_margin_change": -0.44482982645577507
    },
    {
      "date": "2025-11-30T00:00:00",
      "quarter_label": "2025-11 (Q4)",
      "revenue": 79433000,
      "gross_profit": 44783000,
      "operating_income": -6125000,
      "net_income": -6350000,
      "opex": 50908000,
      "cogs": 34650000,
      "rd": 7768000,
      "sga": null,
      "fcf": 4239000,
      "ocf": 4661000,
      "capex": -422000,
      "gross_margin": 0.5637833142396736,
      "op_margin": -0.07710901010914858,
      "fcf_margin": 0.05336572960860096,
      "incr_op_margin_yoy": 0.7542501517911354,
      "rev_growth_yoy": 0.0904386025121834,
      "rev_growth_yoy_accel": -0.03135541446785839,
      "op_leverage_ratio": Infinity,
      "fcf_margin_change": 0.27321489287417666
    }
  ],
  "signals": [
    {
      "quarter": "2025-11 (Q4)",
      "signal": "FCF TURNED POSITIVE",
      "detail": "FCF margin: -22.0% -> +5.3%",
      "severity": "HIGH"
    },
    {
      "quarter": "2025-08 (Q3)",
      "signal": "GROSS MARGIN INFLECTION",
      "detail": "GM: +54.0% -> +52.7% -> +55.3% (reversal +2.6%)",
      "severity": "MEDIUM"
    },
    {
      "quarter": "2025-05 (Q2)",
      "signal": "FCF TURNED POSITIVE",
      "detail": "FCF margin: -20.8% -> +22.5%",
      "severity": "HIGH"
    },
    {
      "quarter": "2025-05 (Q2)",
      "signal": "YoY REVENUE GROWTH ACCELERATION",
      "detail": "YoY growth: +12.9% vs prior quarter YoY: -4.2% (accel: +17.2%)",
      "severity": "HIGH"
    },
    {
      "quarter": "2024-11 (Q4)",
      "signal": "FCF TURNED POSITIVE",
      "detail": "FCF margin: -28.7% -> +2.3%",
      "severity": "HIGH"
    },
    {
      "quarter": "2024-11 (Q4)",
      "signal": "OPERATING LEVERAGE",
      "detail": "Rev growth +7.9% vs OpEx growth +2.4% (leverage: 3.4x)",
      "severity": "MEDIUM"
    },
    {
      "quarter": "2024-11 (Q4)",
      "signal": "YoY REVENUE GROWTH ACCELERATION",
      "detail": "YoY growth: -7.9% vs prior quarter YoY: -14.2% (accel: +6.3%)",
      "severity": "MEDIUM"
    },
    {
      "quarter": "2024-08 (Q3)",
      "signal": "YoY REVENUE GROWTH ACCELERATION",
      "detail": "YoY growth: -14.2% vs prior quarter YoY: -22.1% (accel: +7.8%)",
      "severity": "MEDIUM"
    },
    {
      "quarter": "2024-05 (Q2)",
      "signal": "FCF TURNED POSITIVE",
      "detail": "FCF margin: -17.5% -> +6.2%",
      "severity": "HIGH"
    },
    {
      "quarter": "2024-05 (Q2)",
      "signal": "GROSS MARGIN INFLECTION",
      "detail": "GM: +50.9% -> +47.7% -> +54.3% (reversal +6.6%)",
      "severity": "HIGH"
    },
    {
      "quarter": "2024-05 (Q2)",
      "signal": "YoY REVENUE GROWTH DECELERATION",
      "detail": "YoY growth: -22.1% vs prior quarter YoY: -6.9% (decel: -15.2%)",
      "severity": "WARNING"
    },
    {
      "quarter": "2023-11 (Q4)",
      "signal": "FCF TURNED POSITIVE",
      "detail": "FCF margin: -33.9% -> +6.0%",
      "severity": "HIGH"
    },
    {
      "quarter": "2023-08 (Q3)",
      "signal": "YoY REVENUE GROWTH DECELERATION",
      "detail": "YoY growth: -3.5% vs prior quarter YoY: +4.7% (decel: -8.2%)",
      "severity": "WARNING"
    },
    {
      "quarter": "2023-08 (Q3)",
      "signal": "OP MARGIN TURNED POSITIVE (YoY)",
      "detail": "Op margin: -16.3% (year-ago) -> +44.5%",
      "severity": "HIGH"
    },
    {
      "quarter": "2023-08 (Q3)",
      "signal": "OP MARGIN TURNED POSITIVE (QoQ)",
      "detail": "Op margin: -22.9% -> +44.5%",
      "severity": "HIGH"
    },
    {
      "quarter": "2023-05 (Q2)",
      "signal": "FCF MARGIN EXPANSION",
      "detail": "FCF margin: +0.9% -> +16.4% (+15.5%)",
      "severity": "MEDIUM"
    },
    {
      "quarter": "2022-11 (Q4)",
      "signal": "FCF TURNED POSITIVE",
      "detail": "FCF margin: -31.3% -> +7.3%",
      "severity": "HIGH"
    },
    {
      "quarter": "2022-08 (Q3)",
      "signal": "YoY REVENUE GROWTH DECELERATION",
      "detail": "YoY growth: +5.9% vs prior quarter YoY: +13.2% (decel: -7.3%)",
      "severity": "WARNING"
    },
    {
      "quarter": "2022-05 (Q2)",
      "signal": "FCF TURNED POSITIVE",
      "detail": "FCF margin: -13.4% -> +8.6%",
      "severity": "HIGH"
    },
    {
      "quarter": "2022-05 (Q2)",
      "signal": "YoY REVENUE GROWTH ACCELERATION",
      "detail": "YoY growth: +13.2% vs prior quarter YoY: +3.9% (accel: +9.3%)",
      "severity": "MEDIUM"
    },
    {
      "quarter": "2021-11 (Q4)",
      "signal": "FCF TURNED POSITIVE",
      "detail": "FCF margin: -12.9% -> +1.0%",
      "severity": "HIGH"
    },
    {
      "quarter": "2021-05 (Q2)",
      "signal": "FCF MARGIN EXPANSION",
      "detail": "FCF margin: +6.3% -> +15.1% (+8.8%)",
      "severity": "MEDIUM"
    }
  ],
  "data_quality": {
    "n_quarters": 20,
    "coverage": {
      "revenue": [
        20,
        20
      ],
      "gross_profit": [
        20,
        20
      ],
      "op_income": [
        20,
        20
      ],
      "fcf": [
        20,
        20
      ]
    },
    "gaps": [],
    "warnings": []
  },
  "market_cap": null,
  "source": "SEC EDGAR",
  "last_updated": "2026-02-02T22:32:24.058712"
}