{
  "ticker": "ANIK",
  "name": "Anika Therapeutics, Inc.",
  "quarters": [
    {
      "date": "2020-12-31T00:00:00",
      "quarter_label": "2020-12 (Q4)",
      "revenue": 32688000,
      "gross_profit": 16745000,
      "operating_income": -17953000,
      "net_income": -15657000,
      "opex": -10790000,
      "cogs": 15944000,
      "rd": 7632000,
      "sga": 15179000,
      "fcf": 2138000,
      "ocf": 2587000,
      "capex": -449000,
      "gross_margin": 0.5122674987763094,
      "op_margin": -0.5492229564366128,
      "fcf_margin": 0.06540626529613314
    },
    {
      "date": "2021-03-31T00:00:00",
      "quarter_label": "2021-03 (Q1)",
      "revenue": 34292000,
      "gross_profit": 20974000,
      "operating_income": 1258000,
      "net_income": 2838000,
      "opex": 19716000,
      "cogs": 13318000,
      "rd": 6361000,
      "sga": 18175000,
      "fcf": -2848000,
      "ocf": -2431000,
      "capex": -417000,
      "gross_margin": 0.611629534585326,
      "op_margin": 0.03668494109413274,
      "fcf_margin": -0.08305144056922897,
      "op_leverage_ratio": Infinity,
      "fcf_margin_change": -0.1484577058653621
    },
    {
      "date": "2021-06-30T00:00:00",
      "quarter_label": "2021-06 (Q2)",
      "revenue": 38145000,
      "gross_profit": 20812000,
      "operating_income": 9180000,
      "net_income": 6531000,
      "opex": 11632000,
      "cogs": 17333000,
      "rd": 7293000,
      "sga": 17989000,
      "fcf": 1979000,
      "ocf": 4294000,
      "capex": -2315000,
      "gross_margin": 0.5456023069864989,
      "op_margin": 0.24066063704286275,
      "fcf_margin": 0.051880980469262025,
      "op_leverage_ratio": Infinity,
      "fcf_margin_change": 0.134932421038491
    },
    {
      "date": "2021-09-30T00:00:00",
      "quarter_label": "2021-09 (Q3)",
      "revenue": 39536000,
      "gross_profit": 23023000,
      "operating_income": 1300000,
      "net_income": 558000,
      "opex": 21723000,
      "cogs": 16513000,
      "rd": 7673000,
      "sga": 17500000,
      "fcf": 778000,
      "ocf": 2062000,
      "capex": -1284000,
      "gross_margin": 0.5823300283286119,
      "op_margin": 0.03288142452448401,
      "fcf_margin": 0.019678267907729665,
      "op_leverage_ratio": 0.04203486898142878,
      "fcf_margin_change": -0.03220271256153236
    },
    {
      "date": "2021-12-31T00:00:00",
      "quarter_label": "2021-12 (Q4)",
      "revenue": 35821000,
      "gross_profit": 18134000,
      "operating_income": -9123000,
      "net_income": -5793000,
      "opex": 27257000,
      "cogs": 17687000,
      "rd": 6000000,
      "sga": 20432000,
      "fcf": 3345000,
      "ocf": 4472000,
      "capex": -1127000,
      "gross_margin": 0.506239356801876,
      "op_margin": -0.2546830071745624,
      "fcf_margin": 0.09338097763881523,
      "incr_op_margin_yoy": 2.8183849345675074,
      "rev_growth_yoy": 0.09584557023984337,
      "fcf_margin_change": 0.07370270973108556
    },
    {
      "date": "2022-03-31T00:00:00",
      "quarter_label": "2022-03 (Q1)",
      "revenue": 36693000,
      "gross_profit": 21804000,
      "operating_income": -3554000,
      "net_income": -2933000,
      "opex": 25358000,
      "cogs": 14889000,
      "rd": 6157000,
      "sga": 19201000,
      "fcf": -3195000,
      "ocf": -1869000,
      "capex": -1326000,
      "gross_margin": 0.594227781865751,
      "op_margin": -0.09685771128008067,
      "fcf_margin": -0.0870738287956831,
      "incr_op_margin_yoy": -2.004164931278634,
      "rev_growth_yoy": 0.07001633033943777,
      "rev_growth_yoy_accel": -0.0258292399004056,
      "op_leverage_ratio": Infinity,
      "fcf_margin_change": -0.18045480643449832
    },
    {
      "date": "2022-06-30T00:00:00",
      "quarter_label": "2022-06 (Q2)",
      "revenue": 39657000,
      "gross_profit": 24862000,
      "operating_income": -3381000,
      "net_income": -2843000,
      "opex": 28243000,
      "cogs": 14795000,
      "rd": 6975000,
      "sga": 21268000,
      "fcf": 1148000,
      "ocf": 3088000,
      "capex": -1940000,
      "gross_margin": 0.6269258895024838,
      "op_margin": -0.0852560708071715,
      "fcf_margin": 0.02894823108152407,
      "incr_op_margin_yoy": -8.307539682539682,
      "rev_growth_yoy": 0.03963822257176563,
      "rev_growth_yoy_accel": -0.030378107767672143,
      "op_leverage_ratio": 0.7100094979841404,
      "fcf_margin_change": 0.11602205987720716
    },
    {
      "date": "2022-09-30T00:00:00",
      "quarter_label": "2022-09 (Q3)",
      "revenue": 40264000,
      "gross_profit": 22779000,
      "operating_income": -5798000,
      "net_income": -4175000,
      "opex": 28577000,
      "cogs": 17485000,
      "rd": 7301000,
      "sga": 21276000,
      "fcf": 1018000,
      "ocf": 2709000,
      "capex": -1691000,
      "gross_margin": 0.5657411086826942,
      "op_margin": -0.14399960262269024,
      "fcf_margin": 0.025283131333200873,
      "rev_growth_yoy": 0.018413597733711047,
      "rev_growth_yoy_accel": -0.02122462483805458,
      "op_leverage_ratio": 1.2942947602034753,
      "fcf_margin_change": -0.0036650997483231966
    },
    {
      "date": "2022-12-31T00:00:00",
      "quarter_label": "2022-12 (Q4)",
      "revenue": 39622000,
      "gross_profit": 24131000,
      "operating_income": -6667000,
      "net_income": -4908000,
      "opex": 30798000,
      "cogs": 15491000,
      "rd": 7749000,
      "sga": 23049000,
      "fcf": -2048000,
      "ocf": 481000,
      "capex": -2529000,
      "gross_margin": 0.6090303366816415,
      "op_margin": -0.1682651052445611,
      "fcf_margin": -0.05168845590833376,
      "incr_op_margin_yoy": 0.6461457511181268,
      "rev_growth_yoy": 0.10611094050975685,
      "rev_growth_yoy_accel": 0.0876973427760458,
      "fcf_margin_change": -0.07697158724153463
    },
    {
      "date": "2023-03-31T00:00:00",
      "quarter_label": "2023-03 (Q1)",
      "revenue": 37924000,
      "gross_profit": 22843000,
      "operating_income": -12553000,
      "net_income": -10350000,
      "opex": 35396000,
      "cogs": 15081000,
      "rd": 8400000,
      "sga": 26996000,
      "fcf": -5007000,
      "ocf": -3618000,
      "capex": -1389000,
      "gross_margin": 0.6023362514502689,
      "op_margin": -0.3310041134901382,
      "fcf_margin": -0.1320272123193756,
      "incr_op_margin_yoy": -7.3103168155970755,
      "rev_growth_yoy": 0.03354863325429919,
      "rev_growth_yoy_accel": -0.07256230725545766,
      "fcf_margin_change": -0.08033875641104182
    },
    {
      "date": "2023-06-30T00:00:00",
      "quarter_label": "2023-06 (Q2)",
      "revenue": 44302000,
      "gross_profit": 28972000,
      "operating_income": -3631000,
      "net_income": -2741000,
      "opex": 32603000,
      "cogs": 15330000,
      "rd": 8914000,
      "sga": 23689000,
      "fcf": -9750000,
      "ocf": -8293000,
      "capex": -1457000,
      "gross_margin": 0.6539659609046996,
      "op_margin": -0.08196018238454246,
      "fcf_margin": -0.22008035754593472,
      "incr_op_margin_yoy": -0.05382131324004306,
      "rev_growth_yoy": 0.11712938447184608,
      "rev_growth_yoy_accel": 0.08358075121754689,
      "op_leverage_ratio": Infinity,
      "fcf_margin_change": -0.08805314522655913
    },
    {
      "date": "2023-09-30T00:00:00",
      "quarter_label": "2023-09 (Q3)",
      "revenue": 41465000,
      "gross_profit": 24944000,
      "operating_income": -7674000,
      "net_income": -6576000,
      "opex": 32618000,
      "cogs": 16521000,
      "rd": 7791000,
      "sga": 24827000,
      "fcf": 5744000,
      "ocf": 6485000,
      "capex": -741000,
      "gross_margin": 0.6015675871216689,
      "op_margin": -0.18507174725672254,
      "fcf_margin": 0.13852646810563127,
      "incr_op_margin_yoy": -1.5620316402997503,
      "rev_growth_yoy": 0.029828134313530697,
      "rev_growth_yoy_accel": -0.08730125015831539,
      "fcf_margin_change": 0.358606825651566
    },
    {
      "date": "2023-12-31T00:00:00",
      "quarter_label": "2023-12 (Q4)",
      "revenue": 42971000,
      "gross_profit": 26329000,
      "operating_income": -63781000,
      "net_income": -63000000,
      "opex": 90110000,
      "cogs": 16642000,
      "rd": 7585000,
      "sga": 20335000,
      "fcf": 1798000,
      "ocf": 3638000,
      "capex": -1840000,
      "gross_margin": 0.6127155523492588,
      "op_margin": -1.4842800958786158,
      "fcf_margin": 0.041842172628051476,
      "incr_op_margin_yoy": -17.054045983875785,
      "rev_growth_yoy": 0.08452374943213366,
      "rev_growth_yoy_accel": 0.054695615118602964,
      "op_leverage_ratio": 0.020605977137234006,
      "fcf_margin_change": -0.09668429547757978
    },
    {
      "date": "2024-03-31T00:00:00",
      "quarter_label": "2024-03 (Q1)",
      "revenue": 40523000,
      "gross_profit": 24628000,
      "operating_income": -5063000,
      "net_income": -4514000,
      "opex": 29691000,
      "cogs": 15895000,
      "rd": 8164000,
      "sga": 21527000,
      "fcf": -1934000,
      "ocf": -126000,
      "capex": -1808000,
      "gross_margin": 0.6077536214001925,
      "op_margin": -0.12494139130863954,
      "fcf_margin": -0.047725982775214074,
      "incr_op_margin_yoy": 2.8818776452481725,
      "rev_growth_yoy": 0.06853180044299124,
      "rev_growth_yoy_accel": -0.015991948989142413,
      "fcf_margin_change": -0.08956815540326554
    },
    {
      "date": "2024-06-30T00:00:00",
      "quarter_label": "2024-06 (Q2)",
      "revenue": 41921000,
      "gross_profit": 27365000,
      "operating_income": 161000,
      "net_income": -88000,
      "opex": 27204000,
      "cogs": 14556000,
      "rd": 7398000,
      "sga": 19806000,
      "fcf": -4472000,
      "ocf": -1069000,
      "capex": -3403000,
      "gross_margin": 0.6527754586007013,
      "op_margin": 0.003840557238615491,
      "fcf_margin": -0.10667684454092222,
      "incr_op_margin_yoy": -1.5926081478370433,
      "rev_growth_yoy": -0.05374475192993544,
      "rev_growth_yoy_accel": -0.12227655237292669,
      "op_leverage_ratio": Infinity,
      "fcf_margin_change": -0.05895086176570814
    },
    {
      "date": "2024-09-30T00:00:00",
      "quarter_label": "2024-09 (Q3)",
      "revenue": 38753000,
      "gross_profit": 1440000,
      "operating_income": -28017000,
      "net_income": -29918000,
      "opex": 29457000,
      "cogs": 37313000,
      "rd": 7244000,
      "sga": 19112000,
      "fcf": 3800000,
      "ocf": 5016000,
      "capex": -1216000,
      "gross_margin": 0.03715841354217738,
      "op_margin": -0.7229633834799887,
      "fcf_margin": 0.0980569246251903,
      "incr_op_margin_yoy": 7.501106194690266,
      "rev_growth_yoy": -0.06540455806101532,
      "rev_growth_yoy_accel": -0.011659806131079878,
      "fcf_margin_change": 0.20473376916611252
    },
    {
      "date": "2024-12-31T00:00:00",
      "quarter_label": "2024-12 (Q4)",
      "revenue": -1290000,
      "gross_profit": 22565000,
      "operating_income": 27818000,
      "net_income": -21865000,
      "opex": -5253000,
      "cogs": -23855000,
      "rd": 2738000,
      "sga": -4890000,
      "fcf": 275000,
      "ocf": 1582000,
      "capex": -1307000,
      "gross_margin": -17.492248062015506,
      "op_margin": -21.56434108527132,
      "fcf_margin": -0.2131782945736434,
      "incr_op_margin_yoy": -2.0695194414947697,
      "rev_growth_yoy": -1.030020246212562,
      "rev_growth_yoy_accel": -0.9646156881515467,
      "fcf_margin_change": -0.3112352191988337
    },
    {
      "date": "2025-03-31T00:00:00",
      "quarter_label": "2025-03 (Q1)",
      "revenue": 26168000,
      "gross_profit": 14681000,
      "operating_income": -4284000,
      "net_income": -4873000,
      "opex": 18965000,
      "cogs": 11487000,
      "rd": 6059000,
      "sga": 12906000,
      "fcf": -2954000,
      "ocf": -130000,
      "capex": -2824000,
      "gross_margin": 0.5610287373891776,
      "op_margin": -0.1637114032405992,
      "fcf_margin": -0.11288596759400794,
      "incr_op_margin_yoy": -0.054266805990943925,
      "rev_growth_yoy": -0.35424326925449745,
      "rev_growth_yoy_accel": 0.6757769769580646,
      "fcf_margin_change": 0.10029232697963546
    },
    {
      "date": "2025-06-30T00:00:00",
      "quarter_label": "2025-06 (Q2)",
      "revenue": 28219000,
      "gross_profit": 14363000,
      "operating_income": -4180000,
      "net_income": -3970000,
      "opex": 18543000,
      "cogs": 13856000,
      "rd": 6313000,
      "sga": 12230000,
      "fcf": -1656000,
      "ocf": -189000,
      "capex": -1467000,
      "gross_margin": 0.5089833091179702,
      "op_margin": -0.14812714837520818,
      "fcf_margin": -0.05868386548070449,
      "incr_op_margin_yoy": 0.3168150634943804,
      "rev_growth_yoy": -0.3268528899596861,
      "rev_growth_yoy_accel": 0.027390379294811362,
      "op_leverage_ratio": Infinity,
      "fcf_margin_change": 0.05420210211330345
    },
    {
      "date": "2025-09-30T00:00:00",
      "quarter_label": "2025-09 (Q3)",
      "revenue": 27817000,
      "gross_profit": 15584000,
      "operating_income": -3233000,
      "net_income": -2329000,
      "opex": 18817000,
      "cogs": 12233000,
      "rd": 6946000,
      "sga": 11871000,
      "fcf": 4983000,
      "ocf": 6870000,
      "capex": -1887000,
      "gross_margin": 0.5602329510730848,
      "op_margin": -0.11622389186468707,
      "fcf_margin": 0.17913506129345363,
      "incr_op_margin_yoy": -2.2662765179224578,
      "rev_growth_yoy": -0.28219750728975823,
      "rev_growth_yoy_accel": 0.04465538266992786,
      "fcf_margin_change": 0.2378189267741581
    }
  ],
  "signals": [
    {
      "quarter": "2025-09 (Q3)",
      "signal": "FCF TURNED POSITIVE",
      "detail": "FCF margin: -5.9% -> +17.9%",
      "severity": "HIGH"
    },
    {
      "quarter": "2025-09 (Q3)",
      "signal": "GROSS MARGIN INFLECTION",
      "detail": "GM: +56.1% -> +50.9% -> +56.0% (reversal +5.1%)",
      "severity": "HIGH"
    },
    {
      "quarter": "2025-06 (Q2)",
      "signal": "FCF MARGIN EXPANSION",
      "detail": "FCF margin: -11.3% -> -5.9% (+5.4%)",
      "severity": "MEDIUM"
    },
    {
      "quarter": "2025-03 (Q1)",
      "signal": "FCF MARGIN EXPANSION",
      "detail": "FCF margin: -21.3% -> -11.3% (+10.0%)",
      "severity": "MEDIUM"
    },
    {
      "quarter": "2025-03 (Q1)",
      "signal": "GROSS MARGIN INFLECTION",
      "detail": "GM: +3.7% -> -1749.2% -> +56.1% (reversal +1805.3%)",
      "severity": "HIGH"
    },
    {
      "quarter": "2025-03 (Q1)",
      "signal": "YoY REVENUE GROWTH ACCELERATION",
      "detail": "YoY growth: -35.4% vs prior quarter YoY: -103.0% (accel: +67.6%)",
      "severity": "HIGH"
    },
    {
      "quarter": "2024-12 (Q4)",
      "signal": "YoY REVENUE GROWTH DECELERATION",
      "detail": "YoY growth: -103.0% vs prior quarter YoY: -6.5% (decel: -96.5%)",
      "severity": "WARNING"
    },
    {
      "quarter": "2024-09 (Q3)",
      "signal": "FCF TURNED POSITIVE",
      "detail": "FCF margin: -10.7% -> +9.8%",
      "severity": "HIGH"
    },
    {
      "quarter": "2024-06 (Q2)",
      "signal": "GROSS MARGIN INFLECTION",
      "detail": "GM: +61.3% -> +60.8% -> +65.3% (reversal +4.5%)",
      "severity": "MEDIUM"
    },
    {
      "quarter": "2024-06 (Q2)",
      "signal": "YoY REVENUE GROWTH DECELERATION",
      "detail": "YoY growth: -5.4% vs prior quarter YoY: +6.9% (decel: -12.2%)",
      "severity": "WARNING"
    },
    {
      "quarter": "2024-06 (Q2)",
      "signal": "OP MARGIN TURNED POSITIVE (YoY)",
      "detail": "Op margin: -8.2% (year-ago) -> +0.4%",
      "severity": "HIGH"
    },
    {
      "quarter": "2024-06 (Q2)",
      "signal": "OP MARGIN TURNED POSITIVE (QoQ)",
      "detail": "Op margin: -12.5% -> +0.4%",
      "severity": "HIGH"
    },
    {
      "quarter": "2023-12 (Q4)",
      "signal": "YoY REVENUE GROWTH ACCELERATION",
      "detail": "YoY growth: +8.5% vs prior quarter YoY: +3.0% (accel: +5.5%)",
      "severity": "MEDIUM"
    },
    {
      "quarter": "2023-09 (Q3)",
      "signal": "FCF TURNED POSITIVE",
      "detail": "FCF margin: -22.0% -> +13.9%",
      "severity": "HIGH"
    },
    {
      "quarter": "2023-09 (Q3)",
      "signal": "YoY REVENUE GROWTH DECELERATION",
      "detail": "YoY growth: +3.0% vs prior quarter YoY: +11.7% (decel: -8.7%)",
      "severity": "WARNING"
    },
    {
      "quarter": "2023-06 (Q2)",
      "signal": "GROSS MARGIN INFLECTION",
      "detail": "GM: +60.9% -> +60.2% -> +65.4% (reversal +5.2%)",
      "severity": "HIGH"
    },
    {
      "quarter": "2023-06 (Q2)",
      "signal": "YoY REVENUE GROWTH ACCELERATION",
      "detail": "YoY growth: +11.7% vs prior quarter YoY: +3.4% (accel: +8.4%)",
      "severity": "MEDIUM"
    },
    {
      "quarter": "2023-03 (Q1)",
      "signal": "YoY REVENUE GROWTH DECELERATION",
      "detail": "YoY growth: +3.4% vs prior quarter YoY: +10.6% (decel: -7.3%)",
      "severity": "WARNING"
    },
    {
      "quarter": "2022-12 (Q4)",
      "signal": "GROSS MARGIN INFLECTION",
      "detail": "GM: +62.7% -> +56.6% -> +60.9% (reversal +4.3%)",
      "severity": "MEDIUM"
    },
    {
      "quarter": "2022-12 (Q4)",
      "signal": "YoY REVENUE GROWTH ACCELERATION",
      "detail": "YoY growth: +10.6% vs prior quarter YoY: +1.8% (accel: +8.8%)",
      "severity": "MEDIUM"
    },
    {
      "quarter": "2022-06 (Q2)",
      "signal": "FCF TURNED POSITIVE",
      "detail": "FCF margin: -8.7% -> +2.9%",
      "severity": "HIGH"
    },
    {
      "quarter": "2022-03 (Q1)",
      "signal": "GROSS MARGIN INFLECTION",
      "detail": "GM: +58.2% -> +50.6% -> +59.4% (reversal +8.8%)",
      "severity": "HIGH"
    },
    {
      "quarter": "2021-12 (Q4)",
      "signal": "FCF MARGIN EXPANSION",
      "detail": "FCF margin: +2.0% -> +9.3% (+7.4%)",
      "severity": "MEDIUM"
    },
    {
      "quarter": "2021-09 (Q3)",
      "signal": "GROSS MARGIN INFLECTION",
      "detail": "GM: +61.2% -> +54.6% -> +58.2% (reversal +3.7%)",
      "severity": "MEDIUM"
    },
    {
      "quarter": "2021-06 (Q2)",
      "signal": "FCF TURNED POSITIVE",
      "detail": "FCF margin: -8.3% -> +5.2%",
      "severity": "HIGH"
    },
    {
      "quarter": "2021-03 (Q1)",
      "signal": "OP MARGIN TURNED POSITIVE (QoQ)",
      "detail": "Op margin: -54.9% -> +3.7%",
      "severity": "HIGH"
    }
  ],
  "data_quality": {
    "n_quarters": 20,
    "coverage": {
      "revenue": [
        20,
        20
      ],
      "gross_profit": [
        20,
        20
      ],
      "op_income": [
        20,
        20
      ],
      "fcf": [
        20,
        20
      ]
    },
    "gaps": [],
    "warnings": []
  },
  "market_cap": null,
  "source": "SEC EDGAR",
  "last_updated": "2026-02-02T23:13:59.763376"
}