{
  "ticker": "ANIP",
  "name": "ANI PHARMACEUTICALS, INC.",
  "quarters": [
    {
      "date": "2020-12-31T00:00:00",
      "quarter_label": "2020-12 (Q4)",
      "revenue": 57252000,
      "gross_profit": 32712000,
      "operating_income": 331000,
      "net_income": -3635000,
      "opex": 56921000,
      "cogs": 24540000,
      "rd": 3683000,
      "sga": 14365000,
      "fcf": -7819000,
      "ocf": -5709000,
      "capex": -2110000,
      "gross_margin": 0.5713686858101027,
      "op_margin": 0.0057814574163348,
      "fcf_margin": -0.13657164815202963
    },
    {
      "date": "2021-03-31T00:00:00",
      "quarter_label": "2021-03 (Q1)",
      "revenue": 54521000,
      "gross_profit": 34536000,
      "operating_income": 3045000,
      "net_income": 86000,
      "opex": 51476000,
      "cogs": 19985000,
      "rd": 2968000,
      "sga": 17587000,
      "fcf": 19970000,
      "ocf": 20668000,
      "capex": -698000,
      "gross_margin": 0.6334439940573358,
      "op_margin": 0.055850039434346396,
      "fcf_margin": 0.3662808825956971,
      "fcf_margin_change": 0.5028525307477267
    },
    {
      "date": "2021-06-30T00:00:00",
      "quarter_label": "2021-06 (Q2)",
      "revenue": 48625000,
      "gross_profit": 26311000,
      "operating_income": -15553000,
      "net_income": -14106000,
      "opex": 64178000,
      "cogs": 22314000,
      "rd": 2805000,
      "sga": 18820000,
      "fcf": -691000,
      "ocf": 241000,
      "capex": -932000,
      "gross_margin": 0.5411002570694088,
      "op_margin": -0.3198560411311054,
      "fcf_margin": -0.014210796915167094,
      "fcf_margin_change": -0.38049167951086416
    },
    {
      "date": "2021-09-30T00:00:00",
      "quarter_label": "2021-09 (Q3)",
      "revenue": 52061000,
      "gross_profit": 27648000,
      "operating_income": -3562000,
      "net_income": -4447000,
      "opex": 55623000,
      "cogs": 24413000,
      "rd": 2456000,
      "sga": 17181000,
      "fcf": -5973000,
      "ocf": -5402000,
      "capex": -571000,
      "gross_margin": 0.531069322525499,
      "op_margin": -0.06841973838381898,
      "fcf_margin": -0.11473079656556731,
      "op_leverage_ratio": Infinity,
      "fcf_margin_change": -0.10051999965040022
    },
    {
      "date": "2021-12-31T00:00:00",
      "quarter_label": "2021-12 (Q4)",
      "revenue": 60929000,
      "gross_profit": 27031000,
      "operating_income": -23723000,
      "net_income": -24136000,
      "opex": 84652000,
      "cogs": 33898000,
      "rd": 3140000,
      "sga": 30706000,
      "fcf": -12541000,
      "ocf": -12185000,
      "capex": -356000,
      "gross_margin": 0.4436475241674736,
      "op_margin": -0.38935482282656864,
      "fcf_margin": -0.2058297362503898,
      "incr_op_margin_yoy": -6.541745988577645,
      "rev_growth_yoy": 0.06422483057360441,
      "op_leverage_ratio": 0.32638899858719583,
      "fcf_margin_change": -0.0910989396848225
    },
    {
      "date": "2022-03-31T00:00:00",
      "quarter_label": "2022-03 (Q1)",
      "revenue": 64477000,
      "gross_profit": 30206000,
      "operating_income": -19195000,
      "net_income": -20130000,
      "opex": 83672000,
      "cogs": 34271000,
      "rd": 5274000,
      "sga": 28817000,
      "fcf": -20891000,
      "ocf": -18942000,
      "capex": -1949000,
      "gross_margin": 0.4684771313801821,
      "op_margin": -0.2977030569040123,
      "fcf_margin": -0.3240070102517177,
      "incr_op_margin_yoy": -2.2338288469264764,
      "rev_growth_yoy": 0.18260853616037856,
      "rev_growth_yoy_accel": 0.11838370558677415,
      "op_leverage_ratio": Infinity,
      "fcf_margin_change": -0.11817727400132788
    },
    {
      "date": "2022-06-30T00:00:00",
      "quarter_label": "2022-06 (Q2)",
      "revenue": 73855000,
      "gross_profit": 38561000,
      "operating_income": -12913000,
      "net_income": -14923000,
      "opex": 86768000,
      "cogs": 35294000,
      "rd": 4165000,
      "sga": 31958000,
      "fcf": -12805000,
      "ocf": -11484000,
      "capex": -1321000,
      "gross_margin": 0.5221176629882879,
      "op_margin": -0.17484259698057003,
      "fcf_margin": -0.17338027215489812,
      "incr_op_margin_yoy": 0.10463733650416171,
      "rev_growth_yoy": 0.5188688946015424,
      "rev_growth_yoy_accel": 0.33626035844116386,
      "op_leverage_ratio": 3.930833096784828,
      "fcf_margin_change": 0.15062673809681956
    },
    {
      "date": "2022-09-30T00:00:00",
      "quarter_label": "2022-09 (Q3)",
      "revenue": 83821000,
      "gross_profit": 50927000,
      "operating_income": -4995000,
      "net_income": -8600000,
      "opex": 88816000,
      "cogs": 32894000,
      "rd": 7657000,
      "sga": 30081000,
      "fcf": 1155000,
      "ocf": 3623000,
      "capex": -2468000,
      "gross_margin": 0.6075685090848355,
      "op_margin": -0.05959127187697594,
      "fcf_margin": 0.01377936316674819,
      "incr_op_margin_yoy": -0.04511964735516373,
      "rev_growth_yoy": 0.6100535909798122,
      "rev_growth_yoy_accel": 0.09118469637826976,
      "op_leverage_ratio": 5.717031895267754,
      "fcf_margin_change": 0.1871596353216463
    },
    {
      "date": "2022-12-31T00:00:00",
      "quarter_label": "2022-12 (Q4)",
      "revenue": 94232000,
      "gross_profit": 57906000,
      "operating_income": 1820000,
      "net_income": -4243000,
      "opex": 92412000,
      "cogs": 36326000,
      "rd": 5222000,
      "sga": 33188000,
      "fcf": -7538000,
      "ocf": -4400000,
      "capex": -3138000,
      "gross_margin": 0.6145046268783428,
      "op_margin": 0.01931403344935903,
      "fcf_margin": -0.07999405722047712,
      "incr_op_margin_yoy": 0.7669879590427289,
      "rev_growth_yoy": 0.5465870111112935,
      "rev_growth_yoy_accel": -0.06346657986851867,
      "op_leverage_ratio": 3.06768763390189,
      "fcf_margin_change": -0.0937734203872253
    },
    {
      "date": "2023-03-31T00:00:00",
      "quarter_label": "2023-03 (Q1)",
      "revenue": 106786000,
      "gross_profit": 69078000,
      "operating_income": 9895000,
      "net_income": 1439000,
      "opex": 96891000,
      "cogs": 37708000,
      "rd": 5924000,
      "sga": 36468000,
      "fcf": 19075000,
      "ocf": 21424000,
      "capex": -2349000,
      "gross_margin": 0.646882550147023,
      "op_margin": 0.09266195943288447,
      "fcf_margin": 0.17862828460659638,
      "incr_op_margin_yoy": 0.6875605663097686,
      "rev_growth_yoy": 0.6561874777052282,
      "rev_growth_yoy_accel": 0.10960046659393474,
      "op_leverage_ratio": 2.748723291823341,
      "fcf_margin_change": 0.2586223418270735
    },
    {
      "date": "2023-06-30T00:00:00",
      "quarter_label": "2023-06 (Q2)",
      "revenue": 116547000,
      "gross_profit": 74263000,
      "operating_income": 12402000,
      "net_income": 6245000,
      "opex": 104145000,
      "cogs": 42284000,
      "rd": 7374000,
      "sga": 38760000,
      "fcf": 18125000,
      "ocf": 20626000,
      "capex": -2501000,
      "gross_margin": 0.6371935785562906,
      "op_margin": 0.10641200545702592,
      "fcf_margin": 0.1555166585154487,
      "incr_op_margin_yoy": 0.5929682376089197,
      "rev_growth_yoy": 0.578051587570239,
      "rev_growth_yoy_accel": -0.07813589013498923,
      "op_leverage_ratio": 1.2209162688138429,
      "fcf_margin_change": -0.02311162609114767
    },
    {
      "date": "2023-09-30T00:00:00",
      "quarter_label": "2023-09 (Q3)",
      "revenue": 131829000,
      "gross_profit": 83728000,
      "operating_income": 17948000,
      "net_income": 9940000,
      "opex": 113881000,
      "cogs": 48101000,
      "rd": 11121000,
      "sga": 42007000,
      "fcf": 30430000,
      "ocf": 32169000,
      "capex": -1739000,
      "gross_margin": 0.6351258069165359,
      "op_margin": 0.13614606801234932,
      "fcf_margin": 0.2308293319375858,
      "incr_op_margin_yoy": 0.4778995167472088,
      "rev_growth_yoy": 0.5727443003543264,
      "rev_growth_yoy_accel": -0.0053072872159125595,
      "op_leverage_ratio": 1.4026100793555598,
      "fcf_margin_change": 0.0753126734221371
    },
    {
      "date": "2023-12-31T00:00:00",
      "quarter_label": "2023-12 (Q4)",
      "revenue": 131654000,
      "gross_profit": 78234000,
      "operating_income": 6726000,
      "net_income": 1155000,
      "opex": 124928000,
      "cogs": 53420000,
      "rd": 9867000,
      "sga": 44462000,
      "fcf": 42461000,
      "ocf": 44740000,
      "capex": -2279000,
      "gross_margin": 0.5942394458201042,
      "op_margin": 0.051088459142904885,
      "fcf_margin": 0.32251963480030993,
      "incr_op_margin_yoy": 0.13109935332157555,
      "rev_growth_yoy": 0.397126241616436,
      "rev_growth_yoy_accel": -0.17561805873789044,
      "fcf_margin_change": 0.09169030286272412
    },
    {
      "date": "2024-03-31T00:00:00",
      "quarter_label": "2024-03 (Q1)",
      "revenue": 137430000,
      "gross_profit": 88273000,
      "operating_income": 20312000,
      "net_income": 18207000,
      "opex": 117118000,
      "cogs": 49157000,
      "rd": 10511000,
      "sga": 48021000,
      "fcf": 13688000,
      "ocf": 18269000,
      "capex": -4581000,
      "gross_margin": 0.6423124499745325,
      "op_margin": 0.14779887942952777,
      "fcf_margin": 0.09959979625991414,
      "incr_op_margin_yoy": 0.3399360396815037,
      "rev_growth_yoy": 0.28696645627704004,
      "rev_growth_yoy_accel": -0.11015978533939597,
      "op_leverage_ratio": Infinity,
      "fcf_margin_change": -0.2229198385403958
    },
    {
      "date": "2024-06-30T00:00:00",
      "quarter_label": "2024-06 (Q2)",
      "revenue": 138040000,
      "gross_profit": 80342000,
      "operating_income": 5169000,
      "net_income": -2287000,
      "opex": 132871000,
      "cogs": 57698000,
      "rd": 7296000,
      "sga": 52821000,
      "fcf": 12965000,
      "ocf": 17414000,
      "capex": -4449000,
      "gross_margin": 0.5820197044334975,
      "op_margin": 0.03744566792234135,
      "fcf_margin": 0.09392205157925239,
      "incr_op_margin_yoy": -0.3365281719629647,
      "rev_growth_yoy": 0.18441487125365733,
      "rev_growth_yoy_accel": -0.10255158502338271,
      "fcf_margin_change": -0.005677744680661748
    },
    {
      "date": "2024-09-30T00:00:00",
      "quarter_label": "2024-09 (Q3)",
      "revenue": 148332000,
      "gross_profit": 85257000,
      "operating_income": -20519000,
      "net_income": -24166000,
      "opex": 168851000,
      "cogs": 63075000,
      "rd": 10128000,
      "sga": 79075000,
      "fcf": 7662000,
      "ocf": 12474000,
      "capex": -4812000,
      "gross_margin": 0.5747714586198528,
      "op_margin": -0.13833158050858885,
      "fcf_margin": 0.051654396893455225,
      "incr_op_margin_yoy": -2.330909531600315,
      "rev_growth_yoy": 0.12518489861866508,
      "rev_growth_yoy_accel": -0.059229972634992245,
      "op_leverage_ratio": 0.275336553244671,
      "fcf_margin_change": -0.042267654685797164
    },
    {
      "date": "2024-12-31T00:00:00",
      "quarter_label": "2024-12 (Q4)",
      "revenue": 190574000,
      "gross_profit": 110294000,
      "operating_income": -4378000,
      "net_income": -10276000,
      "opex": 194952000,
      "cogs": 80280000,
      "rd": 16646000,
      "sga": 69719000,
      "fcf": 13466000,
      "ocf": 15860000,
      "capex": -2394000,
      "gross_margin": 0.5787463137678802,
      "op_margin": -0.02297270351674415,
      "fcf_margin": 0.07066021597909473,
      "incr_op_margin_yoy": -0.18845892735913103,
      "rev_growth_yoy": 0.44753672505203035,
      "rev_growth_yoy_accel": 0.32235182643336524,
      "op_leverage_ratio": 1.8422820054344207,
      "fcf_margin_change": 0.01900581908563951
    },
    {
      "date": "2025-03-31T00:00:00",
      "quarter_label": "2025-03 (Q1)",
      "revenue": 197122000,
      "gross_profit": 124085000,
      "operating_income": 26194000,
      "net_income": 15681000,
      "opex": 170928000,
      "cogs": 73037000,
      "rd": 10564000,
      "sga": 76528000,
      "fcf": 32517000,
      "ocf": 34991000,
      "capex": -2474000,
      "gross_margin": 0.6294832641714269,
      "op_margin": 0.1328821744909244,
      "fcf_margin": 0.1649587565061231,
      "incr_op_margin_yoy": 0.0985391677276687,
      "rev_growth_yoy": 0.43434475733100486,
      "rev_growth_yoy_accel": -0.013191967721025488,
      "op_leverage_ratio": Infinity,
      "fcf_margin_change": 0.09429854052702837
    },
    {
      "date": "2025-06-30T00:00:00",
      "quarter_label": "2025-06 (Q2)",
      "revenue": 211371000,
      "gross_profit": 136756000,
      "operating_income": 13892000,
      "net_income": 8549000,
      "opex": 197479000,
      "cogs": 74615000,
      "rd": 16535000,
      "sga": 81771000,
      "fcf": 71798000,
      "ocf": 75812000,
      "capex": -4014000,
      "gross_margin": 0.6469950939343618,
      "op_margin": 0.06572330168282309,
      "fcf_margin": 0.3396776284353104,
      "incr_op_margin_yoy": 0.1189537848931557,
      "rev_growth_yoy": 0.5312300782381918,
      "rev_growth_yoy_accel": 0.09688532090718693,
      "op_leverage_ratio": 0.4653520355421196,
      "fcf_margin_change": 0.1747188719291873
    },
    {
      "date": "2025-09-30T00:00:00",
      "quarter_label": "2025-09 (Q3)",
      "revenue": 227813000,
      "gross_profit": 134424000,
      "operating_income": 36240000,
      "net_income": 26617000,
      "opex": 191573000,
      "cogs": 93389000,
      "rd": 12304000,
      "sga": 76656000,
      "fcf": 37952000,
      "ocf": 44055000,
      "capex": -6103000,
      "gross_margin": 0.5900629024682524,
      "op_margin": 0.1590778401583755,
      "fcf_margin": 0.166592775653716,
      "incr_op_margin_yoy": 0.7141203558083064,
      "rev_growth_yoy": 0.5358317827575978,
      "rev_growth_yoy_accel": 0.0046017045194060024,
      "op_leverage_ratio": Infinity,
      "fcf_margin_change": -0.1730848527815944
    }
  ],
  "signals": [
    {
      "quarter": "2025-09 (Q3)",
      "signal": "OP MARGIN TURNED POSITIVE (YoY)",
      "detail": "Op margin: -13.8% (year-ago) -> +15.9%",
      "severity": "HIGH"
    },
    {
      "quarter": "2025-06 (Q2)",
      "signal": "FCF MARGIN EXPANSION",
      "detail": "FCF margin: +16.5% -> +34.0% (+17.5%)",
      "severity": "MEDIUM"
    },
    {
      "quarter": "2025-06 (Q2)",
      "signal": "YoY REVENUE GROWTH ACCELERATION",
      "detail": "YoY growth: +53.1% vs prior quarter YoY: +43.4% (accel: +9.7%)",
      "severity": "MEDIUM"
    },
    {
      "quarter": "2025-03 (Q1)",
      "signal": "FCF MARGIN EXPANSION",
      "detail": "FCF margin: +7.1% -> +16.5% (+9.4%)",
      "severity": "MEDIUM"
    },
    {
      "quarter": "2025-03 (Q1)",
      "signal": "OP MARGIN TURNED POSITIVE (QoQ)",
      "detail": "Op margin: -2.3% -> +13.3%",
      "severity": "HIGH"
    },
    {
      "quarter": "2024-12 (Q4)",
      "signal": "OPERATING LEVERAGE",
      "detail": "Rev growth +28.5% vs OpEx growth +15.5% (leverage: 1.8x)",
      "severity": "MEDIUM"
    },
    {
      "quarter": "2024-12 (Q4)",
      "signal": "YoY REVENUE GROWTH ACCELERATION",
      "detail": "YoY growth: +44.8% vs prior quarter YoY: +12.5% (accel: +32.2%)",
      "severity": "HIGH"
    },
    {
      "quarter": "2024-09 (Q3)",
      "signal": "YoY REVENUE GROWTH DECELERATION",
      "detail": "YoY growth: +12.5% vs prior quarter YoY: +18.4% (decel: -5.9%)",
      "severity": "WARNING"
    },
    {
      "quarter": "2024-06 (Q2)",
      "signal": "YoY REVENUE GROWTH DECELERATION",
      "detail": "YoY growth: +18.4% vs prior quarter YoY: +28.7% (decel: -10.3%)",
      "severity": "WARNING"
    },
    {
      "quarter": "2024-03 (Q1)",
      "signal": "GROSS MARGIN INFLECTION",
      "detail": "GM: +63.5% -> +59.4% -> +64.2% (reversal +4.8%)",
      "severity": "MEDIUM"
    },
    {
      "quarter": "2024-03 (Q1)",
      "signal": "YoY REVENUE GROWTH DECELERATION",
      "detail": "YoY growth: +28.7% vs prior quarter YoY: +39.7% (decel: -11.0%)",
      "severity": "WARNING"
    },
    {
      "quarter": "2024-03 (Q1)",
      "signal": "INCREMENTAL MARGIN (YoY)",
      "detail": "YoY Incr OPM: +34.0% vs year-ago OPM: +9.3%",
      "severity": "HIGH"
    },
    {
      "quarter": "2023-12 (Q4)",
      "signal": "FCF MARGIN EXPANSION",
      "detail": "FCF margin: +23.1% -> +32.3% (+9.2%)",
      "severity": "MEDIUM"
    },
    {
      "quarter": "2023-12 (Q4)",
      "signal": "YoY REVENUE GROWTH DECELERATION",
      "detail": "YoY growth: +39.7% vs prior quarter YoY: +57.3% (decel: -17.6%)",
      "severity": "WARNING"
    },
    {
      "quarter": "2023-12 (Q4)",
      "signal": "INCREMENTAL MARGIN (YoY)",
      "detail": "YoY Incr OPM: +13.1% vs year-ago OPM: +1.9%",
      "severity": "MEDIUM"
    },
    {
      "quarter": "2023-09 (Q3)",
      "signal": "FCF MARGIN EXPANSION",
      "detail": "FCF margin: +15.6% -> +23.1% (+7.5%)",
      "severity": "MEDIUM"
    },
    {
      "quarter": "2023-09 (Q3)",
      "signal": "OP MARGIN TURNED POSITIVE (YoY)",
      "detail": "Op margin: -6.0% (year-ago) -> +13.6%",
      "severity": "HIGH"
    },
    {
      "quarter": "2023-06 (Q2)",
      "signal": "YoY REVENUE GROWTH DECELERATION",
      "detail": "YoY growth: +57.8% vs prior quarter YoY: +65.6% (decel: -7.8%)",
      "severity": "WARNING"
    },
    {
      "quarter": "2023-06 (Q2)",
      "signal": "OP MARGIN TURNED POSITIVE (YoY)",
      "detail": "Op margin: -17.5% (year-ago) -> +10.6%",
      "severity": "HIGH"
    },
    {
      "quarter": "2023-03 (Q1)",
      "signal": "FCF TURNED POSITIVE",
      "detail": "FCF margin: -8.0% -> +17.9%",
      "severity": "HIGH"
    },
    {
      "quarter": "2023-03 (Q1)",
      "signal": "OPERATING LEVERAGE",
      "detail": "Rev growth +13.3% vs OpEx growth +4.8% (leverage: 2.7x)",
      "severity": "MEDIUM"
    },
    {
      "quarter": "2023-03 (Q1)",
      "signal": "YoY REVENUE GROWTH ACCELERATION",
      "detail": "YoY growth: +65.6% vs prior quarter YoY: +54.7% (accel: +11.0%)",
      "severity": "MEDIUM"
    },
    {
      "quarter": "2023-03 (Q1)",
      "signal": "OP MARGIN TURNED POSITIVE (YoY)",
      "detail": "Op margin: -29.8% (year-ago) -> +9.3%",
      "severity": "HIGH"
    },
    {
      "quarter": "2022-12 (Q4)",
      "signal": "OPERATING LEVERAGE",
      "detail": "Rev growth +12.4% vs OpEx growth +4.0% (leverage: 3.1x)",
      "severity": "MEDIUM"
    },
    {
      "quarter": "2022-12 (Q4)",
      "signal": "YoY REVENUE GROWTH DECELERATION",
      "detail": "YoY growth: +54.7% vs prior quarter YoY: +61.0% (decel: -6.3%)",
      "severity": "WARNING"
    },
    {
      "quarter": "2022-12 (Q4)",
      "signal": "OP MARGIN TURNED POSITIVE (YoY)",
      "detail": "Op margin: -38.9% (year-ago) -> +1.9%",
      "severity": "HIGH"
    },
    {
      "quarter": "2022-12 (Q4)",
      "signal": "OP MARGIN TURNED POSITIVE (QoQ)",
      "detail": "Op margin: -6.0% -> +1.9%",
      "severity": "HIGH"
    },
    {
      "quarter": "2022-09 (Q3)",
      "signal": "FCF TURNED POSITIVE",
      "detail": "FCF margin: -17.3% -> +1.4%",
      "severity": "HIGH"
    },
    {
      "quarter": "2022-09 (Q3)",
      "signal": "OPERATING LEVERAGE",
      "detail": "Rev growth +13.5% vs OpEx growth +2.4% (leverage: 5.7x)",
      "severity": "MEDIUM"
    },
    {
      "quarter": "2022-09 (Q3)",
      "signal": "YoY REVENUE GROWTH ACCELERATION",
      "detail": "YoY growth: +61.0% vs prior quarter YoY: +51.9% (accel: +9.1%)",
      "severity": "MEDIUM"
    },
    {
      "quarter": "2022-06 (Q2)",
      "signal": "FCF MARGIN EXPANSION",
      "detail": "FCF margin: -32.4% -> -17.3% (+15.1%)",
      "severity": "MEDIUM"
    },
    {
      "quarter": "2022-06 (Q2)",
      "signal": "OPERATING LEVERAGE",
      "detail": "Rev growth +14.5% vs OpEx growth +3.7% (leverage: 3.9x)",
      "severity": "MEDIUM"
    },
    {
      "quarter": "2022-06 (Q2)",
      "signal": "YoY REVENUE GROWTH ACCELERATION",
      "detail": "YoY growth: +51.9% vs prior quarter YoY: +18.3% (accel: +33.6%)",
      "severity": "HIGH"
    },
    {
      "quarter": "2022-03 (Q1)",
      "signal": "GROSS MARGIN INFLECTION",
      "detail": "GM: +53.1% -> +44.4% -> +46.8% (reversal +2.5%)",
      "severity": "MEDIUM"
    },
    {
      "quarter": "2022-03 (Q1)",
      "signal": "YoY REVENUE GROWTH ACCELERATION",
      "detail": "YoY growth: +18.3% vs prior quarter YoY: +6.4% (accel: +11.8%)",
      "severity": "MEDIUM"
    },
    {
      "quarter": "2021-03 (Q1)",
      "signal": "FCF TURNED POSITIVE",
      "detail": "FCF margin: -13.7% -> +36.6%",
      "severity": "HIGH"
    }
  ],
  "data_quality": {
    "n_quarters": 20,
    "coverage": {
      "revenue": [
        20,
        20
      ],
      "gross_profit": [
        20,
        20
      ],
      "op_income": [
        20,
        20
      ],
      "fcf": [
        20,
        20
      ]
    },
    "gaps": [],
    "warnings": []
  },
  "market_cap": null,
  "source": "SEC EDGAR",
  "last_updated": "2026-02-02T21:40:52.920448",
  "sector": "Healthcare",
  "industry": "Drug Manufacturers - Specialty & Generic"
}