{
  "ticker": "AORT",
  "name": "ARTIVION, INC.",
  "sector": "Healthcare",
  "industry": "Medical Devices",
  "quarters": [
    {
      "date": "2021-03-31T00:00:00",
      "quarter_label": "2021-03 (Q1)",
      "revenue": 71087000,
      "gross_profit": 47838000,
      "operating_income": 1446000,
      "net_income": -3138000,
      "opex": 46392000,
      "cogs": 23249000,
      "rd": 7754000,
      "sga": 38638000,
      "fcf": -4541000,
      "ocf": -3039000,
      "capex": -1502000,
      "gross_margin": 0.6729500471253534,
      "op_margin": 0.020341271962524794,
      "fcf_margin": -0.06387947163335068
    },
    {
      "date": "2021-06-30T00:00:00",
      "quarter_label": "2021-06 (Q2)",
      "revenue": 76148000,
      "gross_profit": 50513000,
      "operating_income": 1323000,
      "net_income": -2178000,
      "opex": 49190000,
      "cogs": 25635000,
      "rd": 8360000,
      "sga": 40830000,
      "fcf": -3100000,
      "ocf": 2647000,
      "capex": -5747000,
      "gross_margin": 0.6633529442664285,
      "op_margin": 0.01737406103902926,
      "fcf_margin": -0.040710195934233334,
      "op_leverage_ratio": 1.1804335279124645,
      "fcf_margin_change": 0.02316927569911735
    },
    {
      "date": "2021-09-30T00:00:00",
      "quarter_label": "2021-09 (Q3)",
      "revenue": 72207000,
      "gross_profit": 47789000,
      "operating_income": 14687000,
      "net_income": 10582000,
      "opex": 49025000,
      "cogs": 24418000,
      "rd": 9972000,
      "sga": 39053000,
      "fcf": -6184000,
      "ocf": -2909000,
      "capex": -3275000,
      "gross_margin": 0.6618333402578698,
      "op_margin": 0.2034013322808038,
      "fcf_margin": -0.08564266622349634,
      "fcf_margin_change": -0.044932470289263005
    },
    {
      "date": "2021-12-31T00:00:00",
      "quarter_label": "2021-12 (Q4)",
      "revenue": 79394000,
      "gross_profit": 51374000,
      "operating_income": -9339000,
      "net_income": -20100000,
      "opex": 60713000,
      "cogs": 28020000,
      "rd": 9460000,
      "sga": 51253000,
      "fcf": -1851000,
      "ocf": 716000,
      "capex": -2567000,
      "gross_margin": 0.6470766052850341,
      "op_margin": -0.11762853616142278,
      "fcf_margin": -0.023314104340378367,
      "op_leverage_ratio": 0.4174896781514345,
      "fcf_margin_change": 0.06232856188311797
    },
    {
      "date": "2022-03-31T00:00:00",
      "quarter_label": "2022-03 (Q1)",
      "revenue": 77213000,
      "gross_profit": 50719000,
      "operating_income": 1636000,
      "net_income": -3389000,
      "opex": 49083000,
      "cogs": 26494000,
      "rd": 10128000,
      "sga": 38955000,
      "fcf": -2837000,
      "ocf": -598000,
      "capex": -2239000,
      "gross_margin": 0.6568712522502688,
      "op_margin": 0.02118814189320451,
      "fcf_margin": -0.03674251745172445,
      "incr_op_margin_yoy": 0.031015344433561867,
      "rev_growth_yoy": 0.08617609408189965,
      "fcf_margin_change": -0.013428413111346085
    },
    {
      "date": "2022-06-30T00:00:00",
      "quarter_label": "2022-06 (Q2)",
      "revenue": 80340000,
      "gross_profit": 52172000,
      "operating_income": 4541000,
      "net_income": -4259000,
      "opex": 47631000,
      "cogs": 28168000,
      "rd": 8648000,
      "sga": 38983000,
      "fcf": -10130000,
      "ocf": -8314000,
      "capex": -1816000,
      "gross_margin": 0.6493900921085387,
      "op_margin": 0.056522280308688076,
      "fcf_margin": -0.1260891212347523,
      "incr_op_margin_yoy": 0.7676526717557252,
      "rev_growth_yoy": 0.055050690760098754,
      "rev_growth_yoy_accel": -0.031125403321800894,
      "op_leverage_ratio": null,
      "fcf_margin_change": -0.08934660378302785
    },
    {
      "date": "2022-09-30T00:00:00",
      "quarter_label": "2022-09 (Q3)",
      "revenue": 76838000,
      "gross_profit": 48744000,
      "operating_income": -4106000,
      "net_income": -13713000,
      "opex": 52850000,
      "cogs": 28094000,
      "rd": 11799000,
      "sga": 41051000,
      "fcf": 1107000,
      "ocf": 3976000,
      "capex": -2869000,
      "gross_margin": 0.634373617220646,
      "op_margin": -0.05343710143418621,
      "fcf_margin": 0.014406934069080403,
      "incr_op_margin_yoy": -4.058086806305334,
      "rev_growth_yoy": 0.06413505615799023,
      "rev_growth_yoy_accel": 0.009084365397891474,
      "fcf_margin_change": 0.1404960553038327
    },
    {
      "date": "2022-12-31T00:00:00",
      "quarter_label": "2022-12 (Q4)",
      "revenue": 79398000,
      "gross_profit": 50888000,
      "operating_income": 4130000,
      "net_income": 2169000,
      "opex": 46758000,
      "cogs": 28510000,
      "rd": 8304000,
      "sga": 38454000,
      "fcf": -4008000,
      "ocf": -217000,
      "capex": -3791000,
      "gross_margin": 0.6409229451623467,
      "op_margin": 0.052016423587495905,
      "fcf_margin": -0.05047986095367642,
      "rev_growth_yoy": 5.038164093004509e-05,
      "rev_growth_yoy_accel": -0.06408467451706018,
      "op_leverage_ratio": null,
      "fcf_margin_change": -0.06488679502275682
    },
    {
      "date": "2023-03-31T00:00:00",
      "quarter_label": "2023-03 (Q1)",
      "revenue": 83229000,
      "gross_profit": 53727000,
      "operating_income": -3861000,
      "net_income": -13532000,
      "opex": 57588000,
      "cogs": 29502000,
      "rd": 7223000,
      "sga": 50365000,
      "fcf": -8997000,
      "ocf": -6154000,
      "capex": -2843000,
      "gross_margin": 0.6455322063223156,
      "op_margin": -0.04639008038063656,
      "fcf_margin": -0.10809934037414844,
      "incr_op_margin_yoy": -0.9137300531914894,
      "rev_growth_yoy": 0.07791434084933885,
      "rev_growth_yoy_accel": 0.0778639592084088,
      "op_leverage_ratio": 0.20831956455708708,
      "fcf_margin_change": -0.05761947942047202
    },
    {
      "date": "2023-06-30T00:00:00",
      "quarter_label": "2023-06 (Q2)",
      "revenue": 89251000,
      "gross_profit": 58084000,
      "operating_income": 7675000,
      "net_income": -3382000,
      "opex": 64659000,
      "cogs": 31167000,
      "rd": 7418000,
      "sga": 57241000,
      "fcf": 4737000,
      "ocf": 6909000,
      "capex": -2172000,
      "gross_margin": 0.6507938286405754,
      "op_margin": 0.08599343424723532,
      "fcf_margin": 0.05307503557383111,
      "incr_op_margin_yoy": 0.3517001458871058,
      "rev_growth_yoy": 0.11091610654717451,
      "rev_growth_yoy_accel": 0.03300176569783567,
      "op_leverage_ratio": 0.5892739372825877,
      "fcf_margin_change": 0.16117437594797954
    },
    {
      "date": "2023-09-30T00:00:00",
      "quarter_label": "2023-09 (Q3)",
      "revenue": 87854000,
      "gross_profit": 56270000,
      "operating_income": -1244000,
      "net_income": -9801000,
      "opex": 57514000,
      "cogs": 31584000,
      "rd": 6421000,
      "sga": 51093000,
      "fcf": 5164000,
      "ocf": 7232000,
      "capex": -2068000,
      "gross_margin": 0.6404944567122727,
      "op_margin": -0.01415985612493455,
      "fcf_margin": 0.058779338447879435,
      "incr_op_margin_yoy": 0.25980392156862747,
      "rev_growth_yoy": 0.14336656341914156,
      "rev_growth_yoy_accel": 0.03245045687196704,
      "fcf_margin_change": 0.005704302874048328
    },
    {
      "date": "2023-12-31T00:00:00",
      "quarter_label": "2023-12 (Q4)",
      "revenue": 93670000,
      "gross_profit": 61095000,
      "operating_income": 3172000,
      "net_income": -3975000,
      "opex": 57923000,
      "cogs": 32575000,
      "rd": 7645000,
      "sga": 50278000,
      "fcf": 8169000,
      "ocf": 10838000,
      "capex": -2669000,
      "gross_margin": 0.6522365752108465,
      "op_margin": 0.03386356357425003,
      "fcf_margin": 0.08721041955802285,
      "incr_op_margin_yoy": -0.06712443946188341,
      "rev_growth_yoy": 0.17975263860550644,
      "rev_growth_yoy_accel": 0.036386075186364886,
      "op_leverage_ratio": 9.309216340980921,
      "fcf_margin_change": 0.028431081110143412
    },
    {
      "date": "2024-03-31T00:00:00",
      "quarter_label": "2024-03 (Q1)",
      "revenue": 97431000,
      "gross_profit": 62946000,
      "operating_income": 25311000,
      "net_income": 7533000,
      "opex": 37635000,
      "cogs": 34485000,
      "rd": 6946000,
      "sga": 30689000,
      "fcf": -9104000,
      "ocf": -5493000,
      "capex": -3611000,
      "gross_margin": 0.6460572097176464,
      "op_margin": 0.259783847030206,
      "fcf_margin": -0.09344048608759019,
      "incr_op_margin_yoy": 2.054076890578792,
      "rev_growth_yoy": 0.17063763832318063,
      "rev_growth_yoy_accel": -0.009115000282325814,
      "op_leverage_ratio": null,
      "fcf_margin_change": -0.18065090564561304
    },
    {
      "date": "2024-06-30T00:00:00",
      "quarter_label": "2024-06 (Q2)",
      "revenue": 98019000,
      "gross_profit": 63324000,
      "operating_income": 6507000,
      "net_income": -2121000,
      "opex": 56817000,
      "cogs": 34695000,
      "rd": 7497000,
      "sga": 49320000,
      "fcf": 3622000,
      "ocf": 6135000,
      "capex": -2513000,
      "gross_margin": 0.6460380130382885,
      "op_margin": 0.06638508860527041,
      "fcf_margin": 0.036952019506422226,
      "incr_op_margin_yoy": -0.1332116788321168,
      "rev_growth_yoy": 0.09823979563254193,
      "rev_growth_yoy_accel": -0.0723978426906387,
      "fcf_margin_change": 0.13039250559401241
    },
    {
      "date": "2024-09-30T00:00:00",
      "quarter_label": "2024-09 (Q3)",
      "revenue": 95779000,
      "gross_profit": 61009000,
      "operating_income": 4387000,
      "net_income": -2288000,
      "opex": 56622000,
      "cogs": 34770000,
      "rd": 6605000,
      "sga": 50017000,
      "fcf": 7816000,
      "ocf": 11455000,
      "capex": -3639000,
      "gross_margin": 0.636976790319381,
      "op_margin": 0.045803359817914155,
      "fcf_margin": 0.08160452708840142,
      "incr_op_margin_yoy": 0.7105362776025237,
      "rev_growth_yoy": 0.09020647893095363,
      "rev_growth_yoy_accel": -0.0080333167015883,
      "fcf_margin_change": 0.044652507581979195
    },
    {
      "date": "2024-12-31T00:00:00",
      "quarter_label": "2024-12 (Q4)",
      "revenue": 97308000,
      "gross_profit": 61502000,
      "operating_income": 2669000,
      "net_income": -16483000,
      "opex": 58833000,
      "cogs": 35806000,
      "rd": 7404000,
      "sga": 51429000,
      "fcf": 8714000,
      "ocf": 10139000,
      "capex": -1425000,
      "gross_margin": 0.6320343651087269,
      "op_margin": 0.02742837176799441,
      "fcf_margin": 0.08955070497800798,
      "incr_op_margin_yoy": -0.1382627817482133,
      "rev_growth_yoy": 0.038838475499092556,
      "rev_growth_yoy_accel": -0.05136800343186107,
      "op_leverage_ratio": 0.4088214270632035,
      "fcf_margin_change": 0.007946177889606554
    },
    {
      "date": "2025-03-31T00:00:00",
      "quarter_label": "2025-03 (Q1)",
      "revenue": 98978000,
      "gross_profit": 63577000,
      "operating_income": 2145000,
      "net_income": -505000,
      "opex": 61432000,
      "cogs": 35401000,
      "rd": 6728000,
      "sga": 54704000,
      "fcf": -20591000,
      "ocf": -16953000,
      "capex": -3638000,
      "gross_margin": 0.6423346602275253,
      "op_margin": 0.02167148255167815,
      "fcf_margin": -0.2080361292408414,
      "incr_op_margin_yoy": -14.974789915966387,
      "rev_growth_yoy": 0.015877903336720345,
      "rev_growth_yoy_accel": -0.02296057216237221,
      "op_leverage_ratio": 0.3884925005305977,
      "fcf_margin_change": -0.29758683421884935
    },
    {
      "date": "2025-06-30T00:00:00",
      "quarter_label": "2025-06 (Q2)",
      "revenue": 112972000,
      "gross_profit": 73112000,
      "operating_income": 8384000,
      "net_income": 1345000,
      "opex": 64728000,
      "cogs": 39860000,
      "rd": 7063000,
      "sga": 57665000,
      "fcf": 11724000,
      "ocf": 15011000,
      "capex": -3287000,
      "gross_margin": 0.6471692100697518,
      "op_margin": 0.07421307934709485,
      "fcf_margin": 0.1037779272740148,
      "incr_op_margin_yoy": 0.12552665017053435,
      "rev_growth_yoy": 0.15255205623399545,
      "rev_growth_yoy_accel": 0.1366741528972751,
      "op_leverage_ratio": 2.635182193081252,
      "fcf_margin_change": 0.31181405651485616
    },
    {
      "date": "2025-09-30T00:00:00",
      "quarter_label": "2025-09 (Q3)",
      "revenue": 113388000,
      "gross_profit": 74395000,
      "operating_income": 12536000,
      "net_income": 6502000,
      "opex": 65359000,
      "cogs": 38993000,
      "rd": 8078000,
      "sga": 57281000,
      "fcf": 17653000,
      "ocf": 22262000,
      "capex": -4609000,
      "gross_margin": 0.6561099940028927,
      "op_margin": 0.11055843651885561,
      "fcf_margin": 0.15568666878329276,
      "incr_op_margin_yoy": 0.462774717474019,
      "rev_growth_yoy": 0.18385032209565771,
      "rev_growth_yoy_accel": 0.03129826586166226,
      "fcf_margin_change": 0.05190874150927796
    },
    {
      "date": "2025-12-31T00:00:00",
      "quarter_label": "2025-12 (Q4)",
      "revenue": 115992000,
      "gross_profit": 73143000,
      "operating_income": 10680000,
      "net_income": 2426000,
      "opex": 65963000,
      "cogs": 42849000,
      "rd": 9122000,
      "sga": 56841000,
      "fcf": -7947000,
      "ocf": 19560000,
      "capex": -27507000,
      "gross_margin": 0.630586592178771,
      "op_margin": 0.0920753155390027,
      "fcf_margin": -0.06851334574798262,
      "incr_op_margin_yoy": 0.42876257760650827,
      "rev_growth_yoy": 0.19200887902330743,
      "rev_growth_yoy_accel": 0.008158556927649718,
      "op_leverage_ratio": 2.485091277748302,
      "fcf_margin_change": -0.2242000145312754
    }
  ],
  "signals": [
    {
      "quarter": "2025-12 (Q4)",
      "signal": "OPERATING LEVERAGE",
      "detail": "Rev growth +2.3% vs OpEx growth +0.9% (leverage: 2.5x)",
      "severity": "MEDIUM"
    },
    {
      "quarter": "2025-12 (Q4)",
      "signal": "INCREMENTAL MARGIN (YoY)",
      "detail": "YoY Incr OPM: +42.9% vs year-ago OPM: +2.7%",
      "severity": "HIGH"
    },
    {
      "quarter": "2025-09 (Q3)",
      "signal": "FCF MARGIN EXPANSION",
      "detail": "FCF margin: +10.4% -> +15.6% (+5.2%)",
      "severity": "MEDIUM"
    },
    {
      "quarter": "2025-09 (Q3)",
      "signal": "INCREMENTAL MARGIN (YoY)",
      "detail": "YoY Incr OPM: +46.3% vs year-ago OPM: +4.6%",
      "severity": "HIGH"
    },
    {
      "quarter": "2025-06 (Q2)",
      "signal": "FCF TURNED POSITIVE",
      "detail": "FCF margin: -20.8% -> +10.4%",
      "severity": "HIGH"
    },
    {
      "quarter": "2025-06 (Q2)",
      "signal": "OPERATING LEVERAGE",
      "detail": "Rev growth +14.1% vs OpEx growth +5.4% (leverage: 2.6x)",
      "severity": "MEDIUM"
    },
    {
      "quarter": "2025-06 (Q2)",
      "signal": "YoY REVENUE GROWTH ACCELERATION",
      "detail": "YoY growth: +15.3% vs prior quarter YoY: +1.6% (accel: +13.7%)",
      "severity": "MEDIUM"
    },
    {
      "quarter": "2024-12 (Q4)",
      "signal": "YoY REVENUE GROWTH DECELERATION",
      "detail": "YoY growth: +3.9% vs prior quarter YoY: +9.0% (decel: -5.1%)",
      "severity": "WARNING"
    },
    {
      "quarter": "2024-09 (Q3)",
      "signal": "OP MARGIN TURNED POSITIVE (YoY)",
      "detail": "Op margin: -1.4% (year-ago) -> +4.6%",
      "severity": "HIGH"
    },
    {
      "quarter": "2024-06 (Q2)",
      "signal": "FCF TURNED POSITIVE",
      "detail": "FCF margin: -9.3% -> +3.7%",
      "severity": "HIGH"
    },
    {
      "quarter": "2024-06 (Q2)",
      "signal": "YoY REVENUE GROWTH DECELERATION",
      "detail": "YoY growth: +9.8% vs prior quarter YoY: +17.1% (decel: -7.2%)",
      "severity": "WARNING"
    },
    {
      "quarter": "2024-03 (Q1)",
      "signal": "OP MARGIN TURNED POSITIVE (YoY)",
      "detail": "Op margin: -4.6% (year-ago) -> +26.0%",
      "severity": "HIGH"
    },
    {
      "quarter": "2023-12 (Q4)",
      "signal": "OPERATING LEVERAGE",
      "detail": "Rev growth +6.6% vs OpEx growth +0.7% (leverage: 9.3x)",
      "severity": "MEDIUM"
    },
    {
      "quarter": "2023-12 (Q4)",
      "signal": "OP MARGIN TURNED POSITIVE (QoQ)",
      "detail": "Op margin: -1.4% -> +3.4%",
      "severity": "HIGH"
    },
    {
      "quarter": "2023-06 (Q2)",
      "signal": "FCF TURNED POSITIVE",
      "detail": "FCF margin: -10.8% -> +5.3%",
      "severity": "HIGH"
    },
    {
      "quarter": "2023-06 (Q2)",
      "signal": "INCREMENTAL MARGIN (YoY)",
      "detail": "YoY Incr OPM: +35.2% vs year-ago OPM: +5.7%",
      "severity": "HIGH"
    },
    {
      "quarter": "2023-06 (Q2)",
      "signal": "OP MARGIN TURNED POSITIVE (QoQ)",
      "detail": "Op margin: -4.6% -> +8.6%",
      "severity": "HIGH"
    },
    {
      "quarter": "2023-03 (Q1)",
      "signal": "YoY REVENUE GROWTH ACCELERATION",
      "detail": "YoY growth: +7.8% vs prior quarter YoY: +0.0% (accel: +7.8%)",
      "severity": "MEDIUM"
    },
    {
      "quarter": "2022-12 (Q4)",
      "signal": "YoY REVENUE GROWTH DECELERATION",
      "detail": "YoY growth: +0.0% vs prior quarter YoY: +6.4% (decel: -6.4%)",
      "severity": "WARNING"
    },
    {
      "quarter": "2022-12 (Q4)",
      "signal": "OP MARGIN TURNED POSITIVE (YoY)",
      "detail": "Op margin: -11.8% (year-ago) -> +5.2%",
      "severity": "HIGH"
    },
    {
      "quarter": "2022-12 (Q4)",
      "signal": "OP MARGIN TURNED POSITIVE (QoQ)",
      "detail": "Op margin: -5.3% -> +5.2%",
      "severity": "HIGH"
    },
    {
      "quarter": "2022-09 (Q3)",
      "signal": "FCF TURNED POSITIVE",
      "detail": "FCF margin: -12.6% -> +1.4%",
      "severity": "HIGH"
    },
    {
      "quarter": "2022-06 (Q2)",
      "signal": "INCREMENTAL MARGIN (YoY)",
      "detail": "YoY Incr OPM: +76.8% vs year-ago OPM: +1.7%",
      "severity": "HIGH"
    },
    {
      "quarter": "2022-03 (Q1)",
      "signal": "OP MARGIN TURNED POSITIVE (QoQ)",
      "detail": "Op margin: -11.8% -> +2.1%",
      "severity": "HIGH"
    },
    {
      "quarter": "2021-12 (Q4)",
      "signal": "FCF MARGIN EXPANSION",
      "detail": "FCF margin: -8.6% -> -2.3% (+6.2%)",
      "severity": "MEDIUM"
    }
  ],
  "data_quality": {
    "n_quarters": 20,
    "coverage": {
      "revenue": [
        20,
        20
      ],
      "gross_profit": [
        20,
        20
      ],
      "op_income": [
        20,
        20
      ],
      "fcf": [
        20,
        20
      ]
    },
    "gaps": [],
    "warnings": []
  },
  "market_cap": null,
  "source": "SEC EDGAR",
  "last_updated": "2026-02-24T10:28:29.764217"
}