{
  "ticker": "AOS",
  "name": "A. O. Smith Corporation",
  "quarters": [
    {
      "date": "2020-09-30T00:00:00",
      "quarter_label": "2020-09 (Q3)",
      "revenue": 760000000,
      "gross_profit": 297100000,
      "operating_income": 149800000,
      "net_income": 105400000,
      "opex": 147300000,
      "cogs": 462900000,
      "rd": null,
      "sga": 159400000,
      "fcf": 151100000,
      "ocf": 151100000,
      "capex": null,
      "gross_margin": 0.39092105263157895,
      "op_margin": 0.19710526315789473,
      "fcf_margin": 0.19881578947368422
    },
    {
      "date": "2020-12-31T00:00:00",
      "quarter_label": "2020-12 (Q4)",
      "revenue": 834500000,
      "gross_profit": 324100000,
      "operating_income": 169200000,
      "net_income": 120000000,
      "opex": 154900000,
      "cogs": 510400000,
      "rd": null,
      "sga": 171200000,
      "fcf": 231700000,
      "ocf": 231700000,
      "capex": null,
      "gross_margin": 0.3883762732174955,
      "op_margin": 0.20275614140203715,
      "fcf_margin": 0.27765128819652485,
      "op_leverage_ratio": 1.8999047783933516,
      "fcf_margin_change": 0.07883549872284062
    },
    {
      "date": "2021-03-31T00:00:00",
      "quarter_label": "2021-03 (Q1)",
      "revenue": 769000000,
      "gross_profit": 288600000,
      "operating_income": 142200000,
      "net_income": 97700000,
      "opex": 146400000,
      "cogs": 480400000,
      "rd": null,
      "sga": 166500000,
      "fcf": 104400000,
      "ocf": 104400000,
      "capex": null,
      "gross_margin": 0.3752925877763329,
      "op_margin": 0.18491547464239272,
      "fcf_margin": 0.13576072821846555,
      "fcf_margin_change": -0.1418905599780593
    },
    {
      "date": "2021-06-30T00:00:00",
      "quarter_label": "2021-06 (Q2)",
      "revenue": 859800000,
      "gross_profit": 321400000,
      "operating_income": 164000000,
      "net_income": 118200000,
      "opex": 157400000,
      "cogs": 538400000,
      "rd": null,
      "sga": 173100000,
      "fcf": 91600000,
      "ocf": 91600000,
      "capex": null,
      "gross_margin": 0.3738078622935566,
      "op_margin": 0.19074203303093742,
      "fcf_margin": 0.10653640381484066,
      "op_leverage_ratio": 1.5714765338692518,
      "fcf_margin_change": -0.029224324403624893
    },
    {
      "date": "2021-09-30T00:00:00",
      "quarter_label": "2021-09 (Q3)",
      "revenue": 914600000,
      "gross_profit": 340300000,
      "operating_income": 178500000,
      "net_income": 131600000,
      "opex": 161800000,
      "cogs": 574300000,
      "rd": null,
      "sga": 177600000,
      "fcf": 180800000,
      "ocf": 180800000,
      "capex": null,
      "gross_margin": 0.3720752241417013,
      "op_margin": 0.19516728624535315,
      "fcf_margin": 0.19768204679641374,
      "incr_op_margin_yoy": 0.18564036222509703,
      "rev_growth_yoy": 0.20342105263157895,
      "op_leverage_ratio": 2.280001691725348,
      "fcf_margin_change": 0.09114564298157309
    },
    {
      "date": "2021-12-31T00:00:00",
      "quarter_label": "2021-12 (Q4)",
      "revenue": 995500000,
      "gross_profit": 360600000,
      "operating_income": 197300000,
      "net_income": 139600000,
      "opex": 163300000,
      "cogs": 634900000,
      "rd": null,
      "sga": 184200000,
      "fcf": 264300000,
      "ocf": 264300000,
      "capex": null,
      "gross_margin": 0.36223003515821195,
      "op_margin": 0.19819186338523356,
      "fcf_margin": 0.2654947262682069,
      "incr_op_margin_yoy": 0.17453416149068324,
      "rev_growth_yoy": 0.19292989814260036,
      "rev_growth_yoy_accel": -0.010491154488978582,
      "op_leverage_ratio": 9.541234783876376,
      "fcf_margin_change": 0.06781267947179317
    },
    {
      "date": "2022-03-31T00:00:00",
      "quarter_label": "2022-03 (Q1)",
      "revenue": 977700000,
      "gross_profit": 341600000,
      "operating_income": 176500000,
      "net_income": 119800000,
      "opex": 165100000,
      "cogs": 636100000,
      "rd": null,
      "sga": 179800000,
      "fcf": 16500000,
      "ocf": 16500000,
      "capex": null,
      "gross_margin": 0.3493914288636596,
      "op_margin": 0.1805257236371075,
      "fcf_margin": 0.016876342436330162,
      "incr_op_margin_yoy": 0.16435074269286057,
      "rev_growth_yoy": 0.27139141742522754,
      "rev_growth_yoy_accel": 0.07846151928262718,
      "fcf_margin_change": -0.24861838383187676
    },
    {
      "date": "2022-06-30T00:00:00",
      "quarter_label": "2022-06 (Q2)",
      "revenue": 965900000,
      "gross_profit": 334400000,
      "operating_income": 178000000,
      "net_income": 126200000,
      "opex": 156400000,
      "cogs": 631500000,
      "rd": null,
      "sga": 166700000,
      "fcf": 37900000,
      "ocf": 37900000,
      "capex": null,
      "gross_margin": 0.34620561134693034,
      "op_margin": 0.18428408737964594,
      "fcf_margin": 0.03923801635780101,
      "incr_op_margin_yoy": 0.13195098963242224,
      "rev_growth_yoy": 0.12340079088160037,
      "rev_growth_yoy_accel": -0.14799062654362716,
      "fcf_margin_change": 0.02236167392147085
    },
    {
      "date": "2022-09-30T00:00:00",
      "quarter_label": "2022-09 (Q3)",
      "revenue": 874200000,
      "gross_profit": 305000000,
      "operating_income": 163600000,
      "net_income": 109800000,
      "opex": 141400000,
      "cogs": 569200000,
      "rd": null,
      "sga": 155500000,
      "fcf": 160300000,
      "ocf": 160300000,
      "capex": null,
      "gross_margin": 0.3488904140928849,
      "op_margin": 0.18714253031342942,
      "fcf_margin": 0.1833676504232441,
      "incr_op_margin_yoy": 0.3688118811881188,
      "rev_growth_yoy": -0.04417231576645528,
      "rev_growth_yoy_accel": -0.16757310664805564,
      "fcf_margin_change": 0.1441296340654431
    },
    {
      "date": "2022-12-31T00:00:00",
      "quarter_label": "2022-12 (Q4)",
      "revenue": 936100000,
      "gross_profit": 348600000,
      "operating_income": -156100000,
      "net_income": -120100000,
      "opex": 504700000,
      "cogs": 587500000,
      "rd": null,
      "sga": 168900000,
      "fcf": 176700000,
      "ocf": 176700000,
      "capex": null,
      "gross_margin": 0.37239611152654634,
      "op_margin": -0.16675568849481892,
      "fcf_margin": 0.18876188441405833,
      "incr_op_margin_yoy": 5.94949494949495,
      "rev_growth_yoy": -0.05966850828729282,
      "rev_growth_yoy_accel": -0.015496192520837539,
      "op_leverage_ratio": 0.027559025615051736,
      "fcf_margin_change": 0.0053942339908142345
    },
    {
      "date": "2023-03-31T00:00:00",
      "quarter_label": "2023-03 (Q1)",
      "revenue": 966400000,
      "gross_profit": 374100000,
      "operating_income": 193900000,
      "net_income": 126900000,
      "opex": 180200000,
      "cogs": 592300000,
      "rd": null,
      "sga": 187200000,
      "fcf": 119900000,
      "ocf": 119900000,
      "capex": null,
      "gross_margin": 0.3871067880794702,
      "op_margin": 0.20064155629139072,
      "fcf_margin": 0.12406870860927152,
      "incr_op_margin_yoy": -1.5398230088495575,
      "rev_growth_yoy": -0.0115577375473049,
      "rev_growth_yoy_accel": 0.048110770739987915,
      "op_leverage_ratio": Infinity,
      "fcf_margin_change": -0.06469317580478681
    },
    {
      "date": "2023-06-30T00:00:00",
      "quarter_label": "2023-06 (Q2)",
      "revenue": 960800000,
      "gross_profit": 384700000,
      "operating_income": 227400000,
      "net_income": 157000000,
      "opex": 157300000,
      "cogs": 576100000,
      "rd": null,
      "sga": 180300000,
      "fcf": 140300000,
      "ocf": 140300000,
      "capex": null,
      "gross_margin": 0.4003955037468776,
      "op_margin": 0.23667776852622815,
      "fcf_margin": 0.1460241465445462,
      "incr_op_margin_yoy": -9.686274509803921,
      "rev_growth_yoy": -0.005280049694585361,
      "rev_growth_yoy_accel": 0.006277687852719539,
      "fcf_margin_change": 0.021955437935274685
    },
    {
      "date": "2023-09-30T00:00:00",
      "quarter_label": "2023-09 (Q3)",
      "revenue": 937500000,
      "gross_profit": 356200000,
      "operating_income": 193200000,
      "net_income": 135400000,
      "opex": 163000000,
      "cogs": 581300000,
      "rd": null,
      "sga": 174900000,
      "fcf": 178800000,
      "ocf": 178800000,
      "capex": null,
      "gross_margin": 0.37994666666666665,
      "op_margin": 0.20608,
      "fcf_margin": 0.19072,
      "incr_op_margin_yoy": 0.4676145339652449,
      "rev_growth_yoy": 0.07240905971173645,
      "rev_growth_yoy_accel": 0.0776891094063218,
      "fcf_margin_change": 0.04469585345545379
    },
    {
      "date": "2023-12-31T00:00:00",
      "quarter_label": "2023-12 (Q4)",
      "revenue": 988100000,
      "gross_profit": 369800000,
      "operating_income": 195100000,
      "net_income": 137300000,
      "opex": 174700000,
      "cogs": 618300000,
      "rd": null,
      "sga": 185000000,
      "fcf": 231300000,
      "ocf": 231300000,
      "capex": null,
      "gross_margin": 0.37425361805485274,
      "op_margin": 0.19744965084505617,
      "fcf_margin": 0.2340856188644874,
      "incr_op_margin_yoy": 6.753846153846154,
      "rev_growth_yoy": 0.05554962076701207,
      "rev_growth_yoy_accel": -0.016859438944724373,
      "op_leverage_ratio": 0.7519361823361823,
      "fcf_margin_change": 0.04336561886448739
    },
    {
      "date": "2024-03-31T00:00:00",
      "quarter_label": "2024-03 (Q1)",
      "revenue": 978800000,
      "gross_profit": 384700000,
      "operating_income": 215600000,
      "net_income": 147600000,
      "opex": 169100000,
      "cogs": 594100000,
      "rd": null,
      "sga": 192200000,
      "fcf": 106600000,
      "ocf": 106600000,
      "capex": null,
      "gross_margin": 0.39303228442991417,
      "op_margin": 0.22026971802206785,
      "fcf_margin": 0.10890886800163466,
      "incr_op_margin_yoy": 1.75,
      "rev_growth_yoy": 0.01283112582781457,
      "rev_growth_yoy_accel": -0.04271849493919751,
      "fcf_margin_change": -0.12517675086285274
    },
    {
      "date": "2024-06-30T00:00:00",
      "quarter_label": "2024-06 (Q2)",
      "revenue": 1024300000,
      "gross_profit": 396000000,
      "operating_income": 224200000,
      "net_income": 156200000,
      "opex": 171800000,
      "cogs": 628300000,
      "rd": null,
      "sga": 188500000,
      "fcf": 57400000,
      "ocf": 57400000,
      "capex": null,
      "gross_margin": 0.38660548667382605,
      "op_margin": 0.2188811871522015,
      "fcf_margin": 0.05603827003807478,
      "incr_op_margin_yoy": -0.050393700787401574,
      "rev_growth_yoy": 0.06609075770191507,
      "rev_growth_yoy_accel": 0.0532596318741005,
      "op_leverage_ratio": 2.911369174650744,
      "fcf_margin_change": -0.052870597963559876
    },
    {
      "date": "2024-09-30T00:00:00",
      "quarter_label": "2024-09 (Q3)",
      "revenue": 902600000,
      "gross_profit": 337300000,
      "operating_income": 176100000,
      "net_income": 120100000,
      "opex": 161200000,
      "cogs": 565300000,
      "rd": null,
      "sga": 176600000,
      "fcf": 195900000,
      "ocf": 195900000,
      "capex": null,
      "gross_margin": 0.37369820518502106,
      "op_margin": 0.19510303567471748,
      "fcf_margin": 0.21703966319521384,
      "incr_op_margin_yoy": 0.4899713467048711,
      "rev_growth_yoy": -0.037226666666666665,
      "rev_growth_yoy_accel": -0.10331742436858174,
      "fcf_margin_change": 0.16100139315713907
    },
    {
      "date": "2025-03-31T00:00:00",
      "quarter_label": "2025-03 (Q1)",
      "revenue": 963900000,
      "gross_profit": 375400000,
      "operating_income": 184000000,
      "net_income": 136600000,
      "opex": 191400000,
      "cogs": 588500000,
      "rd": null,
      "sga": 192600000,
      "fcf": 38700000,
      "ocf": 38700000,
      "capex": null,
      "gross_margin": 0.3894594874987032,
      "op_margin": 0.19089117128332814,
      "fcf_margin": 0.040149393090569564,
      "incr_op_margin_yoy": 2.120805369127517,
      "rev_growth_yoy": -0.015222721700040867,
      "rev_growth_yoy_accel": 0.022003944966625798,
      "op_leverage_ratio": 0.3625127116219076,
      "fcf_margin_change": -0.17689027010464428
    },
    {
      "date": "2025-06-30T00:00:00",
      "quarter_label": "2025-06 (Q2)",
      "revenue": 1011300000,
      "gross_profit": 397100000,
      "operating_income": 206200000,
      "net_income": 152200000,
      "opex": 190900000,
      "cogs": 614200000,
      "rd": null,
      "sga": 191300000,
      "fcf": 139600000,
      "ocf": 139600000,
      "capex": null,
      "gross_margin": 0.3926629091268664,
      "op_margin": 0.20389597547710867,
      "fcf_margin": 0.13804014634628695,
      "incr_op_margin_yoy": 1.3846153846153846,
      "rev_growth_yoy": -0.01269159425949429,
      "rev_growth_yoy_accel": 0.0025311274405465777,
      "op_leverage_ratio": Infinity,
      "fcf_margin_change": 0.09789075325571739
    },
    {
      "date": "2025-09-30T00:00:00",
      "quarter_label": "2025-09 (Q3)",
      "revenue": 942500000,
      "gross_profit": 364500000,
      "operating_income": 175400000,
      "net_income": 132000000,
      "opex": 189100000,
      "cogs": 578000000,
      "rd": null,
      "sga": 188900000,
      "fcf": 255400000,
      "ocf": 255400000,
      "capex": null,
      "gross_margin": 0.386737400530504,
      "op_margin": 0.18610079575596816,
      "fcf_margin": 0.2709814323607427,
      "incr_op_margin_yoy": -0.017543859649122806,
      "rev_growth_yoy": 0.04420562818524263,
      "rev_growth_yoy_accel": 0.05689722244473692,
      "fcf_margin_change": 0.13294128601445573
    }
  ],
  "signals": [
    {
      "quarter": "2025-09 (Q3)",
      "signal": "FCF MARGIN EXPANSION",
      "detail": "FCF margin: +13.8% -> +27.1% (+13.3%)",
      "severity": "MEDIUM"
    },
    {
      "quarter": "2025-09 (Q3)",
      "signal": "YoY REVENUE GROWTH ACCELERATION",
      "detail": "YoY growth: +4.4% vs prior quarter YoY: -1.3% (accel: +5.7%)",
      "severity": "MEDIUM"
    },
    {
      "quarter": "2025-06 (Q2)",
      "signal": "FCF MARGIN EXPANSION",
      "detail": "FCF margin: +4.0% -> +13.8% (+9.8%)",
      "severity": "MEDIUM"
    },
    {
      "quarter": "2025-06 (Q2)",
      "signal": "INCREMENTAL MARGIN (YoY)",
      "detail": "YoY Incr OPM: +138.5% vs year-ago OPM: +21.9%",
      "severity": "HIGH"
    },
    {
      "quarter": "2025-03 (Q1)",
      "signal": "INCREMENTAL MARGIN (YoY)",
      "detail": "YoY Incr OPM: +212.1% vs year-ago OPM: +22.0%",
      "severity": "HIGH"
    },
    {
      "quarter": "2024-09 (Q3)",
      "signal": "FCF MARGIN EXPANSION",
      "detail": "FCF margin: +5.6% -> +21.7% (+16.1%)",
      "severity": "MEDIUM"
    },
    {
      "quarter": "2024-09 (Q3)",
      "signal": "YoY REVENUE GROWTH DECELERATION",
      "detail": "YoY growth: -3.7% vs prior quarter YoY: +6.6% (decel: -10.3%)",
      "severity": "WARNING"
    },
    {
      "quarter": "2024-09 (Q3)",
      "signal": "INCREMENTAL MARGIN (YoY)",
      "detail": "YoY Incr OPM: +49.0% vs year-ago OPM: +20.6%",
      "severity": "HIGH"
    },
    {
      "quarter": "2024-06 (Q2)",
      "signal": "OPERATING LEVERAGE",
      "detail": "Rev growth +4.6% vs OpEx growth +1.6% (leverage: 2.9x)",
      "severity": "MEDIUM"
    },
    {
      "quarter": "2024-06 (Q2)",
      "signal": "YoY REVENUE GROWTH ACCELERATION",
      "detail": "YoY growth: +6.6% vs prior quarter YoY: +1.3% (accel: +5.3%)",
      "severity": "MEDIUM"
    },
    {
      "quarter": "2024-03 (Q1)",
      "signal": "INCREMENTAL MARGIN (YoY)",
      "detail": "YoY Incr OPM: +175.0% vs year-ago OPM: +20.1%",
      "severity": "HIGH"
    },
    {
      "quarter": "2023-12 (Q4)",
      "signal": "OP MARGIN TURNED POSITIVE (YoY)",
      "detail": "Op margin: -16.7% (year-ago) -> +19.7%",
      "severity": "HIGH"
    },
    {
      "quarter": "2023-09 (Q3)",
      "signal": "YoY REVENUE GROWTH ACCELERATION",
      "detail": "YoY growth: +7.2% vs prior quarter YoY: -0.5% (accel: +7.8%)",
      "severity": "MEDIUM"
    },
    {
      "quarter": "2023-09 (Q3)",
      "signal": "INCREMENTAL MARGIN (YoY)",
      "detail": "YoY Incr OPM: +46.8% vs year-ago OPM: +18.7%",
      "severity": "HIGH"
    },
    {
      "quarter": "2023-03 (Q1)",
      "signal": "OP MARGIN TURNED POSITIVE (QoQ)",
      "detail": "Op margin: -16.7% -> +20.1%",
      "severity": "HIGH"
    },
    {
      "quarter": "2022-09 (Q3)",
      "signal": "FCF MARGIN EXPANSION",
      "detail": "FCF margin: +3.9% -> +18.3% (+14.4%)",
      "severity": "MEDIUM"
    },
    {
      "quarter": "2022-09 (Q3)",
      "signal": "YoY REVENUE GROWTH DECELERATION",
      "detail": "YoY growth: -4.4% vs prior quarter YoY: +12.3% (decel: -16.8%)",
      "severity": "WARNING"
    },
    {
      "quarter": "2022-09 (Q3)",
      "signal": "INCREMENTAL MARGIN (YoY)",
      "detail": "YoY Incr OPM: +36.9% vs year-ago OPM: +19.5%",
      "severity": "MEDIUM"
    },
    {
      "quarter": "2022-06 (Q2)",
      "signal": "YoY REVENUE GROWTH DECELERATION",
      "detail": "YoY growth: +12.3% vs prior quarter YoY: +27.1% (decel: -14.8%)",
      "severity": "WARNING"
    },
    {
      "quarter": "2022-03 (Q1)",
      "signal": "YoY REVENUE GROWTH ACCELERATION",
      "detail": "YoY growth: +27.1% vs prior quarter YoY: +19.3% (accel: +7.8%)",
      "severity": "MEDIUM"
    },
    {
      "quarter": "2021-12 (Q4)",
      "signal": "FCF MARGIN EXPANSION",
      "detail": "FCF margin: +19.8% -> +26.5% (+6.8%)",
      "severity": "MEDIUM"
    },
    {
      "quarter": "2021-12 (Q4)",
      "signal": "OPERATING LEVERAGE",
      "detail": "Rev growth +8.8% vs OpEx growth +0.9% (leverage: 9.5x)",
      "severity": "MEDIUM"
    },
    {
      "quarter": "2021-09 (Q3)",
      "signal": "FCF MARGIN EXPANSION",
      "detail": "FCF margin: +10.7% -> +19.8% (+9.1%)",
      "severity": "MEDIUM"
    },
    {
      "quarter": "2021-09 (Q3)",
      "signal": "OPERATING LEVERAGE",
      "detail": "Rev growth +6.4% vs OpEx growth +2.8% (leverage: 2.3x)",
      "severity": "MEDIUM"
    },
    {
      "quarter": "2021-06 (Q2)",
      "signal": "OPERATING LEVERAGE",
      "detail": "Rev growth +11.8% vs OpEx growth +7.5% (leverage: 1.6x)",
      "severity": "MEDIUM"
    },
    {
      "quarter": "2020-12 (Q4)",
      "signal": "FCF MARGIN EXPANSION",
      "detail": "FCF margin: +19.9% -> +27.8% (+7.9%)",
      "severity": "MEDIUM"
    },
    {
      "quarter": "2020-12 (Q4)",
      "signal": "OPERATING LEVERAGE",
      "detail": "Rev growth +9.8% vs OpEx growth +5.2% (leverage: 1.9x)",
      "severity": "MEDIUM"
    }
  ],
  "data_quality": {
    "n_quarters": 20,
    "coverage": {
      "revenue": [
        20,
        20
      ],
      "gross_profit": [
        20,
        20
      ],
      "op_income": [
        20,
        20
      ],
      "fcf": [
        20,
        20
      ]
    },
    "gaps": [
      [
        "2024-09 (Q3)",
        "2025-03 (Q1)",
        182
      ]
    ],
    "warnings": [
      "gap: 1Q missing between 2024-09 (Q3) and 2025-03 (Q1)"
    ]
  },
  "market_cap": null,
  "source": "SEC EDGAR",
  "last_updated": "2026-02-02T20:38:33.552811"
}