{
  "ticker": "AOSL",
  "name": "Alpha and Omega Semiconductor Limited",
  "quarters": [
    {
      "date": "2020-12-31T00:00:00",
      "quarter_label": "2020-12 (Q4)",
      "revenue": 158830000,
      "gross_profit": 48749000,
      "operating_income": 13590000,
      "net_income": 12903000,
      "opex": 35159000,
      "cogs": 110081000,
      "rd": 15423000,
      "sga": 19736000,
      "fcf": 36085000,
      "ocf": 36085000,
      "capex": null,
      "gross_margin": 0.30692564377006865,
      "op_margin": 0.0855631807593024,
      "fcf_margin": 0.22719259585720583
    },
    {
      "date": "2021-03-31T00:00:00",
      "quarter_label": "2021-03 (Q1)",
      "revenue": 169212000,
      "gross_profit": 52691000,
      "operating_income": 17796000,
      "net_income": 16100000,
      "opex": 34895000,
      "cogs": 116521000,
      "rd": 15557000,
      "sga": 19338000,
      "fcf": 38591000,
      "ocf": 38591000,
      "capex": null,
      "gross_margin": 0.31139044512209535,
      "op_margin": 0.10516984611020495,
      "fcf_margin": 0.2280630215351157,
      "op_leverage_ratio": Infinity,
      "fcf_margin_change": 0.0008704256779098751
    },
    {
      "date": "2021-06-30T00:00:00",
      "quarter_label": "2021-06 (Q2)",
      "revenue": 177309000,
      "gross_profit": 60580000,
      "operating_income": 22363000,
      "net_income": 19539000,
      "opex": 38217000,
      "cogs": 116729000,
      "rd": 17282000,
      "sga": 20935000,
      "fcf": 44220000,
      "ocf": 44220000,
      "capex": null,
      "gross_margin": 0.34166342374047565,
      "op_margin": 0.12612444940753148,
      "fcf_margin": 0.24939512376698306,
      "op_leverage_ratio": 0.50263943112561,
      "fcf_margin_change": 0.02133210223186735
    },
    {
      "date": "2021-09-30T00:00:00",
      "quarter_label": "2021-09 (Q3)",
      "revenue": 187035000,
      "gross_profit": 64567000,
      "operating_income": 24949000,
      "net_income": 23424000,
      "opex": 39618000,
      "cogs": 122468000,
      "rd": 17812000,
      "sga": 21806000,
      "fcf": 55614000,
      "ocf": 80607000,
      "capex": -24993000,
      "gross_margin": 0.3452134627208811,
      "op_margin": 0.13339214585505388,
      "fcf_margin": 0.2973454166332505,
      "op_leverage_ratio": 1.496311252221424,
      "fcf_margin_change": 0.047950292866267424
    },
    {
      "date": "2021-12-31T00:00:00",
      "quarter_label": "2021-12 (Q4)",
      "revenue": 193319000,
      "gross_profit": 68365000,
      "operating_income": 27717000,
      "net_income": 382998000,
      "opex": 40648000,
      "cogs": 124954000,
      "rd": 16516000,
      "sga": 24132000,
      "fcf": 21187000,
      "ocf": 50767000,
      "capex": -29580000,
      "gross_margin": 0.3536382869764483,
      "op_margin": 0.1433744225865021,
      "fcf_margin": 0.10959605625934336,
      "incr_op_margin_yoy": 0.4096088607961959,
      "rev_growth_yoy": 0.21714411635081535,
      "op_leverage_ratio": 1.2923156846454935,
      "fcf_margin_change": -0.1877493603739071
    },
    {
      "date": "2022-03-31T00:00:00",
      "quarter_label": "2022-03 (Q1)",
      "revenue": 203239000,
      "gross_profit": 72402000,
      "operating_income": 31232000,
      "net_income": 31650000,
      "opex": 41170000,
      "cogs": 130837000,
      "rd": 16545000,
      "sga": 24625000,
      "fcf": 18389000,
      "ocf": 61822000,
      "capex": -43433000,
      "gross_margin": 0.3562406821525396,
      "op_margin": 0.15367129340333302,
      "fcf_margin": 0.09047968155718145,
      "incr_op_margin_yoy": 0.394862902988803,
      "rev_growth_yoy": 0.20109093917689053,
      "rev_growth_yoy_accel": -0.01605317717392482,
      "op_leverage_ratio": 3.9958190320848006,
      "fcf_margin_change": -0.019116374702161917
    },
    {
      "date": "2022-06-30T00:00:00",
      "quarter_label": "2022-06 (Q2)",
      "revenue": 193959000,
      "gross_profit": 63222000,
      "operating_income": 18140000,
      "net_income": 15091000,
      "opex": 45082000,
      "cogs": 130737000,
      "rd": 20386000,
      "sga": 24696000,
      "fcf": -14339000,
      "ocf": 25669000,
      "capex": -40008000,
      "gross_margin": 0.325955485437644,
      "op_margin": 0.09352492021509701,
      "fcf_margin": -0.07392799509174619,
      "incr_op_margin_yoy": -0.2536336336336336,
      "rev_growth_yoy": 0.09390386274808385,
      "rev_growth_yoy_accel": -0.10718707642880668,
      "fcf_margin_change": -0.16440767664892764
    },
    {
      "date": "2022-09-30T00:00:00",
      "quarter_label": "2022-09 (Q3)",
      "revenue": 208476000,
      "gross_profit": 71128000,
      "operating_income": 25534000,
      "net_income": 26038000,
      "opex": 45594000,
      "cogs": 137348000,
      "rd": 21389000,
      "sga": 24205000,
      "fcf": -3585000,
      "ocf": 36675000,
      "capex": -40260000,
      "gross_margin": 0.34118075941595194,
      "op_margin": 0.12247932615744737,
      "fcf_margin": -0.01719622402578714,
      "incr_op_margin_yoy": 0.02728417517839653,
      "rev_growth_yoy": 0.11463629801908734,
      "rev_growth_yoy_accel": 0.02073243527100349,
      "op_leverage_ratio": 6.5902236627650685,
      "fcf_margin_change": 0.05673177106595905
    },
    {
      "date": "2022-12-31T00:00:00",
      "quarter_label": "2022-12 (Q4)",
      "revenue": 188760000,
      "gross_profit": 53041000,
      "operating_income": 8785000,
      "net_income": 6337000,
      "opex": 44256000,
      "cogs": 135719000,
      "rd": 21468000,
      "sga": 22788000,
      "fcf": -27993000,
      "ocf": 340000,
      "capex": -28333000,
      "gross_margin": 0.28099703326976055,
      "op_margin": 0.04654058063148972,
      "fcf_margin": -0.1482994278448824,
      "incr_op_margin_yoy": 4.152665058126782,
      "rev_growth_yoy": -0.023582782861488006,
      "rev_growth_yoy_accel": -0.13821908088057536,
      "fcf_margin_change": -0.13110320381909527
    },
    {
      "date": "2023-03-31T00:00:00",
      "quarter_label": "2023-03 (Q1)",
      "revenue": 132560000,
      "gross_profit": 30786000,
      "operating_income": -14402000,
      "net_income": -18907000,
      "opex": 45188000,
      "cogs": 101774000,
      "rd": 22578000,
      "sga": 22610000,
      "fcf": -11029000,
      "ocf": 11639000,
      "capex": -22668000,
      "gross_margin": 0.2322420036210018,
      "op_margin": -0.10864514182257091,
      "fcf_margin": -0.08320006035003018,
      "incr_op_margin_yoy": 0.6456514664893391,
      "rev_growth_yoy": -0.3477629785621854,
      "rev_growth_yoy_accel": -0.3241801957006974,
      "fcf_margin_change": 0.06509936749485222
    },
    {
      "date": "2023-06-30T00:00:00",
      "quarter_label": "2023-06 (Q2)",
      "revenue": 161525000,
      "gross_profit": 44581000,
      "operating_income": 2612000,
      "net_income": -1104000,
      "opex": 41969000,
      "cogs": 116944000,
      "rd": 22711000,
      "sga": 19258000,
      "fcf": -47348000,
      "ocf": -28181000,
      "capex": -19167000,
      "gross_margin": 0.27600061909921064,
      "op_margin": 0.016170871382138987,
      "fcf_margin": -0.29313109425785483,
      "incr_op_margin_yoy": 0.4787568600850959,
      "rev_growth_yoy": -0.16722090751138127,
      "rev_growth_yoy_accel": 0.18054207105080414,
      "op_leverage_ratio": Infinity,
      "fcf_margin_change": -0.20993103390782464
    },
    {
      "date": "2023-09-30T00:00:00",
      "quarter_label": "2023-09 (Q3)",
      "revenue": 180633000,
      "gross_profit": 50925000,
      "operating_income": 9381000,
      "net_income": 5786000,
      "opex": 41544000,
      "cogs": 129708000,
      "rd": 22113000,
      "sga": 19431000,
      "fcf": 1313000,
      "ocf": 13823000,
      "capex": -12510000,
      "gross_margin": 0.28192522960920763,
      "op_margin": 0.051934031987510586,
      "fcf_margin": 0.007268882208677263,
      "incr_op_margin_yoy": 0.5801458176202277,
      "rev_growth_yoy": -0.13355494157600875,
      "rev_growth_yoy_accel": 0.03366596593537252,
      "op_leverage_ratio": Infinity,
      "fcf_margin_change": 0.3003999764665321
    },
    {
      "date": "2023-12-31T00:00:00",
      "quarter_label": "2023-12 (Q4)",
      "revenue": 165285000,
      "gross_profit": 44001000,
      "operating_income": -1134000,
      "net_income": -2923000,
      "opex": 45135000,
      "cogs": 121284000,
      "rd": 22919000,
      "sga": 22216000,
      "fcf": -32971000,
      "ocf": -23451000,
      "capex": -9520000,
      "gross_margin": 0.26621290498230327,
      "op_margin": -0.00686087666757419,
      "fcf_margin": -0.19947968660193,
      "incr_op_margin_yoy": 0.4225346112886049,
      "rev_growth_yoy": -0.12436427209154483,
      "rev_growth_yoy_accel": 0.009190669484463926,
      "fcf_margin_change": -0.20674856881060727
    },
    {
      "date": "2024-03-31T00:00:00",
      "quarter_label": "2024-03 (Q1)",
      "revenue": 150060000,
      "gross_profit": 35555000,
      "operating_income": -10504000,
      "net_income": -11212000,
      "opex": 46059000,
      "cogs": 114505000,
      "rd": 23095000,
      "sga": 22964000,
      "fcf": 20490000,
      "ocf": 28219000,
      "capex": -7729000,
      "gross_margin": 0.23693855791016927,
      "op_margin": -0.06999866719978676,
      "fcf_margin": 0.1365453818472611,
      "incr_op_margin_yoy": 0.22274285714285713,
      "rev_growth_yoy": 0.1320156910078455,
      "rev_growth_yoy_accel": 0.2563799630993903,
      "fcf_margin_change": 0.3360250684491911
    },
    {
      "date": "2024-06-30T00:00:00",
      "quarter_label": "2024-06 (Q2)",
      "revenue": 161296000,
      "gross_profit": 41437000,
      "operating_income": -1499000,
      "net_income": -2732000,
      "opex": 42936000,
      "cogs": 119859000,
      "rd": 21813000,
      "sga": 21123000,
      "fcf": -210000,
      "ocf": 7119000,
      "capex": -7329000,
      "gross_margin": 0.2569003571074298,
      "op_margin": -0.009293472869754984,
      "fcf_margin": -0.0013019541712131733,
      "rev_growth_yoy": -0.0014177371923850797,
      "rev_growth_yoy_accel": -0.13343342820023057,
      "op_leverage_ratio": Infinity,
      "fcf_margin_change": -0.13784733601847426
    },
    {
      "date": "2024-09-30T00:00:00",
      "quarter_label": "2024-09 (Q3)",
      "revenue": 181887000,
      "gross_profit": 44526000,
      "operating_income": -252000,
      "net_income": -2496000,
      "opex": 44778000,
      "cogs": 137361000,
      "rd": 22478000,
      "sga": 22300000,
      "fcf": 4103000,
      "ocf": 11021000,
      "capex": -6918000,
      "gross_margin": 0.24480034307014795,
      "op_margin": -0.0013854755974863514,
      "fcf_margin": 0.022557961811454363,
      "incr_op_margin_yoy": -7.681818181818182,
      "rev_growth_yoy": 0.006942253076680341,
      "rev_growth_yoy_accel": 0.00835999026906542,
      "op_leverage_ratio": 2.97567706463638,
      "fcf_margin_change": 0.023859915982667537
    },
    {
      "date": "2024-12-31T00:00:00",
      "quarter_label": "2024-12 (Q4)",
      "revenue": 173156000,
      "gross_profit": 40011000,
      "operating_income": -5908000,
      "net_income": -6614000,
      "opex": 45919000,
      "cogs": 133145000,
      "rd": 23968000,
      "sga": 21951000,
      "fcf": 6603000,
      "ocf": 14105000,
      "capex": -7502000,
      "gross_margin": 0.23106909376515974,
      "op_margin": -0.03411952228048696,
      "fcf_margin": 0.03813324401118067,
      "incr_op_margin_yoy": -0.6065303011053234,
      "rev_growth_yoy": 0.04762077623498805,
      "rev_growth_yoy_accel": 0.040678523158307715,
      "fcf_margin_change": 0.015575282199726308
    },
    {
      "date": "2025-03-31T00:00:00",
      "quarter_label": "2025-03 (Q1)",
      "revenue": 164635000,
      "gross_profit": 35177000,
      "operating_income": -10658000,
      "net_income": -10807000,
      "opex": 45835000,
      "cogs": 129458000,
      "rd": 23398000,
      "sga": 22437000,
      "fcf": -1057000,
      "ocf": 7368000,
      "capex": -8425000,
      "gross_margin": 0.2136665958028366,
      "op_margin": -0.06473714580739211,
      "fcf_margin": -0.006420263006043672,
      "incr_op_margin_yoy": -0.010566037735849057,
      "rev_growth_yoy": 0.09712781554045048,
      "rev_growth_yoy_accel": 0.04950703930546243,
      "fcf_margin_change": -0.044553507017224346
    },
    {
      "date": "2025-06-30T00:00:00",
      "quarter_label": "2025-06 (Q2)",
      "revenue": 176484000,
      "gross_profit": 41290000,
      "operating_income": -11618000,
      "net_income": -77059000,
      "opex": 52908000,
      "cogs": 135194000,
      "rd": 24421000,
      "sga": 28487000,
      "fcf": -17161000,
      "ocf": -2826000,
      "capex": -14335000,
      "gross_margin": 0.23395888579134652,
      "op_margin": -0.06583033022823599,
      "fcf_margin": -0.09723827655764829,
      "incr_op_margin_yoy": -0.6662496707927311,
      "rev_growth_yoy": 0.09416228548755083,
      "rev_growth_yoy_accel": -0.002965530052899651,
      "op_leverage_ratio": 0.4663941657485649,
      "fcf_margin_change": -0.09081801355160461
    },
    {
      "date": "2025-09-30T00:00:00",
      "quarter_label": "2025-09 (Q3)",
      "revenue": 182501000,
      "gross_profit": 42845000,
      "operating_income": -4584000,
      "net_income": -2122000,
      "opex": 47429000,
      "cogs": 139656000,
      "rd": 24145000,
      "sga": 23284000,
      "fcf": 420000,
      "ocf": 10187000,
      "capex": -9767000,
      "gross_margin": 0.23476583689952385,
      "op_margin": -0.025117670588106367,
      "fcf_margin": 0.002301357252836971,
      "rev_growth_yoy": 0.0033757222891135706,
      "rev_growth_yoy_accel": -0.09078656319843727,
      "op_leverage_ratio": Infinity,
      "fcf_margin_change": 0.09953963381048526
    }
  ],
  "signals": [
    {
      "quarter": "2025-09 (Q3)",
      "signal": "FCF TURNED POSITIVE",
      "detail": "FCF margin: -9.7% -> +0.2%",
      "severity": "HIGH"
    },
    {
      "quarter": "2025-09 (Q3)",
      "signal": "YoY REVENUE GROWTH DECELERATION",
      "detail": "YoY growth: +0.3% vs prior quarter YoY: +9.4% (decel: -9.1%)",
      "severity": "WARNING"
    },
    {
      "quarter": "2025-06 (Q2)",
      "signal": "GROSS MARGIN INFLECTION",
      "detail": "GM: +23.1% -> +21.4% -> +23.4% (reversal +2.0%)",
      "severity": "MEDIUM"
    },
    {
      "quarter": "2024-09 (Q3)",
      "signal": "FCF TURNED POSITIVE",
      "detail": "FCF margin: -0.1% -> +2.3%",
      "severity": "HIGH"
    },
    {
      "quarter": "2024-09 (Q3)",
      "signal": "OPERATING LEVERAGE",
      "detail": "Rev growth +12.8% vs OpEx growth +4.3% (leverage: 3.0x)",
      "severity": "MEDIUM"
    },
    {
      "quarter": "2024-06 (Q2)",
      "signal": "YoY REVENUE GROWTH DECELERATION",
      "detail": "YoY growth: -0.1% vs prior quarter YoY: +13.2% (decel: -13.3%)",
      "severity": "WARNING"
    },
    {
      "quarter": "2024-03 (Q1)",
      "signal": "FCF TURNED POSITIVE",
      "detail": "FCF margin: -19.9% -> +13.7%",
      "severity": "HIGH"
    },
    {
      "quarter": "2024-03 (Q1)",
      "signal": "YoY REVENUE GROWTH ACCELERATION",
      "detail": "YoY growth: +13.2% vs prior quarter YoY: -12.4% (accel: +25.6%)",
      "severity": "HIGH"
    },
    {
      "quarter": "2023-09 (Q3)",
      "signal": "FCF TURNED POSITIVE",
      "detail": "FCF margin: -29.3% -> +0.7%",
      "severity": "HIGH"
    },
    {
      "quarter": "2023-09 (Q3)",
      "signal": "INCREMENTAL MARGIN (YoY)",
      "detail": "YoY Incr OPM: +58.0% vs year-ago OPM: +12.2%",
      "severity": "HIGH"
    },
    {
      "quarter": "2023-06 (Q2)",
      "signal": "GROSS MARGIN INFLECTION",
      "detail": "GM: +28.1% -> +23.2% -> +27.6% (reversal +4.4%)",
      "severity": "MEDIUM"
    },
    {
      "quarter": "2023-06 (Q2)",
      "signal": "YoY REVENUE GROWTH ACCELERATION",
      "detail": "YoY growth: -16.7% vs prior quarter YoY: -34.8% (accel: +18.1%)",
      "severity": "HIGH"
    },
    {
      "quarter": "2023-06 (Q2)",
      "signal": "INCREMENTAL MARGIN (YoY)",
      "detail": "YoY Incr OPM: +47.9% vs year-ago OPM: +9.4%",
      "severity": "HIGH"
    },
    {
      "quarter": "2023-06 (Q2)",
      "signal": "OP MARGIN TURNED POSITIVE (QoQ)",
      "detail": "Op margin: -10.9% -> +1.6%",
      "severity": "HIGH"
    },
    {
      "quarter": "2023-03 (Q1)",
      "signal": "FCF MARGIN EXPANSION",
      "detail": "FCF margin: -14.8% -> -8.3% (+6.5%)",
      "severity": "MEDIUM"
    },
    {
      "quarter": "2023-03 (Q1)",
      "signal": "YoY REVENUE GROWTH DECELERATION",
      "detail": "YoY growth: -34.8% vs prior quarter YoY: -2.4% (decel: -32.4%)",
      "severity": "WARNING"
    },
    {
      "quarter": "2022-12 (Q4)",
      "signal": "YoY REVENUE GROWTH DECELERATION",
      "detail": "YoY growth: -2.4% vs prior quarter YoY: +11.5% (decel: -13.8%)",
      "severity": "WARNING"
    },
    {
      "quarter": "2022-12 (Q4)",
      "signal": "INCREMENTAL MARGIN (YoY)",
      "detail": "YoY Incr OPM: +415.3% vs year-ago OPM: +14.3%",
      "severity": "HIGH"
    },
    {
      "quarter": "2022-09 (Q3)",
      "signal": "FCF MARGIN EXPANSION",
      "detail": "FCF margin: -7.4% -> -1.7% (+5.7%)",
      "severity": "MEDIUM"
    },
    {
      "quarter": "2022-09 (Q3)",
      "signal": "OPERATING LEVERAGE",
      "detail": "Rev growth +7.5% vs OpEx growth +1.1% (leverage: 6.6x)",
      "severity": "MEDIUM"
    },
    {
      "quarter": "2022-06 (Q2)",
      "signal": "YoY REVENUE GROWTH DECELERATION",
      "detail": "YoY growth: +9.4% vs prior quarter YoY: +20.1% (decel: -10.7%)",
      "severity": "WARNING"
    },
    {
      "quarter": "2022-03 (Q1)",
      "signal": "OPERATING LEVERAGE",
      "detail": "Rev growth +5.1% vs OpEx growth +1.3% (leverage: 4.0x)",
      "severity": "MEDIUM"
    },
    {
      "quarter": "2022-03 (Q1)",
      "signal": "INCREMENTAL MARGIN (YoY)",
      "detail": "YoY Incr OPM: +39.5% vs year-ago OPM: +10.5%",
      "severity": "HIGH"
    },
    {
      "quarter": "2021-12 (Q4)",
      "signal": "INCREMENTAL MARGIN (YoY)",
      "detail": "YoY Incr OPM: +41.0% vs year-ago OPM: +8.6%",
      "severity": "HIGH"
    }
  ],
  "data_quality": {
    "n_quarters": 20,
    "coverage": {
      "revenue": [
        20,
        20
      ],
      "gross_profit": [
        20,
        20
      ],
      "op_income": [
        20,
        20
      ],
      "fcf": [
        20,
        20
      ]
    },
    "gaps": [],
    "warnings": []
  },
  "market_cap": null,
  "source": "SEC EDGAR",
  "last_updated": "2026-02-02T22:14:50.725722",
  "sector": "Technology",
  "industry": "Semiconductors"
}