{
  "ticker": "AOUT",
  "name": "American Outdoor Brands, Inc.",
  "quarters": [
    {
      "date": "2021-01-31T00:00:00",
      "quarter_label": "2021-01 (Q1)",
      "revenue": 82649000,
      "gross_profit": 37373000,
      "operating_income": 10183000,
      "net_income": 8029000,
      "opex": 27190000,
      "cogs": 45276000,
      "rd": 1478000,
      "sga": null,
      "fcf": 11729000,
      "ocf": 12601000,
      "capex": -872000,
      "gross_margin": 0.45218937918184127,
      "op_margin": 0.12320778230831589,
      "fcf_margin": 0.14191339278152185
    },
    {
      "date": "2021-04-30T00:00:00",
      "quarter_label": "2021-04 (Q2)",
      "revenue": 64473000,
      "gross_profit": 28652000,
      "operating_income": 1285000,
      "net_income": 1248000,
      "opex": 27367000,
      "cogs": 35821000,
      "rd": 737000,
      "sga": null,
      "fcf": 15240000,
      "ocf": 16263000,
      "capex": -1023000,
      "gross_margin": 0.44440308346129387,
      "op_margin": 0.01993082375568067,
      "fcf_margin": 0.23637801870550462,
      "fcf_margin_change": 0.09446462592398278
    },
    {
      "date": "2021-07-31T00:00:00",
      "quarter_label": "2021-07 (Q3)",
      "revenue": 60768000,
      "gross_profit": 28983000,
      "operating_income": 4223000,
      "net_income": 3457000,
      "opex": 24760000,
      "cogs": 31785000,
      "rd": 1521000,
      "sga": null,
      "fcf": -3702000,
      "ocf": -3165000,
      "capex": -537000,
      "gross_margin": 0.476945102685624,
      "op_margin": 0.06949381253291206,
      "fcf_margin": -0.06092022116903634,
      "fcf_margin_change": -0.29729823987454096
    },
    {
      "date": "2021-10-31T00:00:00",
      "quarter_label": "2021-10 (Q4)",
      "revenue": 70760000,
      "gross_profit": 33037000,
      "operating_income": 5301000,
      "net_income": 4583000,
      "opex": 27736000,
      "cogs": 37723000,
      "rd": 1457000,
      "sga": null,
      "fcf": -23280000,
      "ocf": -22109000,
      "capex": -1171000,
      "gross_margin": 0.466888072357264,
      "op_margin": 0.0749152063312606,
      "fcf_margin": -0.32899943470887505,
      "op_leverage_ratio": 1.3680286596794011,
      "fcf_margin_change": -0.2680792135398387
    },
    {
      "date": "2022-01-31T00:00:00",
      "quarter_label": "2022-01 (Q1)",
      "revenue": 70105000,
      "gross_profit": 32095000,
      "operating_income": 4725000,
      "net_income": 3766000,
      "opex": 27370000,
      "cogs": 38010000,
      "rd": 1377000,
      "sga": null,
      "fcf": -1978000,
      "ocf": -912000,
      "capex": -1066000,
      "gross_margin": 0.4578132800798802,
      "op_margin": 0.06739890164752871,
      "fcf_margin": -0.028214820626203552,
      "incr_op_margin_yoy": 0.4351084183673469,
      "rev_growth_yoy": -0.15177437113576692,
      "fcf_margin_change": 0.3007846140826715
    },
    {
      "date": "2022-04-30T00:00:00",
      "quarter_label": "2022-04 (Q2)",
      "revenue": 45893000,
      "gross_profit": 20124000,
      "operating_income": -70774000,
      "net_income": -76686000,
      "opex": 90898000,
      "cogs": 25769000,
      "rd": 1147000,
      "sga": null,
      "fcf": 7610000,
      "ocf": 8233000,
      "capex": -623000,
      "gross_margin": 0.43849824591985703,
      "op_margin": -1.5421523979691891,
      "fcf_margin": 0.16582049550040312,
      "incr_op_margin_yoy": 3.8783100107642627,
      "rev_growth_yoy": -0.28818265010159294,
      "rev_growth_yoy_accel": -0.13640827896582602,
      "fcf_margin_change": 0.19403531612660668
    },
    {
      "date": "2022-07-31T00:00:00",
      "quarter_label": "2022-07 (Q3)",
      "revenue": 43676000,
      "gross_profit": 19039000,
      "operating_income": -5561000,
      "net_income": -5695000,
      "opex": 24600000,
      "cogs": 24637000,
      "rd": 1756000,
      "sga": null,
      "fcf": 4850000,
      "ocf": 5068000,
      "capex": -218000,
      "gross_margin": 0.43591446103122994,
      "op_margin": -0.12732393076289036,
      "fcf_margin": 0.11104496748786519,
      "incr_op_margin_yoy": 0.5724315469225368,
      "rev_growth_yoy": -0.2812664560294892,
      "rev_growth_yoy_accel": 0.006916194072103754,
      "fcf_margin_change": -0.05477552801253793
    },
    {
      "date": "2022-10-31T00:00:00",
      "quarter_label": "2022-10 (Q4)",
      "revenue": 54436000,
      "gross_profit": 25962000,
      "operating_income": -134000,
      "net_income": 370000,
      "opex": 26096000,
      "cogs": 28474000,
      "rd": 1557000,
      "sga": null,
      "fcf": 501000,
      "ocf": 1099000,
      "capex": -598000,
      "gross_margin": 0.47692703358071864,
      "op_margin": -0.002461606289955177,
      "fcf_margin": 0.00920346829304137,
      "incr_op_margin_yoy": 0.3329453565302622,
      "rev_growth_yoy": -0.2306953080836631,
      "rev_growth_yoy_accel": 0.050571147945826095,
      "op_leverage_ratio": 4.051099662904234,
      "fcf_margin_change": -0.10184149919482381
    },
    {
      "date": "2023-01-31T00:00:00",
      "quarter_label": "2023-01 (Q1)",
      "revenue": 50894000,
      "gross_profit": 23989000,
      "operating_income": -3001000,
      "net_income": -2863000,
      "opex": 26990000,
      "cogs": 26905000,
      "rd": 1575000,
      "sga": null,
      "fcf": 17687000,
      "ocf": 18096000,
      "capex": -409000,
      "gross_margin": 0.47135222226588597,
      "op_margin": -0.058965693401972726,
      "fcf_margin": 0.3475262309899006,
      "incr_op_margin_yoy": 0.4021654260579876,
      "rev_growth_yoy": -0.2740318094287141,
      "rev_growth_yoy_accel": -0.04333650134505099,
      "fcf_margin_change": 0.33832276269685924
    },
    {
      "date": "2023-04-30T00:00:00",
      "quarter_label": "2023-04 (Q2)",
      "revenue": 42203000,
      "gross_profit": 19073000,
      "operating_income": -4003000,
      "net_income": -3836000,
      "opex": 23076000,
      "cogs": 23130000,
      "rd": 1474000,
      "sga": null,
      "fcf": 6367000,
      "ocf": 6443000,
      "capex": -76000,
      "gross_margin": 0.4519346965855508,
      "op_margin": -0.09485107693765846,
      "fcf_margin": 0.15086605217638557,
      "incr_op_margin_yoy": -18.09512195121951,
      "rev_growth_yoy": -0.08040441897457129,
      "rev_growth_yoy_accel": 0.1936273904541428,
      "fcf_margin_change": -0.19666017881351502
    },
    {
      "date": "2023-07-31T00:00:00",
      "quarter_label": "2023-07 (Q3)",
      "revenue": 43445000,
      "gross_profit": 19719000,
      "operating_income": -4085000,
      "net_income": -4113000,
      "opex": 23804000,
      "cogs": 23726000,
      "rd": 1599000,
      "sga": null,
      "fcf": 4596000,
      "ocf": 5165000,
      "capex": -569000,
      "gross_margin": 0.4538842214293935,
      "op_margin": -0.09402693060191046,
      "fcf_margin": 0.1057889285303257,
      "rev_growth_yoy": -0.005288945874164301,
      "rev_growth_yoy_accel": 0.07511547310040699,
      "op_leverage_ratio": 0.9328405641700905,
      "fcf_margin_change": -0.04507712364605987
    },
    {
      "date": "2023-10-31T00:00:00",
      "quarter_label": "2023-10 (Q4)",
      "revenue": 57931000,
      "gross_profit": 26490000,
      "operating_income": -22000,
      "net_income": 77000,
      "opex": 26512000,
      "cogs": 31441000,
      "rd": 1675000,
      "sga": null,
      "fcf": -8762000,
      "ocf": -8380000,
      "capex": -382000,
      "gross_margin": 0.4572681293262675,
      "op_margin": -0.00037976213081079217,
      "fcf_margin": -0.1512488995529164,
      "incr_op_margin_yoy": 0.03204577968526466,
      "rev_growth_yoy": 0.06420383569696525,
      "rev_growth_yoy_accel": 0.06949278157112955,
      "op_leverage_ratio": 2.9309604683624335,
      "fcf_margin_change": -0.2570378280832421
    },
    {
      "date": "2024-01-31T00:00:00",
      "quarter_label": "2024-01 (Q1)",
      "revenue": 53425000,
      "gross_profit": 22834000,
      "operating_income": -2883000,
      "net_income": -2910000,
      "opex": 25717000,
      "cogs": 30591000,
      "rd": 1792000,
      "sga": null,
      "fcf": 9718000,
      "ocf": 13038000,
      "capex": -3320000,
      "gross_margin": 0.4274029012634534,
      "op_margin": -0.05396350023397286,
      "fcf_margin": 0.18189985961628452,
      "incr_op_margin_yoy": 0.046621888581588306,
      "rev_growth_yoy": 0.04973081306244351,
      "rev_growth_yoy_accel": -0.014473022634521743,
      "fcf_margin_change": 0.33314875916920095
    },
    {
      "date": "2024-04-30T00:00:00",
      "quarter_label": "2024-04 (Q2)",
      "revenue": 46298000,
      "gross_profit": 19383000,
      "operating_income": -5507000,
      "net_income": -5302000,
      "opex": 24890000,
      "cogs": 26915000,
      "rd": 1786000,
      "sga": null,
      "fcf": 14172000,
      "ocf": 14668000,
      "capex": -496000,
      "gross_margin": 0.4186573934079226,
      "op_margin": -0.11894682275692255,
      "fcf_margin": 0.3061039353751782,
      "incr_op_margin_yoy": -0.3672771672771673,
      "rev_growth_yoy": 0.09703101675236357,
      "rev_growth_yoy_accel": 0.047300203689920065,
      "fcf_margin_change": 0.1242040757588937
    },
    {
      "date": "2024-07-31T00:00:00",
      "quarter_label": "2024-07 (Q3)",
      "revenue": 41643000,
      "gross_profit": 18926000,
      "operating_income": -2574000,
      "net_income": -2365000,
      "opex": 21500000,
      "cogs": 22717000,
      "rd": 1674000,
      "sga": null,
      "fcf": -5196000,
      "ocf": -4352000,
      "capex": -844000,
      "gross_margin": 0.45448214585884783,
      "op_margin": -0.06181110870974714,
      "fcf_margin": -0.12477487212736835,
      "incr_op_margin_yoy": -0.8385127635960045,
      "rev_growth_yoy": -0.04147773046380481,
      "rev_growth_yoy_accel": -0.13850874721616838,
      "fcf_margin_change": -0.4308788075025466
    },
    {
      "date": "2024-10-31T00:00:00",
      "quarter_label": "2024-10 (Q4)",
      "revenue": 60232000,
      "gross_profit": 28907000,
      "operating_income": 3070000,
      "net_income": 3111000,
      "opex": 25837000,
      "cogs": 31325000,
      "rd": 1866000,
      "sga": null,
      "fcf": -7999000,
      "ocf": -7935000,
      "capex": -64000,
      "gross_margin": 0.47992761322884847,
      "op_margin": 0.050969584274139994,
      "fcf_margin": -0.1328031611103732,
      "incr_op_margin_yoy": 1.3437635810517166,
      "rev_growth_yoy": 0.039719666499801486,
      "rev_growth_yoy_accel": 0.0811973969636063,
      "op_leverage_ratio": 2.212906458191287,
      "fcf_margin_change": -0.008028288983004866
    },
    {
      "date": "2025-01-31T00:00:00",
      "quarter_label": "2025-01 (Q1)",
      "revenue": 58505000,
      "gross_profit": 26123000,
      "operating_income": 303000,
      "net_income": 169000,
      "opex": 25820000,
      "cogs": 32382000,
      "rd": 1947000,
      "sga": null,
      "fcf": 4205000,
      "ocf": 5891000,
      "capex": -1686000,
      "gross_margin": 0.44650884539782926,
      "op_margin": 0.005179044526108879,
      "fcf_margin": 0.0718741987864285,
      "incr_op_margin_yoy": 0.6271653543307086,
      "rev_growth_yoy": 0.09508656995788489,
      "rev_growth_yoy_accel": 0.05536690345808341,
      "fcf_margin_change": 0.20467735989680172
    },
    {
      "date": "2025-04-30T00:00:00",
      "quarter_label": "2025-04 (Q2)",
      "revenue": 61942000,
      "gross_profit": 25309000,
      "operating_income": -953000,
      "net_income": -992000,
      "opex": 26262000,
      "cogs": 36633000,
      "rd": 2223000,
      "sga": null,
      "fcf": 7196000,
      "ocf": 7755000,
      "capex": -559000,
      "gross_margin": 0.4085919085596203,
      "op_margin": -0.015385360498530884,
      "fcf_margin": 0.11617319427851862,
      "incr_op_margin_yoy": 0.2911020199437484,
      "rev_growth_yoy": 0.33789796535487493,
      "rev_growth_yoy_accel": 0.24281139539699004,
      "op_leverage_ratio": 3.431788519448197,
      "fcf_margin_change": 0.04429899549209011
    },
    {
      "date": "2025-07-31T00:00:00",
      "quarter_label": "2025-07 (Q3)",
      "revenue": 29702000,
      "gross_profit": 13858000,
      "operating_income": -6819000,
      "net_income": -6829000,
      "opex": 20677000,
      "cogs": 15844000,
      "rd": 1955000,
      "sga": null,
      "fcf": -1988000,
      "ocf": -1688000,
      "capex": -300000,
      "gross_margin": 0.4665679078849909,
      "op_margin": -0.22958049962965457,
      "fcf_margin": -0.06693151976297892,
      "incr_op_margin_yoy": 0.3554978645004606,
      "rev_growth_yoy": -0.2867468722234229,
      "rev_growth_yoy_accel": -0.6246448375782978,
      "fcf_margin_change": -0.18310471404149753
    },
    {
      "date": "2025-10-31T00:00:00",
      "quarter_label": "2025-10 (Q4)",
      "revenue": 57199000,
      "gross_profit": 26097000,
      "operating_income": 2091000,
      "net_income": 2075000,
      "opex": 24006000,
      "cogs": 31102000,
      "rd": 1222000,
      "sga": null,
      "fcf": -14079000,
      "ocf": -13310000,
      "capex": -769000,
      "gross_margin": 0.45624923512648824,
      "op_margin": 0.0365565831570482,
      "fcf_margin": -0.24614066679487404,
      "incr_op_margin_yoy": 0.3227827233761952,
      "rev_growth_yoy": -0.05035529286757869,
      "rev_growth_yoy_accel": 0.23639157935584418,
      "op_leverage_ratio": 5.7500729232292604,
      "fcf_margin_change": -0.1792091470318951
    }
  ],
  "signals": [
    {
      "quarter": "2025-10 (Q4)",
      "signal": "OPERATING LEVERAGE",
      "detail": "Rev growth +92.6% vs OpEx growth +16.1% (leverage: 5.8x)",
      "severity": "MEDIUM"
    },
    {
      "quarter": "2025-10 (Q4)",
      "signal": "YoY REVENUE GROWTH ACCELERATION",
      "detail": "YoY growth: -5.0% vs prior quarter YoY: -28.7% (accel: +23.6%)",
      "severity": "HIGH"
    },
    {
      "quarter": "2025-10 (Q4)",
      "signal": "INCREMENTAL MARGIN (YoY)",
      "detail": "YoY Incr OPM: +32.3% vs year-ago OPM: +5.1%",
      "severity": "HIGH"
    },
    {
      "quarter": "2025-10 (Q4)",
      "signal": "OP MARGIN TURNED POSITIVE (QoQ)",
      "detail": "Op margin: -23.0% -> +3.7%",
      "severity": "HIGH"
    },
    {
      "quarter": "2025-07 (Q3)",
      "signal": "GROSS MARGIN INFLECTION",
      "detail": "GM: +44.7% -> +40.9% -> +46.7% (reversal +5.8%)",
      "severity": "HIGH"
    },
    {
      "quarter": "2025-07 (Q3)",
      "signal": "YoY REVENUE GROWTH DECELERATION",
      "detail": "YoY growth: -28.7% vs prior quarter YoY: +33.8% (decel: -62.5%)",
      "severity": "WARNING"
    },
    {
      "quarter": "2025-04 (Q2)",
      "signal": "OPERATING LEVERAGE",
      "detail": "Rev growth +5.9% vs OpEx growth +1.7% (leverage: 3.4x)",
      "severity": "MEDIUM"
    },
    {
      "quarter": "2025-04 (Q2)",
      "signal": "YoY REVENUE GROWTH ACCELERATION",
      "detail": "YoY growth: +33.8% vs prior quarter YoY: +9.5% (accel: +24.3%)",
      "severity": "HIGH"
    },
    {
      "quarter": "2025-01 (Q1)",
      "signal": "FCF TURNED POSITIVE",
      "detail": "FCF margin: -13.3% -> +7.2%",
      "severity": "HIGH"
    },
    {
      "quarter": "2025-01 (Q1)",
      "signal": "YoY REVENUE GROWTH ACCELERATION",
      "detail": "YoY growth: +9.5% vs prior quarter YoY: +4.0% (accel: +5.5%)",
      "severity": "MEDIUM"
    },
    {
      "quarter": "2025-01 (Q1)",
      "signal": "OP MARGIN TURNED POSITIVE (YoY)",
      "detail": "Op margin: -5.4% (year-ago) -> +0.5%",
      "severity": "HIGH"
    },
    {
      "quarter": "2024-10 (Q4)",
      "signal": "OPERATING LEVERAGE",
      "detail": "Rev growth +44.6% vs OpEx growth +20.2% (leverage: 2.2x)",
      "severity": "MEDIUM"
    },
    {
      "quarter": "2024-10 (Q4)",
      "signal": "YoY REVENUE GROWTH ACCELERATION",
      "detail": "YoY growth: +4.0% vs prior quarter YoY: -4.1% (accel: +8.1%)",
      "severity": "MEDIUM"
    },
    {
      "quarter": "2024-10 (Q4)",
      "signal": "OP MARGIN TURNED POSITIVE (YoY)",
      "detail": "Op margin: -0.0% (year-ago) -> +5.1%",
      "severity": "HIGH"
    },
    {
      "quarter": "2024-10 (Q4)",
      "signal": "OP MARGIN TURNED POSITIVE (QoQ)",
      "detail": "Op margin: -6.2% -> +5.1%",
      "severity": "HIGH"
    },
    {
      "quarter": "2024-07 (Q3)",
      "signal": "GROSS MARGIN INFLECTION",
      "detail": "GM: +42.7% -> +41.9% -> +45.4% (reversal +3.6%)",
      "severity": "MEDIUM"
    },
    {
      "quarter": "2024-07 (Q3)",
      "signal": "YoY REVENUE GROWTH DECELERATION",
      "detail": "YoY growth: -4.1% vs prior quarter YoY: +9.7% (decel: -13.9%)",
      "severity": "WARNING"
    },
    {
      "quarter": "2024-04 (Q2)",
      "signal": "FCF MARGIN EXPANSION",
      "detail": "FCF margin: +18.2% -> +30.6% (+12.4%)",
      "severity": "MEDIUM"
    },
    {
      "quarter": "2024-01 (Q1)",
      "signal": "FCF TURNED POSITIVE",
      "detail": "FCF margin: -15.1% -> +18.2%",
      "severity": "HIGH"
    },
    {
      "quarter": "2023-10 (Q4)",
      "signal": "OPERATING LEVERAGE",
      "detail": "Rev growth +33.3% vs OpEx growth +11.4% (leverage: 2.9x)",
      "severity": "MEDIUM"
    },
    {
      "quarter": "2023-10 (Q4)",
      "signal": "YoY REVENUE GROWTH ACCELERATION",
      "detail": "YoY growth: +6.4% vs prior quarter YoY: -0.5% (accel: +6.9%)",
      "severity": "MEDIUM"
    },
    {
      "quarter": "2023-07 (Q3)",
      "signal": "YoY REVENUE GROWTH ACCELERATION",
      "detail": "YoY growth: -0.5% vs prior quarter YoY: -8.0% (accel: +7.5%)",
      "severity": "MEDIUM"
    },
    {
      "quarter": "2023-04 (Q2)",
      "signal": "YoY REVENUE GROWTH ACCELERATION",
      "detail": "YoY growth: -8.0% vs prior quarter YoY: -27.4% (accel: +19.4%)",
      "severity": "HIGH"
    },
    {
      "quarter": "2023-01 (Q1)",
      "signal": "FCF MARGIN EXPANSION",
      "detail": "FCF margin: +0.9% -> +34.8% (+33.8%)",
      "severity": "MEDIUM"
    },
    {
      "quarter": "2022-10 (Q4)",
      "signal": "OPERATING LEVERAGE",
      "detail": "Rev growth +24.6% vs OpEx growth +6.1% (leverage: 4.1x)",
      "severity": "MEDIUM"
    },
    {
      "quarter": "2022-10 (Q4)",
      "signal": "GROSS MARGIN INFLECTION",
      "detail": "GM: +43.8% -> +43.6% -> +47.7% (reversal +4.1%)",
      "severity": "MEDIUM"
    },
    {
      "quarter": "2022-10 (Q4)",
      "signal": "YoY REVENUE GROWTH ACCELERATION",
      "detail": "YoY growth: -23.1% vs prior quarter YoY: -28.1% (accel: +5.1%)",
      "severity": "MEDIUM"
    },
    {
      "quarter": "2022-04 (Q2)",
      "signal": "FCF TURNED POSITIVE",
      "detail": "FCF margin: -2.8% -> +16.6%",
      "severity": "HIGH"
    },
    {
      "quarter": "2022-04 (Q2)",
      "signal": "YoY REVENUE GROWTH DECELERATION",
      "detail": "YoY growth: -28.8% vs prior quarter YoY: -15.2% (decel: -13.6%)",
      "severity": "WARNING"
    },
    {
      "quarter": "2022-01 (Q1)",
      "signal": "FCF MARGIN EXPANSION",
      "detail": "FCF margin: -32.9% -> -2.8% (+30.1%)",
      "severity": "MEDIUM"
    },
    {
      "quarter": "2022-01 (Q1)",
      "signal": "INCREMENTAL MARGIN (YoY)",
      "detail": "YoY Incr OPM: +43.5% vs year-ago OPM: +12.3%",
      "severity": "HIGH"
    },
    {
      "quarter": "2021-07 (Q3)",
      "signal": "GROSS MARGIN INFLECTION",
      "detail": "GM: +45.2% -> +44.4% -> +47.7% (reversal +3.3%)",
      "severity": "MEDIUM"
    },
    {
      "quarter": "2021-04 (Q2)",
      "signal": "FCF MARGIN EXPANSION",
      "detail": "FCF margin: +14.2% -> +23.6% (+9.4%)",
      "severity": "MEDIUM"
    }
  ],
  "data_quality": {
    "n_quarters": 20,
    "coverage": {
      "revenue": [
        20,
        20
      ],
      "gross_profit": [
        20,
        20
      ],
      "op_income": [
        20,
        20
      ],
      "fcf": [
        20,
        20
      ]
    },
    "gaps": [],
    "warnings": []
  },
  "market_cap": null,
  "source": "SEC EDGAR",
  "last_updated": "2026-02-02T23:18:57.995369"
}