{
  "ticker": "AP",
  "name": "AMPCO-PITTSBURGH CORP",
  "quarters": [
    {
      "date": "2020-12-31T00:00:00",
      "quarter_label": "2020-12 (Q4)",
      "revenue": 87029000,
      "gross_profit": 19120000,
      "operating_income": 2003000,
      "net_income": 2192000,
      "opex": 85026000,
      "cogs": 67909000,
      "rd": null,
      "sga": 12068000,
      "fcf": -2760000,
      "ocf": -309000,
      "capex": -2451000,
      "gross_margin": 0.21969688264831264,
      "op_margin": 0.023015316733502624,
      "fcf_margin": -0.03171356674212044
    },
    {
      "date": "2021-03-31T00:00:00",
      "quarter_label": "2021-03 (Q1)",
      "revenue": 86800000,
      "gross_profit": 17212000,
      "operating_income": 907000,
      "net_income": 167000,
      "opex": 85893000,
      "cogs": 69588000,
      "rd": null,
      "sga": 11558000,
      "fcf": -520000,
      "ocf": 1858000,
      "capex": -2378000,
      "gross_margin": 0.19829493087557604,
      "op_margin": 0.010449308755760368,
      "fcf_margin": -0.005990783410138249,
      "fcf_margin_change": 0.02572278333198219
    },
    {
      "date": "2021-06-30T00:00:00",
      "quarter_label": "2021-06 (Q2)",
      "revenue": 92428000,
      "gross_profit": 16995000,
      "operating_income": 469000,
      "net_income": 1063000,
      "opex": 91959000,
      "cogs": 75433000,
      "rd": null,
      "sga": 12070000,
      "fcf": -8948000,
      "ocf": -4612000,
      "capex": -4336000,
      "gross_margin": 0.18387285238239495,
      "op_margin": 0.0050742199333535295,
      "fcf_margin": -0.09681049032760636,
      "op_leverage_ratio": 0.9180994543888197,
      "fcf_margin_change": -0.0908197069174681
    },
    {
      "date": "2021-09-30T00:00:00",
      "quarter_label": "2021-09 (Q3)",
      "revenue": 81185000,
      "gross_profit": 13195000,
      "operating_income": -2361000,
      "net_income": -1589000,
      "opex": 83546000,
      "cogs": 67990000,
      "rd": null,
      "sga": 10910000,
      "fcf": -6912000,
      "ocf": -1644000,
      "capex": -5268000,
      "gross_margin": 0.16253002401921537,
      "op_margin": -0.029081726919997535,
      "fcf_margin": -0.08513888033503726,
      "fcf_margin_change": 0.011671609992569096
    },
    {
      "date": "2021-12-31T00:00:00",
      "quarter_label": "2021-12 (Q4)",
      "revenue": 84507000,
      "gross_profit": 9879000,
      "operating_income": -12631000,
      "net_income": -12336000,
      "opex": 97138000,
      "cogs": 74628000,
      "rd": null,
      "sga": 11460000,
      "fcf": -14722000,
      "ocf": -11468000,
      "capex": -3254000,
      "gross_margin": 0.11690155845077922,
      "op_margin": -0.14946690806678736,
      "fcf_margin": -0.17421042043854354,
      "incr_op_margin_yoy": 5.80253766851705,
      "rev_growth_yoy": -0.028978846131749187,
      "op_leverage_ratio": 0.2515162961174391,
      "fcf_margin_change": -0.08907154010350628
    },
    {
      "date": "2022-03-31T00:00:00",
      "quarter_label": "2022-03 (Q1)",
      "revenue": 94426000,
      "gross_profit": 15606000,
      "operating_income": 1243000,
      "net_income": 1645000,
      "opex": 93183000,
      "cogs": 78820000,
      "rd": null,
      "sga": 9878000,
      "fcf": -19679000,
      "ocf": -16272000,
      "capex": -3407000,
      "gross_margin": 0.16527227670345032,
      "op_margin": 0.013163747272996844,
      "fcf_margin": -0.20840658293266684,
      "incr_op_margin_yoy": 0.044059795436664044,
      "rev_growth_yoy": 0.08785714285714286,
      "rev_growth_yoy_accel": 0.11683598898889204,
      "op_leverage_ratio": Infinity,
      "fcf_margin_change": -0.0341961624941233
    },
    {
      "date": "2022-06-30T00:00:00",
      "quarter_label": "2022-06 (Q2)",
      "revenue": 102582000,
      "gross_profit": 15095000,
      "operating_income": -320000,
      "net_income": 403000,
      "opex": 102902000,
      "cogs": 87487000,
      "rd": null,
      "sga": 10974000,
      "fcf": -10224000,
      "ocf": -6761000,
      "capex": -3463000,
      "gross_margin": 0.14715057222514671,
      "op_margin": -0.0031194556549882044,
      "fcf_margin": -0.09966660817687313,
      "incr_op_margin_yoy": -0.07770336813078589,
      "rev_growth_yoy": 0.109858484441944,
      "rev_growth_yoy_accel": 0.022001341584801146,
      "op_leverage_ratio": 0.8281342192860827,
      "fcf_margin_change": 0.10873997475579371
    },
    {
      "date": "2022-09-30T00:00:00",
      "quarter_label": "2022-09 (Q3)",
      "revenue": 99647000,
      "gross_profit": 15269000,
      "operating_income": -74000,
      "net_income": 846000,
      "opex": 99721000,
      "cogs": 84378000,
      "rd": null,
      "sga": 11089000,
      "fcf": -3505000,
      "ocf": 2628000,
      "capex": -6133000,
      "gross_margin": 0.1532309050949853,
      "op_margin": -0.0007426214537316728,
      "fcf_margin": -0.03517416480175018,
      "incr_op_margin_yoy": 0.12387606976492255,
      "rev_growth_yoy": 0.22740654061710908,
      "rev_growth_yoy_accel": 0.11754805617516507,
      "fcf_margin_change": 0.06449244337512294
    },
    {
      "date": "2022-12-31T00:00:00",
      "quarter_label": "2022-12 (Q4)",
      "revenue": 93534000,
      "gross_profit": 16223000,
      "operating_income": 1929000,
      "net_income": 522000,
      "opex": 91605000,
      "cogs": 77311000,
      "rd": null,
      "sga": 11586000,
      "fcf": -10488000,
      "ocf": -6803000,
      "capex": -3685000,
      "gross_margin": 0.17344495049928368,
      "op_margin": 0.0206235165822054,
      "fcf_margin": -0.11213034832253511,
      "incr_op_margin_yoy": 1.6129389608950926,
      "rev_growth_yoy": 0.10681955340977671,
      "rev_growth_yoy_accel": -0.12058698720733237,
      "fcf_margin_change": -0.07695618352078493
    },
    {
      "date": "2023-03-31T00:00:00",
      "quarter_label": "2023-03 (Q1)",
      "revenue": 104803000,
      "gross_profit": 18431000,
      "operating_income": 1993000,
      "net_income": 676000,
      "opex": 102810000,
      "cogs": 86372000,
      "rd": null,
      "sga": 12187000,
      "fcf": -8027000,
      "ocf": -4391000,
      "capex": -3636000,
      "gross_margin": 0.1758632863563066,
      "op_margin": 0.01901663120330525,
      "fcf_margin": -0.0765913189507934,
      "incr_op_margin_yoy": 0.07227522405319456,
      "rev_growth_yoy": 0.10989557960731154,
      "rev_growth_yoy_accel": 0.0030760261975348313,
      "op_leverage_ratio": 0.9849704231713635,
      "fcf_margin_change": 0.03553902937174172
    },
    {
      "date": "2023-06-30T00:00:00",
      "quarter_label": "2023-06 (Q2)",
      "revenue": 107211000,
      "gross_profit": 21740000,
      "operating_income": 3288000,
      "net_income": 423000,
      "opex": 103923000,
      "cogs": 85471000,
      "rd": null,
      "sga": 14093000,
      "fcf": -9083000,
      "ocf": -2714000,
      "capex": -6369000,
      "gross_margin": 0.20277770004943524,
      "op_margin": 0.030668494837283487,
      "fcf_margin": -0.08472078424788501,
      "incr_op_margin_yoy": 0.7794340030244113,
      "rev_growth_yoy": 0.045124875709188744,
      "rev_growth_yoy_accel": -0.0647707038981228,
      "op_leverage_ratio": 2.1223791123651763,
      "fcf_margin_change": -0.008129465297091618
    },
    {
      "date": "2023-09-30T00:00:00",
      "quarter_label": "2023-09 (Q3)",
      "revenue": 102218000,
      "gross_profit": 17728000,
      "operating_income": 1722000,
      "net_income": 809000,
      "opex": 100496000,
      "cogs": 84490000,
      "rd": null,
      "sga": 11821000,
      "fcf": -7351000,
      "ocf": -3222000,
      "capex": -4129000,
      "gross_margin": 0.17343325050382516,
      "op_margin": 0.01684634800133049,
      "fcf_margin": -0.07191492692089456,
      "incr_op_margin_yoy": 0.6985608712563205,
      "rev_growth_yoy": 0.025801077804650414,
      "rev_growth_yoy_accel": -0.01932379790453833,
      "fcf_margin_change": 0.012805857326990452
    },
    {
      "date": "2023-12-31T00:00:00",
      "quarter_label": "2023-12 (Q4)",
      "revenue": 108108000,
      "gross_profit": 16660000,
      "operating_income": -41577000,
      "net_income": -41836000,
      "opex": 149685000,
      "cogs": 91448000,
      "rd": null,
      "sga": 12783000,
      "fcf": 327000,
      "ocf": 6641000,
      "capex": -6314000,
      "gross_margin": 0.1541051541051541,
      "op_margin": -0.38458763458763456,
      "fcf_margin": 0.003024753024753025,
      "incr_op_margin_yoy": -2.9851790860436394,
      "rev_growth_yoy": 0.15581499775482713,
      "rev_growth_yoy_accel": 0.13001391995017672,
      "op_leverage_ratio": 0.11772499970058678,
      "fcf_margin_change": 0.07493967994564758
    },
    {
      "date": "2024-03-31T00:00:00",
      "quarter_label": "2024-03 (Q1)",
      "revenue": 110215000,
      "gross_profit": 17725000,
      "operating_income": 82000,
      "net_income": -2717000,
      "opex": 110133000,
      "cogs": 92490000,
      "rd": null,
      "sga": 12973000,
      "fcf": 1698000,
      "ocf": 4535000,
      "capex": -2837000,
      "gross_margin": 0.16082202966928277,
      "op_margin": 0.0007440003629270064,
      "fcf_margin": 0.015406251417683618,
      "incr_op_margin_yoy": -0.3531042128603104,
      "rev_growth_yoy": 0.05163974313712394,
      "rev_growth_yoy_accel": -0.10417525461770319,
      "op_leverage_ratio": Infinity,
      "fcf_margin_change": 0.012381498392930592
    },
    {
      "date": "2024-06-30T00:00:00",
      "quarter_label": "2024-06 (Q2)",
      "revenue": 110988000,
      "gross_profit": 23304000,
      "operating_income": 5043000,
      "net_income": 2012000,
      "opex": 105945000,
      "cogs": 87684000,
      "rd": null,
      "sga": 13550000,
      "fcf": -7988000,
      "ocf": -5315000,
      "capex": -2673000,
      "gross_margin": 0.2099686452589469,
      "op_margin": 0.045437344577792194,
      "fcf_margin": -0.07197174469311998,
      "incr_op_margin_yoy": 0.46465448768864176,
      "rev_growth_yoy": 0.03522959397822985,
      "rev_growth_yoy_accel": -0.01641014915889409,
      "fcf_margin_change": -0.0873779961108036
    },
    {
      "date": "2024-09-30T00:00:00",
      "quarter_label": "2024-09 (Q3)",
      "revenue": 96166000,
      "gross_profit": 19777000,
      "operating_income": 1870000,
      "net_income": -1959000,
      "opex": 94296000,
      "cogs": 76389000,
      "rd": null,
      "sga": 13332000,
      "fcf": 8423000,
      "ocf": 11356000,
      "capex": -2933000,
      "gross_margin": 0.2056548052326186,
      "op_margin": 0.01944554208348065,
      "fcf_margin": 0.08758812886051204,
      "incr_op_margin_yoy": -0.024454725710508923,
      "rev_growth_yoy": -0.05920679332407208,
      "rev_growth_yoy_accel": -0.09443638730230193,
      "fcf_margin_change": 0.15955987355363202
    },
    {
      "date": "2024-12-31T00:00:00",
      "quarter_label": "2024-12 (Q4)",
      "revenue": 100936000,
      "gross_profit": 20690000,
      "operating_income": 5174000,
      "net_income": 3102000,
      "opex": 95762000,
      "cogs": 80246000,
      "rd": null,
      "sga": 15023000,
      "fcf": 3701000,
      "ocf": 7452000,
      "capex": -3751000,
      "gross_margin": 0.20498137433621305,
      "op_margin": 0.05126020448601094,
      "fcf_margin": 0.036666798763572955,
      "incr_op_margin_yoy": -6.518544339096486,
      "rev_growth_yoy": -0.06634106634106635,
      "rev_growth_yoy_accel": -0.007134273016994264,
      "op_leverage_ratio": 3.1904807396055914,
      "fcf_margin_change": -0.05092133009693908
    },
    {
      "date": "2025-03-31T00:00:00",
      "quarter_label": "2025-03 (Q1)",
      "revenue": 104265000,
      "gross_profit": 22161000,
      "operating_income": 3850000,
      "net_income": 1142000,
      "opex": 100415000,
      "cogs": 82104000,
      "rd": null,
      "sga": 13659000,
      "fcf": -7480000,
      "ocf": -5280000,
      "capex": -2200000,
      "gross_margin": 0.2125449575600633,
      "op_margin": 0.036925142665323936,
      "fcf_margin": -0.07174027717834365,
      "incr_op_margin_yoy": -0.6332773109243698,
      "rev_growth_yoy": -0.05398539218799619,
      "rev_growth_yoy_accel": 0.012355674153070158,
      "op_leverage_ratio": 0.6787781601689383,
      "fcf_margin_change": -0.1084070759419166
    },
    {
      "date": "2025-06-30T00:00:00",
      "quarter_label": "2025-06 (Q2)",
      "revenue": 113104000,
      "gross_profit": 21123000,
      "operating_income": -3078000,
      "net_income": -7335000,
      "opex": 116182000,
      "cogs": 91981000,
      "rd": null,
      "sga": 12968000,
      "fcf": -3795000,
      "ocf": -2334000,
      "capex": -1461000,
      "gross_margin": 0.1867573206959966,
      "op_margin": -0.027213891639552977,
      "fcf_margin": -0.0335531899844391,
      "incr_op_margin_yoy": -3.8379017013232515,
      "rev_growth_yoy": 0.019065124157566584,
      "rev_growth_yoy_accel": 0.07305051634556277,
      "op_leverage_ratio": 0.5399009744390943,
      "fcf_margin_change": 0.038187087193904554
    },
    {
      "date": "2025-09-30T00:00:00",
      "quarter_label": "2025-09 (Q3)",
      "revenue": 108009000,
      "gross_profit": 21353000,
      "operating_income": 1123000,
      "net_income": -2211000,
      "opex": 106886000,
      "cogs": 86656000,
      "rd": null,
      "sga": 12738000,
      "fcf": 3278000,
      "ocf": 6251000,
      "capex": -2973000,
      "gross_margin": 0.19769648825560832,
      "op_margin": 0.010397281708005815,
      "fcf_margin": 0.030349322741623382,
      "incr_op_margin_yoy": -0.06307523431562949,
      "rev_growth_yoy": 0.12315163363350873,
      "rev_growth_yoy_accel": 0.10408650947594214,
      "fcf_margin_change": 0.06390251272606248
    }
  ],
  "signals": [
    {
      "quarter": "2025-09 (Q3)",
      "signal": "FCF TURNED POSITIVE",
      "detail": "FCF margin: -3.4% -> +3.0%",
      "severity": "HIGH"
    },
    {
      "quarter": "2025-09 (Q3)",
      "signal": "YoY REVENUE GROWTH ACCELERATION",
      "detail": "YoY growth: +12.3% vs prior quarter YoY: +1.9% (accel: +10.4%)",
      "severity": "MEDIUM"
    },
    {
      "quarter": "2025-09 (Q3)",
      "signal": "OP MARGIN TURNED POSITIVE (QoQ)",
      "detail": "Op margin: -2.7% -> +1.0%",
      "severity": "HIGH"
    },
    {
      "quarter": "2025-06 (Q2)",
      "signal": "YoY REVENUE GROWTH ACCELERATION",
      "detail": "YoY growth: +1.9% vs prior quarter YoY: -5.4% (accel: +7.3%)",
      "severity": "MEDIUM"
    },
    {
      "quarter": "2024-12 (Q4)",
      "signal": "OPERATING LEVERAGE",
      "detail": "Rev growth +5.0% vs OpEx growth +1.6% (leverage: 3.2x)",
      "severity": "MEDIUM"
    },
    {
      "quarter": "2024-12 (Q4)",
      "signal": "OP MARGIN TURNED POSITIVE (YoY)",
      "detail": "Op margin: -38.5% (year-ago) -> +5.1%",
      "severity": "HIGH"
    },
    {
      "quarter": "2024-09 (Q3)",
      "signal": "FCF TURNED POSITIVE",
      "detail": "FCF margin: -7.2% -> +8.8%",
      "severity": "HIGH"
    },
    {
      "quarter": "2024-09 (Q3)",
      "signal": "YoY REVENUE GROWTH DECELERATION",
      "detail": "YoY growth: -5.9% vs prior quarter YoY: +3.5% (decel: -9.4%)",
      "severity": "WARNING"
    },
    {
      "quarter": "2024-06 (Q2)",
      "signal": "INCREMENTAL MARGIN (YoY)",
      "detail": "YoY Incr OPM: +46.5% vs year-ago OPM: +3.1%",
      "severity": "HIGH"
    },
    {
      "quarter": "2024-03 (Q1)",
      "signal": "YoY REVENUE GROWTH DECELERATION",
      "detail": "YoY growth: +5.2% vs prior quarter YoY: +15.6% (decel: -10.4%)",
      "severity": "WARNING"
    },
    {
      "quarter": "2024-03 (Q1)",
      "signal": "OP MARGIN TURNED POSITIVE (QoQ)",
      "detail": "Op margin: -38.5% -> +0.1%",
      "severity": "HIGH"
    },
    {
      "quarter": "2023-12 (Q4)",
      "signal": "FCF TURNED POSITIVE",
      "detail": "FCF margin: -7.2% -> +0.3%",
      "severity": "HIGH"
    },
    {
      "quarter": "2023-12 (Q4)",
      "signal": "YoY REVENUE GROWTH ACCELERATION",
      "detail": "YoY growth: +15.6% vs prior quarter YoY: +2.6% (accel: +13.0%)",
      "severity": "MEDIUM"
    },
    {
      "quarter": "2023-09 (Q3)",
      "signal": "OP MARGIN TURNED POSITIVE (YoY)",
      "detail": "Op margin: -0.1% (year-ago) -> +1.7%",
      "severity": "HIGH"
    },
    {
      "quarter": "2023-06 (Q2)",
      "signal": "OPERATING LEVERAGE",
      "detail": "Rev growth +2.3% vs OpEx growth +1.1% (leverage: 2.1x)",
      "severity": "MEDIUM"
    },
    {
      "quarter": "2023-06 (Q2)",
      "signal": "YoY REVENUE GROWTH DECELERATION",
      "detail": "YoY growth: +4.5% vs prior quarter YoY: +11.0% (decel: -6.5%)",
      "severity": "WARNING"
    },
    {
      "quarter": "2023-06 (Q2)",
      "signal": "OP MARGIN TURNED POSITIVE (YoY)",
      "detail": "Op margin: -0.3% (year-ago) -> +3.1%",
      "severity": "HIGH"
    },
    {
      "quarter": "2022-12 (Q4)",
      "signal": "YoY REVENUE GROWTH DECELERATION",
      "detail": "YoY growth: +10.7% vs prior quarter YoY: +22.7% (decel: -12.1%)",
      "severity": "WARNING"
    },
    {
      "quarter": "2022-12 (Q4)",
      "signal": "OP MARGIN TURNED POSITIVE (YoY)",
      "detail": "Op margin: -14.9% (year-ago) -> +2.1%",
      "severity": "HIGH"
    },
    {
      "quarter": "2022-12 (Q4)",
      "signal": "OP MARGIN TURNED POSITIVE (QoQ)",
      "detail": "Op margin: -0.1% -> +2.1%",
      "severity": "HIGH"
    },
    {
      "quarter": "2022-09 (Q3)",
      "signal": "FCF MARGIN EXPANSION",
      "detail": "FCF margin: -10.0% -> -3.5% (+6.4%)",
      "severity": "MEDIUM"
    },
    {
      "quarter": "2022-09 (Q3)",
      "signal": "YoY REVENUE GROWTH ACCELERATION",
      "detail": "YoY growth: +22.7% vs prior quarter YoY: +11.0% (accel: +11.8%)",
      "severity": "MEDIUM"
    },
    {
      "quarter": "2022-06 (Q2)",
      "signal": "FCF MARGIN EXPANSION",
      "detail": "FCF margin: -20.8% -> -10.0% (+10.9%)",
      "severity": "MEDIUM"
    },
    {
      "quarter": "2022-03 (Q1)",
      "signal": "GROSS MARGIN INFLECTION",
      "detail": "GM: +16.3% -> +11.7% -> +16.5% (reversal +4.8%)",
      "severity": "MEDIUM"
    },
    {
      "quarter": "2022-03 (Q1)",
      "signal": "YoY REVENUE GROWTH ACCELERATION",
      "detail": "YoY growth: +8.8% vs prior quarter YoY: -2.9% (accel: +11.7%)",
      "severity": "MEDIUM"
    },
    {
      "quarter": "2022-03 (Q1)",
      "signal": "OP MARGIN TURNED POSITIVE (QoQ)",
      "detail": "Op margin: -14.9% -> +1.3%",
      "severity": "HIGH"
    }
  ],
  "data_quality": {
    "n_quarters": 20,
    "coverage": {
      "revenue": [
        20,
        20
      ],
      "gross_profit": [
        20,
        20
      ],
      "op_income": [
        20,
        20
      ],
      "fcf": [
        20,
        20
      ]
    },
    "gaps": [],
    "warnings": []
  },
  "market_cap": null,
  "source": "SEC EDGAR",
  "last_updated": "2026-02-02T23:16:21.950848",
  "sector": "Industrials",
  "industry": "Metal Fabrication"
}