{
  "ticker": "APG",
  "name": "APi Group Corporation",
  "quarters": [
    {
      "date": "2020-12-31T00:00:00",
      "quarter_label": "2020-12 (Q4)",
      "revenue": 882000000,
      "gross_profit": 198000000,
      "operating_income": -21000000,
      "net_income": -22000000,
      "opex": 219000000,
      "cogs": 684000000,
      "rd": null,
      "sga": 219000000,
      "fcf": 153000000,
      "ocf": 167000000,
      "capex": -14000000,
      "gross_margin": 0.22448979591836735,
      "op_margin": -0.023809523809523808,
      "fcf_margin": 0.17346938775510204
    },
    {
      "date": "2021-03-31T00:00:00",
      "quarter_label": "2021-03 (Q1)",
      "revenue": 803000000,
      "gross_profit": 181000000,
      "operating_income": -2000000,
      "net_income": -8000000,
      "opex": 183000000,
      "cogs": 622000000,
      "rd": null,
      "sga": 183000000,
      "fcf": 14000000,
      "ocf": 32000000,
      "capex": -18000000,
      "gross_margin": 0.22540473225404734,
      "op_margin": -0.0024906600249066002,
      "fcf_margin": 0.017434620174346202,
      "fcf_margin_change": -0.15603476758075585
    },
    {
      "date": "2021-06-30T00:00:00",
      "quarter_label": "2021-06 (Q2)",
      "revenue": 978000000,
      "gross_profit": 232000000,
      "operating_income": 47000000,
      "net_income": 21000000,
      "opex": 185000000,
      "cogs": 746000000,
      "rd": null,
      "sga": 185000000,
      "fcf": -29000000,
      "ocf": -13000000,
      "capex": -16000000,
      "gross_margin": 0.23721881390593047,
      "op_margin": 0.04805725971370143,
      "fcf_margin": -0.02965235173824131,
      "op_leverage_ratio": 19.94084682440847,
      "fcf_margin_change": -0.04708697191258751
    },
    {
      "date": "2021-09-30T00:00:00",
      "quarter_label": "2021-09 (Q3)",
      "revenue": 1047000000,
      "gross_profit": 252000000,
      "operating_income": 41000000,
      "net_income": 19000000,
      "opex": 211000000,
      "cogs": 795000000,
      "rd": null,
      "sga": 211000000,
      "fcf": 40000000,
      "ocf": 49000000,
      "capex": -9000000,
      "gross_margin": 0.24068767908309455,
      "op_margin": 0.039159503342884434,
      "fcf_margin": 0.038204393505253106,
      "op_leverage_ratio": 0.5020056630486077,
      "fcf_margin_change": 0.06785674524349442
    },
    {
      "date": "2021-12-31T00:00:00",
      "quarter_label": "2021-12 (Q4)",
      "revenue": 1112000000,
      "gross_profit": 274000000,
      "operating_income": 50000000,
      "net_income": 15000000,
      "opex": 224000000,
      "cogs": 838000000,
      "rd": null,
      "sga": 224000000,
      "fcf": 102000000,
      "ocf": 114000000,
      "capex": -12000000,
      "gross_margin": 0.24640287769784172,
      "op_margin": 0.044964028776978415,
      "fcf_margin": 0.09172661870503597,
      "incr_op_margin_yoy": 0.30869565217391304,
      "rev_growth_yoy": 0.26077097505668934,
      "op_leverage_ratio": 1.0076408787010507,
      "fcf_margin_change": 0.053522225199782864
    },
    {
      "date": "2022-03-31T00:00:00",
      "quarter_label": "2022-03 (Q1)",
      "revenue": 1471000000,
      "gross_profit": 376000000,
      "operating_income": -7000000,
      "net_income": -7000000,
      "opex": 383000000,
      "cogs": 1095000000,
      "rd": null,
      "sga": 383000000,
      "fcf": -130000000,
      "ocf": -118000000,
      "capex": -12000000,
      "gross_margin": 0.2556084296397009,
      "op_margin": -0.004758667573079538,
      "fcf_margin": -0.08837525492861999,
      "incr_op_margin_yoy": -0.0074850299401197605,
      "rev_growth_yoy": 0.8318804483188045,
      "rev_growth_yoy_accel": 0.5711094732621151,
      "op_leverage_ratio": 0.4548210488213203,
      "fcf_margin_change": -0.18010187363365596
    },
    {
      "date": "2022-06-30T00:00:00",
      "quarter_label": "2022-06 (Q2)",
      "revenue": 1649000000,
      "gross_profit": 435000000,
      "operating_income": 59000000,
      "net_income": 30000000,
      "opex": 376000000,
      "cogs": 1214000000,
      "rd": null,
      "sga": 376000000,
      "fcf": 32000000,
      "ocf": 54000000,
      "capex": -22000000,
      "gross_margin": 0.26379624014554276,
      "op_margin": 0.035779260157671314,
      "fcf_margin": 0.019405700424499697,
      "incr_op_margin_yoy": 0.01788375558867362,
      "rev_growth_yoy": 0.6860940695296524,
      "rev_growth_yoy_accel": -0.14578637878915213,
      "op_leverage_ratio": Infinity,
      "fcf_margin_change": 0.10778095535311968
    },
    {
      "date": "2022-09-30T00:00:00",
      "quarter_label": "2022-09 (Q3)",
      "revenue": 1735000000,
      "gross_profit": 440000000,
      "operating_income": 61000000,
      "net_income": 28000000,
      "opex": 379000000,
      "cogs": 1295000000,
      "rd": null,
      "sga": 379000000,
      "fcf": 120000000,
      "ocf": 146000000,
      "capex": -26000000,
      "gross_margin": 0.25360230547550433,
      "op_margin": 0.03515850144092219,
      "fcf_margin": 0.069164265129683,
      "incr_op_margin_yoy": 0.029069767441860465,
      "rev_growth_yoy": 0.6571155682903533,
      "rev_growth_yoy_accel": -0.028978501239299015,
      "op_leverage_ratio": 6.536486759652315,
      "fcf_margin_change": 0.049758564705183306
    },
    {
      "date": "2022-12-31T00:00:00",
      "quarter_label": "2022-12 (Q4)",
      "revenue": 1703000000,
      "gross_profit": 463000000,
      "operating_income": 49000000,
      "net_income": 22000000,
      "opex": 414000000,
      "cogs": 1240000000,
      "rd": null,
      "sga": 414000000,
      "fcf": 169000000,
      "ocf": 188000000,
      "capex": -19000000,
      "gross_margin": 0.271873165002936,
      "op_margin": 0.028772753963593658,
      "fcf_margin": 0.09923664122137404,
      "incr_op_margin_yoy": -0.001692047377326565,
      "rev_growth_yoy": 0.5314748201438849,
      "rev_growth_yoy_accel": -0.12564074814646842,
      "fcf_margin_change": 0.03007237609169104
    },
    {
      "date": "2023-03-31T00:00:00",
      "quarter_label": "2023-03 (Q1)",
      "revenue": 1614000000,
      "gross_profit": 425000000,
      "operating_income": 73000000,
      "net_income": 26000000,
      "opex": 352000000,
      "cogs": 1189000000,
      "rd": null,
      "sga": 352000000,
      "fcf": -22000000,
      "ocf": -1000000,
      "capex": -21000000,
      "gross_margin": 0.26332094175960347,
      "op_margin": 0.045229244114002476,
      "fcf_margin": -0.013630731102850062,
      "incr_op_margin_yoy": 0.5594405594405595,
      "rev_growth_yoy": 0.09721278042148199,
      "rev_growth_yoy_accel": -0.43426203972240296,
      "fcf_margin_change": -0.11286737232422411
    },
    {
      "date": "2023-06-30T00:00:00",
      "quarter_label": "2023-06 (Q2)",
      "revenue": 1771000000,
      "gross_profit": 496000000,
      "operating_income": 107000000,
      "net_income": 48000000,
      "opex": 389000000,
      "cogs": 1275000000,
      "rd": null,
      "sga": 389000000,
      "fcf": 49000000,
      "ocf": 74000000,
      "capex": -25000000,
      "gross_margin": 0.2800677583286279,
      "op_margin": 0.06041784302653868,
      "fcf_margin": 0.02766798418972332,
      "incr_op_margin_yoy": 0.39344262295081966,
      "rev_growth_yoy": 0.0739842328684051,
      "rev_growth_yoy_accel": -0.023228547553076892,
      "op_leverage_ratio": 0.9254161224421447,
      "fcf_margin_change": 0.04129871529257338
    },
    {
      "date": "2023-09-30T00:00:00",
      "quarter_label": "2023-09 (Q3)",
      "revenue": 1784000000,
      "gross_profit": 511000000,
      "operating_income": 104000000,
      "net_income": 54000000,
      "opex": 407000000,
      "cogs": 1273000000,
      "rd": null,
      "sga": 407000000,
      "fcf": 126000000,
      "ocf": 144000000,
      "capex": -18000000,
      "gross_margin": 0.28643497757847536,
      "op_margin": 0.05829596412556054,
      "fcf_margin": 0.07062780269058296,
      "incr_op_margin_yoy": 0.8775510204081632,
      "rev_growth_yoy": 0.02824207492795389,
      "rev_growth_yoy_accel": -0.04574215794045121,
      "fcf_margin_change": 0.042959818500859635
    },
    {
      "date": "2023-12-31T00:00:00",
      "quarter_label": "2023-12 (Q4)",
      "revenue": 1759000000,
      "gross_profit": 508000000,
      "operating_income": 75000000,
      "net_income": 25000000,
      "opex": 433000000,
      "cogs": 1251000000,
      "rd": null,
      "sga": 433000000,
      "fcf": 275000000,
      "ocf": 297000000,
      "capex": -22000000,
      "gross_margin": 0.28880045480386585,
      "op_margin": 0.04263786242183058,
      "fcf_margin": 0.1563388288800455,
      "incr_op_margin_yoy": 0.4642857142857143,
      "rev_growth_yoy": 0.03288314738696418,
      "rev_growth_yoy_accel": 0.004641072459010288,
      "fcf_margin_change": 0.08571102618946254
    },
    {
      "date": "2024-03-31T00:00:00",
      "quarter_label": "2024-03 (Q1)",
      "revenue": 1601000000,
      "gross_profit": 492000000,
      "operating_income": 100000000,
      "net_income": 45000000,
      "opex": 392000000,
      "cogs": 1109000000,
      "rd": null,
      "sga": 392000000,
      "fcf": -15000000,
      "ocf": 7000000,
      "capex": -22000000,
      "gross_margin": 0.30730793254216116,
      "op_margin": 0.06246096189881324,
      "fcf_margin": -0.009369144284821987,
      "incr_op_margin_yoy": -2.076923076923077,
      "rev_growth_yoy": -0.0080545229244114,
      "rev_growth_yoy_accel": -0.040937670311375574,
      "fcf_margin_change": -0.1657079731648675
    },
    {
      "date": "2024-06-30T00:00:00",
      "quarter_label": "2024-06 (Q2)",
      "revenue": 1730000000,
      "gross_profit": 544000000,
      "operating_income": 126000000,
      "net_income": 69000000,
      "opex": 418000000,
      "cogs": 1186000000,
      "rd": null,
      "sga": 418000000,
      "fcf": 88000000,
      "ocf": 110000000,
      "capex": -22000000,
      "gross_margin": 0.31445086705202313,
      "op_margin": 0.07283236994219654,
      "fcf_margin": 0.05086705202312139,
      "incr_op_margin_yoy": -0.4634146341463415,
      "rev_growth_yoy": -0.023150762281197064,
      "rev_growth_yoy_accel": -0.015096239356785664,
      "op_leverage_ratio": 1.2148176620381492,
      "fcf_margin_change": 0.06023619630794338
    },
    {
      "date": "2024-09-30T00:00:00",
      "quarter_label": "2024-09 (Q3)",
      "revenue": 1826000000,
      "gross_profit": 567000000,
      "operating_income": 142000000,
      "net_income": 69000000,
      "opex": 425000000,
      "cogs": 1259000000,
      "rd": null,
      "sga": 425000000,
      "fcf": 198000000,
      "ocf": 220000000,
      "capex": -22000000,
      "gross_margin": 0.31051478641840086,
      "op_margin": 0.07776560788608981,
      "fcf_margin": 0.10843373493975904,
      "incr_op_margin_yoy": 0.9047619047619048,
      "rev_growth_yoy": 0.023542600896860985,
      "rev_growth_yoy_accel": 0.04669336317805805,
      "op_leverage_ratio": 3.313625103220479,
      "fcf_margin_change": 0.05756668291663765
    },
    {
      "date": "2024-12-31T00:00:00",
      "quarter_label": "2024-12 (Q4)",
      "revenue": 1861000000,
      "gross_profit": 575000000,
      "operating_income": 116000000,
      "net_income": 67000000,
      "opex": 459000000,
      "cogs": 1286000000,
      "rd": null,
      "sga": 459000000,
      "fcf": 265000000,
      "ocf": 283000000,
      "capex": -18000000,
      "gross_margin": 0.30897367006985493,
      "op_margin": 0.06233207952713595,
      "fcf_margin": 0.14239656098871575,
      "incr_op_margin_yoy": 0.4019607843137255,
      "rev_growth_yoy": 0.057987492893689596,
      "rev_growth_yoy_accel": 0.03444489199682861,
      "op_leverage_ratio": 0.23959474260679078,
      "fcf_margin_change": 0.033962826048956715
    },
    {
      "date": "2025-03-31T00:00:00",
      "quarter_label": "2025-03 (Q1)",
      "revenue": 1719000000,
      "gross_profit": 542000000,
      "operating_income": 84000000,
      "net_income": 35000000,
      "opex": 458000000,
      "cogs": 1177000000,
      "rd": null,
      "sga": 458000000,
      "fcf": 50000000,
      "ocf": 62000000,
      "capex": -12000000,
      "gross_margin": 0.31529959278650377,
      "op_margin": 0.04886561954624782,
      "fcf_margin": 0.029086678301337987,
      "incr_op_margin_yoy": -0.13559322033898305,
      "rev_growth_yoy": 0.07370393504059962,
      "rev_growth_yoy_accel": 0.015716442146910023,
      "fcf_margin_change": -0.11330988268737777
    },
    {
      "date": "2025-06-30T00:00:00",
      "quarter_label": "2025-06 (Q2)",
      "revenue": 1990000000,
      "gross_profit": 615000000,
      "operating_income": 143000000,
      "net_income": 77000000,
      "opex": 472000000,
      "cogs": 1375000000,
      "rd": null,
      "sga": 472000000,
      "fcf": 56000000,
      "ocf": 83000000,
      "capex": -27000000,
      "gross_margin": 0.30904522613065327,
      "op_margin": 0.07185929648241206,
      "fcf_margin": 0.02814070351758794,
      "incr_op_margin_yoy": 0.06538461538461539,
      "rev_growth_yoy": 0.15028901734104047,
      "rev_growth_yoy_accel": 0.07658508230044085,
      "op_leverage_ratio": 5.157400482007812,
      "fcf_margin_change": -0.0009459747837500462
    },
    {
      "date": "2025-09-30T00:00:00",
      "quarter_label": "2025-09 (Q3)",
      "revenue": 2085000000,
      "gross_profit": 652000000,
      "operating_income": 163000000,
      "net_income": 93000000,
      "opex": 489000000,
      "cogs": 1433000000,
      "rd": null,
      "sga": 489000000,
      "fcf": 201000000,
      "ocf": 232000000,
      "capex": -31000000,
      "gross_margin": 0.31270983213429254,
      "op_margin": 0.07817745803357314,
      "fcf_margin": 0.09640287769784173,
      "incr_op_margin_yoy": 0.08108108108108109,
      "rev_growth_yoy": 0.14184008762322015,
      "rev_growth_yoy_accel": -0.008448929717820325,
      "op_leverage_ratio": 1.3254507833284066,
      "fcf_margin_change": 0.06826217418025379
    }
  ],
  "signals": [
    {
      "quarter": "2025-09 (Q3)",
      "signal": "FCF MARGIN EXPANSION",
      "detail": "FCF margin: +2.8% -> +9.6% (+6.8%)",
      "severity": "MEDIUM"
    },
    {
      "quarter": "2025-06 (Q2)",
      "signal": "OPERATING LEVERAGE",
      "detail": "Rev growth +15.8% vs OpEx growth +3.1% (leverage: 5.2x)",
      "severity": "MEDIUM"
    },
    {
      "quarter": "2025-06 (Q2)",
      "signal": "YoY REVENUE GROWTH ACCELERATION",
      "detail": "YoY growth: +15.0% vs prior quarter YoY: +7.4% (accel: +7.7%)",
      "severity": "MEDIUM"
    },
    {
      "quarter": "2024-12 (Q4)",
      "signal": "INCREMENTAL MARGIN (YoY)",
      "detail": "YoY Incr OPM: +40.2% vs year-ago OPM: +4.3%",
      "severity": "HIGH"
    },
    {
      "quarter": "2024-09 (Q3)",
      "signal": "FCF MARGIN EXPANSION",
      "detail": "FCF margin: +5.1% -> +10.8% (+5.8%)",
      "severity": "MEDIUM"
    },
    {
      "quarter": "2024-09 (Q3)",
      "signal": "OPERATING LEVERAGE",
      "detail": "Rev growth +5.5% vs OpEx growth +1.7% (leverage: 3.3x)",
      "severity": "MEDIUM"
    },
    {
      "quarter": "2024-09 (Q3)",
      "signal": "INCREMENTAL MARGIN (YoY)",
      "detail": "YoY Incr OPM: +90.5% vs year-ago OPM: +5.8%",
      "severity": "HIGH"
    },
    {
      "quarter": "2024-06 (Q2)",
      "signal": "FCF TURNED POSITIVE",
      "detail": "FCF margin: -0.9% -> +5.1%",
      "severity": "HIGH"
    },
    {
      "quarter": "2023-12 (Q4)",
      "signal": "FCF MARGIN EXPANSION",
      "detail": "FCF margin: +7.1% -> +15.6% (+8.6%)",
      "severity": "MEDIUM"
    },
    {
      "quarter": "2023-12 (Q4)",
      "signal": "INCREMENTAL MARGIN (YoY)",
      "detail": "YoY Incr OPM: +46.4% vs year-ago OPM: +2.9%",
      "severity": "HIGH"
    },
    {
      "quarter": "2023-09 (Q3)",
      "signal": "INCREMENTAL MARGIN (YoY)",
      "detail": "YoY Incr OPM: +87.8% vs year-ago OPM: +3.5%",
      "severity": "HIGH"
    },
    {
      "quarter": "2023-06 (Q2)",
      "signal": "FCF TURNED POSITIVE",
      "detail": "FCF margin: -1.4% -> +2.8%",
      "severity": "HIGH"
    },
    {
      "quarter": "2023-06 (Q2)",
      "signal": "INCREMENTAL MARGIN (YoY)",
      "detail": "YoY Incr OPM: +39.3% vs year-ago OPM: +3.6%",
      "severity": "HIGH"
    },
    {
      "quarter": "2023-03 (Q1)",
      "signal": "YoY REVENUE GROWTH DECELERATION",
      "detail": "YoY growth: +9.7% vs prior quarter YoY: +53.1% (decel: -43.4%)",
      "severity": "WARNING"
    },
    {
      "quarter": "2023-03 (Q1)",
      "signal": "OP MARGIN TURNED POSITIVE (YoY)",
      "detail": "Op margin: -0.5% (year-ago) -> +4.5%",
      "severity": "HIGH"
    },
    {
      "quarter": "2022-12 (Q4)",
      "signal": "YoY REVENUE GROWTH DECELERATION",
      "detail": "YoY growth: +53.1% vs prior quarter YoY: +65.7% (decel: -12.6%)",
      "severity": "WARNING"
    },
    {
      "quarter": "2022-09 (Q3)",
      "signal": "OPERATING LEVERAGE",
      "detail": "Rev growth +5.2% vs OpEx growth +0.8% (leverage: 6.5x)",
      "severity": "MEDIUM"
    },
    {
      "quarter": "2022-06 (Q2)",
      "signal": "FCF TURNED POSITIVE",
      "detail": "FCF margin: -8.8% -> +1.9%",
      "severity": "HIGH"
    },
    {
      "quarter": "2022-06 (Q2)",
      "signal": "YoY REVENUE GROWTH DECELERATION",
      "detail": "YoY growth: +68.6% vs prior quarter YoY: +83.2% (decel: -14.6%)",
      "severity": "WARNING"
    },
    {
      "quarter": "2022-06 (Q2)",
      "signal": "OP MARGIN TURNED POSITIVE (QoQ)",
      "detail": "Op margin: -0.5% -> +3.6%",
      "severity": "HIGH"
    },
    {
      "quarter": "2022-03 (Q1)",
      "signal": "YoY REVENUE GROWTH ACCELERATION",
      "detail": "YoY growth: +83.2% vs prior quarter YoY: +26.1% (accel: +57.1%)",
      "severity": "HIGH"
    },
    {
      "quarter": "2021-12 (Q4)",
      "signal": "FCF MARGIN EXPANSION",
      "detail": "FCF margin: +3.8% -> +9.2% (+5.4%)",
      "severity": "MEDIUM"
    },
    {
      "quarter": "2021-12 (Q4)",
      "signal": "OP MARGIN TURNED POSITIVE (YoY)",
      "detail": "Op margin: -2.4% (year-ago) -> +4.5%",
      "severity": "HIGH"
    },
    {
      "quarter": "2021-09 (Q3)",
      "signal": "FCF TURNED POSITIVE",
      "detail": "FCF margin: -3.0% -> +3.8%",
      "severity": "HIGH"
    },
    {
      "quarter": "2021-06 (Q2)",
      "signal": "OPERATING LEVERAGE",
      "detail": "Rev growth +21.8% vs OpEx growth +1.1% (leverage: 19.9x)",
      "severity": "MEDIUM"
    },
    {
      "quarter": "2021-06 (Q2)",
      "signal": "OP MARGIN TURNED POSITIVE (QoQ)",
      "detail": "Op margin: -0.2% -> +4.8%",
      "severity": "HIGH"
    }
  ],
  "data_quality": {
    "n_quarters": 20,
    "coverage": {
      "revenue": [
        20,
        20
      ],
      "gross_profit": [
        20,
        20
      ],
      "op_income": [
        20,
        20
      ],
      "fcf": [
        20,
        20
      ]
    },
    "gaps": [],
    "warnings": []
  },
  "market_cap": null,
  "source": "SEC EDGAR",
  "last_updated": "2026-02-02T20:21:01.787378",
  "sector": "Industrials",
  "industry": "Engineering & Construction"
}