{
  "ticker": "APLD",
  "name": "APPLIED DIGITAL CORPORATION",
  "quarters": [
    {
      "date": "2021-02-28T00:00:00",
      "quarter_label": "2021-02 (Q1)",
      "revenue": 0,
      "gross_profit": 0,
      "operating_income": 0,
      "net_income": -77000,
      "opex": 0,
      "cogs": 0,
      "rd": null,
      "sga": 0,
      "fcf": null,
      "ocf": null,
      "capex": null,
      "gross_margin": null,
      "op_margin": null,
      "fcf_margin": null
    },
    {
      "date": "2021-05-31T00:00:00",
      "quarter_label": "2021-05 (Q2)",
      "revenue": 0,
      "gross_profit": 0,
      "operating_income": -332000,
      "net_income": -345000,
      "opex": 332000,
      "cogs": 0,
      "rd": null,
      "sga": 332000,
      "fcf": -83000,
      "ocf": -83000,
      "capex": null,
      "gross_margin": null,
      "op_margin": null,
      "fcf_margin": null
    },
    {
      "date": "2021-08-31T00:00:00",
      "quarter_label": "2021-08 (Q3)",
      "revenue": 0,
      "gross_profit": 0,
      "operating_income": -13038000,
      "net_income": -14097000,
      "opex": 13038000,
      "cogs": 0,
      "rd": null,
      "sga": 698000,
      "fcf": -2423000,
      "ocf": -1435000,
      "capex": -988000,
      "gross_margin": null,
      "op_margin": null,
      "fcf_margin": null
    },
    {
      "date": "2021-11-30T00:00:00",
      "quarter_label": "2021-11 (Q4)",
      "revenue": 0,
      "gross_profit": 0,
      "operating_income": -1355000,
      "net_income": -171000,
      "opex": 1355000,
      "cogs": 0,
      "rd": null,
      "sga": 1181000,
      "fcf": -5557000,
      "ocf": 3769000,
      "capex": -9326000,
      "gross_margin": null,
      "op_margin": null,
      "fcf_margin": null
    },
    {
      "date": "2022-02-28T00:00:00",
      "quarter_label": "2022-02 (Q1)",
      "revenue": 1026000,
      "gross_profit": -1047000,
      "operating_income": -2417000,
      "net_income": -6445000,
      "opex": 1370000,
      "cogs": 2073000,
      "rd": null,
      "sga": 1356000,
      "fcf": -15972000,
      "ocf": 1894000,
      "capex": -17866000,
      "gross_margin": -1.0204678362573099,
      "op_margin": -2.3557504873294346,
      "fcf_margin": -15.567251461988304,
      "incr_op_margin_yoy": -2.3557504873294346
    },
    {
      "date": "2022-05-31T00:00:00",
      "quarter_label": "2022-05 (Q2)",
      "revenue": 7523000,
      "gross_profit": 90000,
      "operating_income": -4266000,
      "net_income": -2807000,
      "opex": 4356000,
      "cogs": 7433000,
      "rd": null,
      "sga": 4321000,
      "fcf": -35171000,
      "ocf": -5100000,
      "capex": -30071000,
      "gross_margin": 0.011963312508307856,
      "op_margin": -0.5670610128937924,
      "fcf_margin": -4.675129602552174,
      "incr_op_margin_yoy": -0.5229296823075901,
      "op_leverage_ratio": 2.9053353596837224,
      "fcf_margin_change": 10.89212185943613
    },
    {
      "date": "2022-08-31T00:00:00",
      "quarter_label": "2022-08 (Q3)",
      "revenue": 6924000,
      "gross_profit": 831000,
      "operating_income": -4177000,
      "net_income": -4531000,
      "opex": 5008000,
      "cogs": 6093000,
      "rd": null,
      "sga": 4131000,
      "fcf": -15803000,
      "ocf": 17294000,
      "capex": -33097000,
      "gross_margin": 0.12001733102253033,
      "op_margin": -0.603264009243212,
      "fcf_margin": -2.2823512420566145,
      "incr_op_margin_yoy": 1.2797515886770652,
      "fcf_margin_change": 2.392778360495559
    },
    {
      "date": "2022-11-30T00:00:00",
      "quarter_label": "2022-11 (Q4)",
      "revenue": 12340000,
      "gross_profit": 528000,
      "operating_income": -26677000,
      "net_income": -26617000,
      "opex": 27205000,
      "cogs": 11812000,
      "rd": null,
      "sga": 26502000,
      "fcf": -26523000,
      "ocf": 10685000,
      "capex": -37208000,
      "gross_margin": 0.04278768233387358,
      "op_margin": -2.161831442463533,
      "fcf_margin": -2.14935170178282,
      "incr_op_margin_yoy": -2.052025931928687,
      "op_leverage_ratio": 0.17647843126905713,
      "fcf_margin_change": 0.13299954027379446
    },
    {
      "date": "2023-02-28T00:00:00",
      "quarter_label": "2023-02 (Q1)",
      "revenue": 14090000,
      "gross_profit": 3557000,
      "operating_income": -6957000,
      "net_income": -7025000,
      "opex": 10514000,
      "cogs": 10533000,
      "rd": null,
      "sga": 10514000,
      "fcf": 256000,
      "ocf": 26165000,
      "capex": -25909000,
      "gross_margin": 0.2524485450674237,
      "op_margin": -0.4937544357700497,
      "fcf_margin": 0.01816891412349184,
      "incr_op_margin_yoy": -0.34751990202082056,
      "rev_growth_yoy": 12.732943469785575,
      "op_leverage_ratio": Infinity,
      "fcf_margin_change": 2.167520615906312
    },
    {
      "date": "2023-05-31T00:00:00",
      "quarter_label": "2023-05 (Q2)",
      "revenue": 22038000,
      "gross_profit": 6088000,
      "operating_income": -6244000,
      "net_income": -6473000,
      "opex": 12332000,
      "cogs": 15950000,
      "rd": null,
      "sga": 12332000,
      "fcf": 4591000,
      "ocf": 4591000,
      "capex": null,
      "gross_margin": 0.2762501134404211,
      "op_margin": -0.2833287957164897,
      "fcf_margin": 0.20832198929122425,
      "incr_op_margin_yoy": -0.1362728212194282,
      "rev_growth_yoy": 1.9294164562009837,
      "rev_growth_yoy_accel": -10.80352701358459,
      "op_leverage_ratio": 3.2622779382267537,
      "fcf_margin_change": 0.19015307516773242
    },
    {
      "date": "2023-08-31T00:00:00",
      "quarter_label": "2023-08 (Q3)",
      "revenue": 36323000,
      "gross_profit": 11925000,
      "operating_income": -5127000,
      "net_income": -11457000,
      "opex": 41450000,
      "cogs": 24398000,
      "rd": null,
      "sga": 17052000,
      "fcf": -71142000,
      "ocf": 4517000,
      "capex": -75659000,
      "gross_margin": 0.32830438014481184,
      "op_margin": -0.14115023538804614,
      "fcf_margin": -1.9585937284915893,
      "incr_op_margin_yoy": -0.03231402428654036,
      "rev_growth_yoy": 4.245956094742923,
      "rev_growth_yoy_accel": 2.31653963854194,
      "op_leverage_ratio": 0.2745238243459877,
      "fcf_margin_change": -2.1669157177828136
    },
    {
      "date": "2023-11-30T00:00:00",
      "quarter_label": "2023-11 (Q4)",
      "revenue": 42203000,
      "gross_profit": 12981000,
      "operating_income": -8174000,
      "net_income": -10529000,
      "opex": 50377000,
      "cogs": 29222000,
      "rd": null,
      "sga": 21075000,
      "fcf": 4537000,
      "ocf": 4537000,
      "capex": null,
      "gross_margin": 0.3075847688552946,
      "op_margin": -0.19368291353695236,
      "fcf_margin": 0.1075042058621425,
      "incr_op_margin_yoy": 0.6195961557780532,
      "rev_growth_yoy": 2.4200162074554297,
      "rev_growth_yoy_accel": -1.8259398872874937,
      "op_leverage_ratio": 0.751648189098433,
      "fcf_margin_change": 2.066097934353732
    },
    {
      "date": "2024-02-29T00:00:00",
      "quarter_label": "2024-02 (Q1)",
      "revenue": 43348000,
      "gross_profit": -3713000,
      "operating_income": -55822000,
      "net_income": -62838000,
      "opex": 99170000,
      "cogs": 47061000,
      "rd": null,
      "sga": 30386000,
      "fcf": 36284000,
      "ocf": 36284000,
      "capex": null,
      "gross_margin": -0.08565562425025376,
      "op_margin": -1.2877641413675371,
      "fcf_margin": 0.8370397711543786,
      "incr_op_margin_yoy": -1.670141499760749,
      "rev_growth_yoy": 2.0765081618168915,
      "rev_growth_yoy_accel": -0.3435080456385382,
      "op_leverage_ratio": 0.028011537228696953,
      "fcf_margin_change": 0.7295355652922361
    },
    {
      "date": "2024-05-31T00:00:00",
      "quarter_label": "2024-05 (Q2)",
      "revenue": 43699000,
      "gross_profit": -2590000,
      "operating_income": -27603000,
      "net_income": -64450000,
      "opex": 71302000,
      "cogs": 46289000,
      "rd": null,
      "sga": 31319000,
      "fcf": -31544000,
      "ocf": -31544000,
      "capex": null,
      "gross_margin": -0.05926909082587702,
      "op_margin": -0.6316620517631982,
      "fcf_margin": -0.7218471818577085,
      "incr_op_margin_yoy": -0.9860578920640783,
      "rev_growth_yoy": 0.9828931844995009,
      "rev_growth_yoy_accel": -1.0936149773173907,
      "fcf_margin_change": -1.558886953012087
    },
    {
      "date": "2024-08-31T00:00:00",
      "quarter_label": "2024-08 (Q3)",
      "revenue": 60704000,
      "gross_profit": -356000,
      "operating_income": 9483000,
      "net_income": -4247000,
      "opex": 51221000,
      "cogs": 61060000,
      "rd": null,
      "sga": 14341000,
      "fcf": -75890000,
      "ocf": -75890000,
      "capex": null,
      "gross_margin": -0.005864522930943595,
      "op_margin": 0.156217053241961,
      "fcf_margin": -1.250164733790195,
      "incr_op_margin_yoy": 0.5992371108650179,
      "rev_growth_yoy": 0.6712275968394681,
      "rev_growth_yoy_accel": -0.31166558766003283,
      "op_leverage_ratio": Infinity,
      "fcf_margin_change": -0.5283175519324866
    },
    {
      "date": "2024-11-30T00:00:00",
      "quarter_label": "2024-11 (Q4)",
      "revenue": 63868000,
      "gross_profit": 11507000,
      "operating_income": -18615000,
      "net_income": -138726000,
      "opex": 82483000,
      "cogs": 52361000,
      "rd": null,
      "sga": 29789000,
      "fcf": -52264000,
      "ocf": -52264000,
      "capex": null,
      "gross_margin": 0.18016847247447862,
      "op_margin": -0.29146051230663245,
      "fcf_margin": -0.8183127700883072,
      "incr_op_margin_yoy": -0.4819293791830141,
      "rev_growth_yoy": 0.5133521313650689,
      "rev_growth_yoy_accel": -0.15787546547439923,
      "op_leverage_ratio": 0.0853985427529408,
      "fcf_margin_change": 0.43185196370188794
    },
    {
      "date": "2025-02-28T00:00:00",
      "quarter_label": "2025-02 (Q1)",
      "revenue": 52921000,
      "gross_profit": 3780000,
      "operating_income": -18943000,
      "net_income": null,
      "opex": 71864000,
      "cogs": 49141000,
      "rd": null,
      "sga": 22723000,
      "fcf": 5897000,
      "ocf": 5897000,
      "capex": null,
      "gross_margin": 0.07142722170782866,
      "op_margin": -0.3579486404262958,
      "fcf_margin": 0.11143024508229248,
      "incr_op_margin_yoy": 3.8523973675963648,
      "rev_growth_yoy": 0.2208406385531051,
      "rev_growth_yoy_accel": -0.29251149281196376,
      "fcf_margin_change": 0.9297430151705997
    },
    {
      "date": "2025-05-31T00:00:00",
      "quarter_label": "2025-05 (Q2)",
      "revenue": -33300000,
      "gross_profit": 27811000,
      "operating_income": 11229000,
      "net_income": null,
      "opex": -44529000,
      "cogs": -61111000,
      "rd": null,
      "sga": 16213000,
      "fcf": 6855000,
      "ocf": 6855000,
      "capex": null,
      "gross_margin": -0.8351651651651651,
      "op_margin": -0.3372072072072072,
      "fcf_margin": -0.20585585585585586,
      "incr_op_margin_yoy": -0.5043182378991935,
      "rev_growth_yoy": -1.762031167761276,
      "rev_growth_yoy_accel": -1.9828718063143813,
      "fcf_margin_change": -0.31728610093814835
    },
    {
      "date": "2025-08-31T00:00:00",
      "quarter_label": "2025-08 (Q3)",
      "revenue": 64216000,
      "gross_profit": 8610000,
      "operating_income": -22293000,
      "net_income": -16926000,
      "opex": 86509000,
      "cogs": 55606000,
      "rd": null,
      "sga": 29152000,
      "fcf": -82023000,
      "ocf": -82023000,
      "capex": null,
      "gross_margin": 0.13407873427183256,
      "op_margin": -0.3471564719073128,
      "fcf_margin": -1.277298492587517,
      "incr_op_margin_yoy": -9.047835990888382,
      "rev_growth_yoy": 0.05785450711649974,
      "rev_growth_yoy_accel": 1.8198856748777759,
      "fcf_margin_change": -1.0714426367316612
    },
    {
      "date": "2025-11-30T00:00:00",
      "quarter_label": "2025-11 (Q4)",
      "revenue": 126589000,
      "gross_profit": 26036000,
      "operating_income": -30957000,
      "net_income": -14450000,
      "opex": 157546000,
      "cogs": 100553000,
      "rd": null,
      "sga": 56993000,
      "fcf": -15845000,
      "ocf": -15845000,
      "capex": null,
      "gross_margin": 0.205673478738279,
      "op_margin": -0.24454731453759807,
      "fcf_margin": -0.12516885353387736,
      "incr_op_margin_yoy": -0.19677619935906634,
      "rev_growth_yoy": 0.9820410847372706,
      "rev_growth_yoy_accel": 0.9241865776207708,
      "op_leverage_ratio": 1.182851058212971,
      "fcf_margin_change": 1.1521296390536397
    }
  ],
  "signals": [
    {
      "quarter": "2025-11 (Q4)",
      "signal": "FCF MARGIN EXPANSION",
      "detail": "FCF margin: -127.7% -> -12.5% (+115.2%)",
      "severity": "MEDIUM"
    },
    {
      "quarter": "2025-11 (Q4)",
      "signal": "YoY REVENUE GROWTH ACCELERATION",
      "detail": "YoY growth: +98.2% vs prior quarter YoY: +5.8% (accel: +92.4%)",
      "severity": "HIGH"
    },
    {
      "quarter": "2025-08 (Q3)",
      "signal": "GROSS MARGIN INFLECTION",
      "detail": "GM: +7.1% -> -83.5% -> +13.4% (reversal +96.9%)",
      "severity": "HIGH"
    },
    {
      "quarter": "2025-08 (Q3)",
      "signal": "YoY REVENUE GROWTH ACCELERATION",
      "detail": "YoY growth: +5.8% vs prior quarter YoY: -176.2% (accel: +182.0%)",
      "severity": "HIGH"
    },
    {
      "quarter": "2025-05 (Q2)",
      "signal": "YoY REVENUE GROWTH DECELERATION",
      "detail": "YoY growth: -176.2% vs prior quarter YoY: +22.1% (decel: -198.3%)",
      "severity": "WARNING"
    },
    {
      "quarter": "2025-02 (Q1)",
      "signal": "FCF TURNED POSITIVE",
      "detail": "FCF margin: -81.8% -> +11.1%",
      "severity": "HIGH"
    },
    {
      "quarter": "2025-02 (Q1)",
      "signal": "YoY REVENUE GROWTH DECELERATION",
      "detail": "YoY growth: +22.1% vs prior quarter YoY: +51.3% (decel: -29.3%)",
      "severity": "WARNING"
    },
    {
      "quarter": "2024-11 (Q4)",
      "signal": "FCF MARGIN EXPANSION",
      "detail": "FCF margin: -125.0% -> -81.8% (+43.2%)",
      "severity": "MEDIUM"
    },
    {
      "quarter": "2024-11 (Q4)",
      "signal": "YoY REVENUE GROWTH DECELERATION",
      "detail": "YoY growth: +51.3% vs prior quarter YoY: +67.1% (decel: -15.8%)",
      "severity": "WARNING"
    },
    {
      "quarter": "2024-08 (Q3)",
      "signal": "YoY REVENUE GROWTH DECELERATION",
      "detail": "YoY growth: +67.1% vs prior quarter YoY: +98.3% (decel: -31.2%)",
      "severity": "WARNING"
    },
    {
      "quarter": "2024-08 (Q3)",
      "signal": "OP MARGIN TURNED POSITIVE (YoY)",
      "detail": "Op margin: -14.1% (year-ago) -> +15.6%",
      "severity": "HIGH"
    },
    {
      "quarter": "2024-08 (Q3)",
      "signal": "OP MARGIN TURNED POSITIVE (QoQ)",
      "detail": "Op margin: -63.2% -> +15.6%",
      "severity": "HIGH"
    },
    {
      "quarter": "2024-05 (Q2)",
      "signal": "GROSS MARGIN INFLECTION",
      "detail": "GM: +30.8% -> -8.6% -> -5.9% (reversal +2.6%)",
      "severity": "MEDIUM"
    },
    {
      "quarter": "2024-05 (Q2)",
      "signal": "YoY REVENUE GROWTH DECELERATION",
      "detail": "YoY growth: +98.3% vs prior quarter YoY: +207.7% (decel: -109.4%)",
      "severity": "WARNING"
    },
    {
      "quarter": "2024-02 (Q1)",
      "signal": "FCF MARGIN EXPANSION",
      "detail": "FCF margin: +10.8% -> +83.7% (+73.0%)",
      "severity": "MEDIUM"
    },
    {
      "quarter": "2024-02 (Q1)",
      "signal": "YoY REVENUE GROWTH DECELERATION",
      "detail": "YoY growth: +207.7% vs prior quarter YoY: +242.0% (decel: -34.4%)",
      "severity": "WARNING"
    },
    {
      "quarter": "2023-11 (Q4)",
      "signal": "FCF TURNED POSITIVE",
      "detail": "FCF margin: -195.9% -> +10.8%",
      "severity": "HIGH"
    },
    {
      "quarter": "2023-11 (Q4)",
      "signal": "YoY REVENUE GROWTH DECELERATION",
      "detail": "YoY growth: +242.0% vs prior quarter YoY: +424.6% (decel: -182.6%)",
      "severity": "WARNING"
    },
    {
      "quarter": "2023-08 (Q3)",
      "signal": "YoY REVENUE GROWTH ACCELERATION",
      "detail": "YoY growth: +424.6% vs prior quarter YoY: +192.9% (accel: +231.7%)",
      "severity": "HIGH"
    },
    {
      "quarter": "2023-05 (Q2)",
      "signal": "FCF MARGIN EXPANSION",
      "detail": "FCF margin: +1.8% -> +20.8% (+19.0%)",
      "severity": "MEDIUM"
    },
    {
      "quarter": "2023-05 (Q2)",
      "signal": "OPERATING LEVERAGE",
      "detail": "Rev growth +56.4% vs OpEx growth +17.3% (leverage: 3.3x)",
      "severity": "MEDIUM"
    },
    {
      "quarter": "2023-05 (Q2)",
      "signal": "YoY REVENUE GROWTH DECELERATION",
      "detail": "YoY growth: +192.9% vs prior quarter YoY: +1273.3% (decel: -1080.4%)",
      "severity": "WARNING"
    },
    {
      "quarter": "2023-02 (Q1)",
      "signal": "FCF TURNED POSITIVE",
      "detail": "FCF margin: -214.9% -> +1.8%",
      "severity": "HIGH"
    },
    {
      "quarter": "2023-02 (Q1)",
      "signal": "GROSS MARGIN INFLECTION",
      "detail": "GM: +12.0% -> +4.3% -> +25.2% (reversal +21.0%)",
      "severity": "HIGH"
    },
    {
      "quarter": "2022-11 (Q4)",
      "signal": "FCF MARGIN EXPANSION",
      "detail": "FCF margin: -228.2% -> -214.9% (+13.3%)",
      "severity": "MEDIUM"
    },
    {
      "quarter": "2022-08 (Q3)",
      "signal": "FCF MARGIN EXPANSION",
      "detail": "FCF margin: -467.5% -> -228.2% (+239.3%)",
      "severity": "MEDIUM"
    },
    {
      "quarter": "2022-05 (Q2)",
      "signal": "FCF MARGIN EXPANSION",
      "detail": "FCF margin: -1556.7% -> -467.5% (+1089.2%)",
      "severity": "MEDIUM"
    },
    {
      "quarter": "2022-05 (Q2)",
      "signal": "OPERATING LEVERAGE",
      "detail": "Rev growth +633.2% vs OpEx growth +218.0% (leverage: 2.9x)",
      "severity": "MEDIUM"
    }
  ],
  "data_quality": {
    "n_quarters": 20,
    "coverage": {
      "revenue": [
        20,
        20
      ],
      "gross_profit": [
        20,
        20
      ],
      "op_income": [
        20,
        20
      ],
      "fcf": [
        19,
        20
      ]
    },
    "gaps": [],
    "warnings": []
  },
  "market_cap": null,
  "source": "SEC EDGAR",
  "last_updated": "2026-02-02T20:34:18.152781"
}