{
  "ticker": "APOG",
  "name": "APOGEE ENTERPRISES, INC.",
  "quarters": [
    {
      "date": "2021-02-27T00:00:00",
      "quarter_label": "2021-02 (Q1)",
      "revenue": 308612000,
      "gross_profit": 69667000,
      "operating_income": -53906000,
      "net_income": -42371000,
      "opex": 123573000,
      "cogs": 238945000,
      "rd": null,
      "sga": 53504000,
      "fcf": 12302000,
      "ocf": 21351000,
      "capex": -9049000,
      "gross_margin": 0.2257430041605641,
      "op_margin": -0.17467240418389435,
      "fcf_margin": 0.03986235143157103
    },
    {
      "date": "2021-05-29T00:00:00",
      "quarter_label": "2021-05 (Q2)",
      "revenue": 326006000,
      "gross_profit": 67710000,
      "operating_income": 16042000,
      "net_income": 10817000,
      "opex": 51668000,
      "cogs": 258296000,
      "rd": null,
      "sga": 51668000,
      "fcf": 2178000,
      "ocf": 6883000,
      "capex": -4705000,
      "gross_margin": 0.20769556388532726,
      "op_margin": 0.0492076832941725,
      "fcf_margin": 0.006680858634503659,
      "op_leverage_ratio": Infinity,
      "fcf_margin_change": -0.03318149279706738
    },
    {
      "date": "2021-08-28T00:00:00",
      "quarter_label": "2021-08 (Q3)",
      "revenue": 325797000,
      "gross_profit": 48002000,
      "operating_income": -3068000,
      "net_income": -2116000,
      "opex": 51070000,
      "cogs": 277795000,
      "rd": null,
      "sga": 51070000,
      "fcf": 42608000,
      "ocf": 48024000,
      "capex": -5416000,
      "gross_margin": 0.1473371455231325,
      "op_margin": -0.009416906846901598,
      "fcf_margin": 0.13078082364171556,
      "fcf_margin_change": 0.1240999650072119
    },
    {
      "date": "2021-11-27T00:00:00",
      "quarter_label": "2021-11 (Q4)",
      "revenue": 334217000,
      "gross_profit": 64680000,
      "operating_income": 17710000,
      "net_income": 11057000,
      "opex": 46970000,
      "cogs": 269537000,
      "rd": null,
      "sga": 46970000,
      "fcf": 28435000,
      "ocf": 31384000,
      "capex": -2949000,
      "gross_margin": 0.19352696002896322,
      "op_margin": 0.052989524769835164,
      "fcf_margin": 0.08507945436647447,
      "op_leverage_ratio": Infinity,
      "fcf_margin_change": -0.045701369275241085
    },
    {
      "date": "2022-02-26T00:00:00",
      "quarter_label": "2022-02 (Q1)",
      "revenue": 327957000,
      "gross_profit": 93768000,
      "operating_income": -8639000,
      "net_income": -16273000,
      "opex": 102407000,
      "cogs": 234189000,
      "rd": null,
      "sga": 52934000,
      "fcf": 5409000,
      "ocf": 14180000,
      "capex": -8771000,
      "gross_margin": 0.2859155316093268,
      "op_margin": -0.026341867988791214,
      "fcf_margin": 0.016493015852688003,
      "incr_op_margin_yoy": 2.3399844921168262,
      "rev_growth_yoy": 0.06268388785918888,
      "fcf_margin_change": -0.06858643851378647
    },
    {
      "date": "2022-05-28T00:00:00",
      "quarter_label": "2022-05 (Q2)",
      "revenue": 356635000,
      "gross_profit": 85617000,
      "operating_income": 33216000,
      "net_income": 22731000,
      "opex": 52401000,
      "cogs": 271018000,
      "rd": null,
      "sga": 52401000,
      "fcf": -35587000,
      "ocf": -30462000,
      "capex": -5125000,
      "gross_margin": 0.2400689780868395,
      "op_margin": 0.09313724115692515,
      "fcf_margin": -0.09978549497385282,
      "incr_op_margin_yoy": 0.5607104378203663,
      "rev_growth_yoy": 0.0939522585473887,
      "rev_growth_yoy_accel": 0.03126837068819982,
      "op_leverage_ratio": Infinity,
      "fcf_margin_change": -0.11627851082654082
    },
    {
      "date": "2022-08-27T00:00:00",
      "quarter_label": "2022-08 (Q3)",
      "revenue": 372109000,
      "gross_profit": 84936000,
      "operating_income": 32072000,
      "net_income": 37389000,
      "opex": 52864000,
      "cogs": 287173000,
      "rd": null,
      "sga": 52864000,
      "fcf": 23689000,
      "ocf": 27819000,
      "capex": -4130000,
      "gross_margin": 0.22825569927091255,
      "op_margin": 0.08618979922549576,
      "fcf_margin": 0.06366145403631732,
      "incr_op_margin_yoy": 0.7587666263603385,
      "rev_growth_yoy": 0.14214986632780535,
      "rev_growth_yoy_accel": 0.04819760778041665,
      "op_leverage_ratio": 4.910630015666295,
      "fcf_margin_change": 0.16344694901017015
    },
    {
      "date": "2022-11-26T00:00:00",
      "quarter_label": "2022-11 (Q4)",
      "revenue": 367847000,
      "gross_profit": 86608000,
      "operating_income": 34761000,
      "net_income": 23765000,
      "opex": 51847000,
      "cogs": 281239000,
      "rd": null,
      "sga": 51847000,
      "fcf": 44891000,
      "ocf": 53755000,
      "capex": -8864000,
      "gross_margin": 0.23544571520224442,
      "op_margin": 0.09449852792057567,
      "fcf_margin": 0.1220371513156285,
      "incr_op_margin_yoy": 0.5070175438596491,
      "rev_growth_yoy": 0.10062324777016131,
      "rev_growth_yoy_accel": -0.04152661855764404,
      "fcf_margin_change": 0.05837569727931119
    },
    {
      "date": "2023-02-25T00:00:00",
      "quarter_label": "2023-02 (Q1)",
      "revenue": 344105000,
      "gross_profit": 78112000,
      "operating_income": 25739000,
      "net_income": 20222000,
      "opex": 52373000,
      "cogs": 265993000,
      "rd": null,
      "sga": 52373000,
      "fcf": 24526000,
      "ocf": 51584000,
      "capex": -27058000,
      "gross_margin": 0.22700047950480232,
      "op_margin": 0.0747998430711556,
      "fcf_margin": 0.0712747562517255,
      "incr_op_margin_yoy": 2.128932375526381,
      "rev_growth_yoy": 0.04923816232006025,
      "rev_growth_yoy_accel": -0.05138508545010106,
      "fcf_margin_change": -0.05076239506390301
    },
    {
      "date": "2023-05-27T00:00:00",
      "quarter_label": "2023-05 (Q2)",
      "revenue": 361713000,
      "gross_profit": 92986000,
      "operating_income": 33767000,
      "net_income": 23576000,
      "opex": 59219000,
      "cogs": 268727000,
      "rd": null,
      "sga": 59219000,
      "fcf": 13889000,
      "ocf": 21287000,
      "capex": -7398000,
      "gross_margin": 0.2570712139182169,
      "op_margin": 0.09335301744753437,
      "fcf_margin": 0.03839784580592901,
      "incr_op_margin_yoy": 0.10850728633320204,
      "rev_growth_yoy": 0.014238647356541002,
      "rev_growth_yoy_accel": -0.034999514963519246,
      "op_leverage_ratio": 0.39146199332802384,
      "fcf_margin_change": -0.032876910445796485
    },
    {
      "date": "2023-08-26T00:00:00",
      "quarter_label": "2023-08 (Q3)",
      "revenue": 353675000,
      "gross_profit": 95371000,
      "operating_income": 40553000,
      "net_income": 33327000,
      "opex": 54818000,
      "cogs": 258304000,
      "rd": null,
      "sga": 54818000,
      "fcf": 33657000,
      "ocf": 41277000,
      "capex": -7620000,
      "gross_margin": 0.2696571711316887,
      "op_margin": 0.11466176574538771,
      "fcf_margin": 0.09516363893404962,
      "incr_op_margin_yoy": -0.4600737767169361,
      "rev_growth_yoy": -0.04953924790854293,
      "rev_growth_yoy_accel": -0.06377789526508393,
      "fcf_margin_change": 0.05676579312812061
    },
    {
      "date": "2023-11-25T00:00:00",
      "quarter_label": "2023-11 (Q4)",
      "revenue": 339714000,
      "gross_profit": 90305000,
      "operating_income": 37647000,
      "net_income": 26974000,
      "opex": 52658000,
      "cogs": 249409000,
      "rd": null,
      "sga": 52658000,
      "fcf": 54750000,
      "ocf": 66688000,
      "capex": -11938000,
      "gross_margin": 0.26582654821408597,
      "op_margin": 0.11081968950352356,
      "fcf_margin": 0.16116497995372578,
      "incr_op_margin_yoy": -0.10258415384068531,
      "rev_growth_yoy": -0.0764801670259646,
      "rev_growth_yoy_accel": -0.026940919117421663,
      "fcf_margin_change": 0.06600134101967615
    },
    {
      "date": "2024-03-02T00:00:00",
      "quarter_label": "2024-03 (Q1)",
      "revenue": 361840000,
      "gross_profit": 88466000,
      "operating_income": 21866000,
      "net_income": 15736000,
      "opex": 66600000,
      "cogs": 273374000,
      "rd": null,
      "sga": 66600000,
      "fcf": 58678000,
      "ocf": 74902000,
      "capex": -16224000,
      "gross_margin": 0.24448927702852088,
      "op_margin": 0.0604300243201415,
      "fcf_margin": 0.16216559805438868,
      "incr_op_margin_yoy": -0.21838173104031575,
      "rev_growth_yoy": 0.051539501024396625,
      "rev_growth_yoy_accel": 0.12801966805036122,
      "op_leverage_ratio": 0.24599639620068167,
      "fcf_margin_change": 0.0010006181006629034
    },
    {
      "date": "2024-06-01T00:00:00",
      "quarter_label": "2024-06 (Q2)",
      "revenue": 331516000,
      "gross_profit": 98855000,
      "operating_income": 41381000,
      "net_income": 31011000,
      "opex": 57474000,
      "cogs": 232661000,
      "rd": null,
      "sga": 57474000,
      "fcf": -1776000,
      "ocf": 5453000,
      "capex": -7229000,
      "gross_margin": 0.2981907358920836,
      "op_margin": 0.12482353792878775,
      "fcf_margin": -0.0053572074952641805,
      "incr_op_margin_yoy": -0.25214425274033847,
      "rev_growth_yoy": -0.08348331411920501,
      "rev_growth_yoy_accel": -0.13502281514360165,
      "fcf_margin_change": -0.16752280554965288
    },
    {
      "date": "2024-08-31T00:00:00",
      "quarter_label": "2024-08 (Q3)",
      "revenue": 342440000,
      "gross_profit": 97321000,
      "operating_income": 41965000,
      "net_income": 30566000,
      "opex": 55356000,
      "cogs": 245119000,
      "rd": null,
      "sga": 55356000,
      "fcf": 50246000,
      "ocf": 58679000,
      "capex": -8433000,
      "gross_margin": 0.284198691741619,
      "op_margin": 0.12254701553556828,
      "fcf_margin": 0.14672935404742438,
      "incr_op_margin_yoy": -0.12567868268802848,
      "rev_growth_yoy": -0.03176645225136071,
      "rev_growth_yoy_accel": 0.0517168618678443,
      "op_leverage_ratio": Infinity,
      "fcf_margin_change": 0.15208656154268857
    },
    {
      "date": "2024-11-30T00:00:00",
      "quarter_label": "2024-11 (Q4)",
      "revenue": 341344000,
      "gross_profit": 89149000,
      "operating_income": 28629000,
      "net_income": 20989000,
      "opex": 60520000,
      "cogs": 252195000,
      "rd": null,
      "sga": 60520000,
      "fcf": 21964000,
      "ocf": 30998000,
      "capex": -9034000,
      "gross_margin": 0.26117054935783257,
      "op_margin": 0.08387140245617325,
      "fcf_margin": 0.06434564544857974,
      "incr_op_margin_yoy": -5.5325153374233125,
      "rev_growth_yoy": 0.004798153741088091,
      "rev_growth_yoy_accel": 0.036564605992448804,
      "fcf_margin_change": -0.08238370859884464
    },
    {
      "date": "2025-03-01T00:00:00",
      "quarter_label": "2025-03 (Q1)",
      "revenue": 345694000,
      "gross_profit": 74568000,
      "operating_income": 6135000,
      "net_income": 2486000,
      "opex": 68433000,
      "cogs": 271126000,
      "rd": null,
      "sga": 68433000,
      "fcf": 19135000,
      "ocf": 30032000,
      "capex": -10897000,
      "gross_margin": 0.21570521906657333,
      "op_margin": 0.01774690911615475,
      "fcf_margin": 0.05535242150572472,
      "incr_op_margin_yoy": 0.9742970395144308,
      "rev_growth_yoy": -0.04462193234578819,
      "rev_growth_yoy_accel": -0.049420086086876286,
      "op_leverage_ratio": 0.0974663577685098,
      "fcf_margin_change": -0.008993223942855018
    },
    {
      "date": "2025-05-31T00:00:00",
      "quarter_label": "2025-05 (Q2)",
      "revenue": 346622000,
      "gross_profit": 75125000,
      "operating_income": 6931000,
      "net_income": -2688000,
      "opex": 68194000,
      "cogs": 271497000,
      "rd": null,
      "sga": 68194000,
      "fcf": -26949000,
      "ocf": -19782000,
      "capex": -7167000,
      "gross_margin": 0.2167346561960868,
      "op_margin": 0.019995845618570086,
      "fcf_margin": -0.07774751746859691,
      "incr_op_margin_yoy": -2.280550774526678,
      "rev_growth_yoy": 0.04556642816636301,
      "rev_growth_yoy_accel": 0.0901883605121512,
      "fcf_margin_change": -0.13309993897432162
    },
    {
      "date": "2025-08-30T00:00:00",
      "quarter_label": "2025-08 (Q3)",
      "revenue": 358194000,
      "gross_profit": 82607000,
      "operating_income": 26888000,
      "net_income": 23649000,
      "opex": 55719000,
      "cogs": 275587000,
      "rd": null,
      "sga": 55719000,
      "fcf": 52402000,
      "ocf": 57062000,
      "capex": -4660000,
      "gross_margin": 0.23062083675326778,
      "op_margin": 0.0750654673165938,
      "fcf_margin": 0.14629502448393888,
      "incr_op_margin_yoy": -0.9570267868477846,
      "rev_growth_yoy": 0.04600513958649691,
      "rev_growth_yoy_accel": 0.0004387114201338943,
      "op_leverage_ratio": Infinity,
      "fcf_margin_change": 0.2240425419525358
    },
    {
      "date": "2025-11-29T00:00:00",
      "quarter_label": "2025-11 (Q4)",
      "revenue": 348563000,
      "gross_profit": 82992000,
      "operating_income": 24879000,
      "net_income": 16549000,
      "opex": 58113000,
      "cogs": 265571000,
      "rd": null,
      "sga": 58113000,
      "fcf": 22854000,
      "ocf": 29342000,
      "capex": -6488000,
      "gross_margin": 0.23809756055576753,
      "op_margin": 0.07137590622068321,
      "fcf_margin": 0.06556633951394726,
      "incr_op_margin_yoy": -0.51946252943621,
      "rev_growth_yoy": 0.021148753163963627,
      "rev_growth_yoy_accel": -0.02485638642253328,
      "fcf_margin_change": -0.08072868496999162
    }
  ],
  "signals": [
    {
      "quarter": "2025-08 (Q3)",
      "signal": "FCF TURNED POSITIVE",
      "detail": "FCF margin: -7.8% -> +14.6%",
      "severity": "HIGH"
    },
    {
      "quarter": "2025-05 (Q2)",
      "signal": "YoY REVENUE GROWTH ACCELERATION",
      "detail": "YoY growth: +4.6% vs prior quarter YoY: -4.5% (accel: +9.0%)",
      "severity": "MEDIUM"
    },
    {
      "quarter": "2025-03 (Q1)",
      "signal": "INCREMENTAL MARGIN (YoY)",
      "detail": "YoY Incr OPM: +97.4% vs year-ago OPM: +6.0%",
      "severity": "HIGH"
    },
    {
      "quarter": "2024-08 (Q3)",
      "signal": "FCF TURNED POSITIVE",
      "detail": "FCF margin: -0.5% -> +14.7%",
      "severity": "HIGH"
    },
    {
      "quarter": "2024-08 (Q3)",
      "signal": "YoY REVENUE GROWTH ACCELERATION",
      "detail": "YoY growth: -3.2% vs prior quarter YoY: -8.3% (accel: +5.2%)",
      "severity": "MEDIUM"
    },
    {
      "quarter": "2024-06 (Q2)",
      "signal": "GROSS MARGIN INFLECTION",
      "detail": "GM: +26.6% -> +24.4% -> +29.8% (reversal +5.4%)",
      "severity": "HIGH"
    },
    {
      "quarter": "2024-06 (Q2)",
      "signal": "YoY REVENUE GROWTH DECELERATION",
      "detail": "YoY growth: -8.3% vs prior quarter YoY: +5.2% (decel: -13.5%)",
      "severity": "WARNING"
    },
    {
      "quarter": "2024-03 (Q1)",
      "signal": "YoY REVENUE GROWTH ACCELERATION",
      "detail": "YoY growth: +5.2% vs prior quarter YoY: -7.6% (accel: +12.8%)",
      "severity": "MEDIUM"
    },
    {
      "quarter": "2023-11 (Q4)",
      "signal": "FCF MARGIN EXPANSION",
      "detail": "FCF margin: +9.5% -> +16.1% (+6.6%)",
      "severity": "MEDIUM"
    },
    {
      "quarter": "2023-08 (Q3)",
      "signal": "FCF MARGIN EXPANSION",
      "detail": "FCF margin: +3.8% -> +9.5% (+5.7%)",
      "severity": "MEDIUM"
    },
    {
      "quarter": "2023-08 (Q3)",
      "signal": "YoY REVENUE GROWTH DECELERATION",
      "detail": "YoY growth: -5.0% vs prior quarter YoY: +1.4% (decel: -6.4%)",
      "severity": "WARNING"
    },
    {
      "quarter": "2023-05 (Q2)",
      "signal": "GROSS MARGIN INFLECTION",
      "detail": "GM: +23.5% -> +22.7% -> +25.7% (reversal +3.0%)",
      "severity": "MEDIUM"
    },
    {
      "quarter": "2023-02 (Q1)",
      "signal": "YoY REVENUE GROWTH DECELERATION",
      "detail": "YoY growth: +4.9% vs prior quarter YoY: +10.1% (decel: -5.1%)",
      "severity": "WARNING"
    },
    {
      "quarter": "2023-02 (Q1)",
      "signal": "OP MARGIN TURNED POSITIVE (YoY)",
      "detail": "Op margin: -2.6% (year-ago) -> +7.5%",
      "severity": "HIGH"
    },
    {
      "quarter": "2022-11 (Q4)",
      "signal": "FCF MARGIN EXPANSION",
      "detail": "FCF margin: +6.4% -> +12.2% (+5.8%)",
      "severity": "MEDIUM"
    },
    {
      "quarter": "2022-11 (Q4)",
      "signal": "INCREMENTAL MARGIN (YoY)",
      "detail": "YoY Incr OPM: +50.7% vs year-ago OPM: +5.3%",
      "severity": "HIGH"
    },
    {
      "quarter": "2022-08 (Q3)",
      "signal": "FCF TURNED POSITIVE",
      "detail": "FCF margin: -10.0% -> +6.4%",
      "severity": "HIGH"
    },
    {
      "quarter": "2022-08 (Q3)",
      "signal": "OPERATING LEVERAGE",
      "detail": "Rev growth +4.3% vs OpEx growth +0.9% (leverage: 4.9x)",
      "severity": "MEDIUM"
    },
    {
      "quarter": "2022-08 (Q3)",
      "signal": "OP MARGIN TURNED POSITIVE (YoY)",
      "detail": "Op margin: -0.9% (year-ago) -> +8.6%",
      "severity": "HIGH"
    },
    {
      "quarter": "2022-05 (Q2)",
      "signal": "INCREMENTAL MARGIN (YoY)",
      "detail": "YoY Incr OPM: +56.1% vs year-ago OPM: +4.9%",
      "severity": "HIGH"
    },
    {
      "quarter": "2022-05 (Q2)",
      "signal": "OP MARGIN TURNED POSITIVE (QoQ)",
      "detail": "Op margin: -2.6% -> +9.3%",
      "severity": "HIGH"
    },
    {
      "quarter": "2021-11 (Q4)",
      "signal": "GROSS MARGIN INFLECTION",
      "detail": "GM: +20.8% -> +14.7% -> +19.4% (reversal +4.6%)",
      "severity": "MEDIUM"
    },
    {
      "quarter": "2021-11 (Q4)",
      "signal": "OP MARGIN TURNED POSITIVE (QoQ)",
      "detail": "Op margin: -0.9% -> +5.3%",
      "severity": "HIGH"
    },
    {
      "quarter": "2021-08 (Q3)",
      "signal": "FCF MARGIN EXPANSION",
      "detail": "FCF margin: +0.7% -> +13.1% (+12.4%)",
      "severity": "MEDIUM"
    },
    {
      "quarter": "2021-05 (Q2)",
      "signal": "OP MARGIN TURNED POSITIVE (QoQ)",
      "detail": "Op margin: -17.5% -> +4.9%",
      "severity": "HIGH"
    }
  ],
  "data_quality": {
    "n_quarters": 20,
    "coverage": {
      "revenue": [
        20,
        20
      ],
      "gross_profit": [
        20,
        20
      ],
      "op_income": [
        20,
        20
      ],
      "fcf": [
        20,
        20
      ]
    },
    "gaps": [],
    "warnings": []
  },
  "market_cap": null,
  "source": "SEC EDGAR",
  "last_updated": "2026-02-02T22:07:35.996996",
  "sector": "Industrials",
  "industry": "Building Products & Equipment"
}