{
  "ticker": "APP",
  "name": "AppLovin Corporation",
  "quarters": [
    {
      "date": "2020-12-31T00:00:00",
      "quarter_label": "2020-12 (Q4)",
      "revenue": 509837000,
      "gross_profit": 311823000,
      "operating_income": -4958000,
      "net_income": -18772000,
      "opex": 514795000,
      "cogs": 198014000,
      "rd": 80702000,
      "sga": null,
      "fcf": 99758000,
      "ocf": 100157000,
      "capex": -399000,
      "gross_margin": 0.611613123410031,
      "op_margin": -0.009724676710399598,
      "fcf_margin": 0.19566645810327615
    },
    {
      "date": "2021-03-31T00:00:00",
      "quarter_label": "2021-03 (Q1)",
      "revenue": 603877000,
      "gross_profit": 380816000,
      "operating_income": 11465000,
      "net_income": -10521000,
      "opex": 592412000,
      "cogs": 223061000,
      "rd": 60876000,
      "sga": null,
      "fcf": 61698000,
      "ocf": 61819000,
      "capex": -121000,
      "gross_margin": 0.6306184868772945,
      "op_margin": 0.01898565436338857,
      "fcf_margin": 0.1021698127267639,
      "op_leverage_ratio": 1.2233725678375353,
      "fcf_margin_change": -0.09349664537651226
    },
    {
      "date": "2021-06-30T00:00:00",
      "quarter_label": "2021-06 (Q2)",
      "revenue": 668806000,
      "gross_profit": 422953000,
      "operating_income": 34978000,
      "net_income": 14423000,
      "opex": 633828000,
      "cogs": 245853000,
      "rd": 77462000,
      "sga": null,
      "fcf": 89925000,
      "ocf": 90457000,
      "capex": -532000,
      "gross_margin": 0.6324001279892824,
      "op_margin": 0.05229917195718938,
      "fcf_margin": 0.1344560305978116,
      "op_leverage_ratio": 1.5379631168591736,
      "fcf_margin_change": 0.03228621787104771
    },
    {
      "date": "2021-09-30T00:00:00",
      "quarter_label": "2021-09 (Q3)",
      "revenue": 726951000,
      "gross_profit": 472899000,
      "operating_income": 45048000,
      "net_income": 178000,
      "opex": 681903000,
      "cogs": 254052000,
      "rd": 108523000,
      "sga": null,
      "fcf": 124251000,
      "ocf": 124560000,
      "capex": -309000,
      "gross_margin": 0.6505239005104884,
      "op_margin": 0.061968413276823335,
      "fcf_margin": 0.1709207360606148,
      "op_leverage_ratio": 1.1462103930639462,
      "fcf_margin_change": 0.0364647054628032
    },
    {
      "date": "2021-12-31T00:00:00",
      "quarter_label": "2021-12 (Q4)",
      "revenue": 793470000,
      "gross_profit": 528341000,
      "operating_income": 58525000,
      "net_income": 31366000,
      "opex": 734945000,
      "cogs": 265129000,
      "rd": 119541000,
      "sga": null,
      "fcf": 84587000,
      "ocf": 85015000,
      "capex": -428000,
      "gross_margin": 0.6658613432139842,
      "op_margin": 0.07375830214122778,
      "fcf_margin": 0.10660390436941536,
      "incr_op_margin_yoy": 0.2238209235173622,
      "rev_growth_yoy": 0.5563209417912,
      "op_leverage_ratio": 1.176368219849157,
      "fcf_margin_change": -0.06431683169119945
    },
    {
      "date": "2022-03-31T00:00:00",
      "quarter_label": "2022-03 (Q1)",
      "revenue": 625421000,
      "gross_profit": 343641000,
      "operating_income": -127987000,
      "net_income": -115257000,
      "opex": 753408000,
      "cogs": 281780000,
      "rd": 126250000,
      "sga": null,
      "fcf": -32004000,
      "ocf": -31719000,
      "capex": -285000,
      "gross_margin": 0.5494554867841023,
      "op_margin": -0.20464135358422567,
      "fcf_margin": -0.05117193058755622,
      "incr_op_margin_yoy": -6.47289268473821,
      "rev_growth_yoy": 0.0356761393462576,
      "rev_growth_yoy_accel": -0.5206448024449424,
      "fcf_margin_change": -0.1577758349569716
    },
    {
      "date": "2022-06-30T00:00:00",
      "quarter_label": "2022-06 (Q2)",
      "revenue": 776231000,
      "gross_profit": 472302000,
      "operating_income": 53355000,
      "net_income": -21748000,
      "opex": 722876000,
      "cogs": 303929000,
      "rd": 141108000,
      "sga": null,
      "fcf": 106696000,
      "ocf": 106811000,
      "capex": -115000,
      "gross_margin": 0.6084554726621328,
      "op_margin": 0.06873598194351939,
      "fcf_margin": 0.13745392801885006,
      "incr_op_margin_yoy": 0.17106818710728416,
      "rev_growth_yoy": 0.16062206379727453,
      "rev_growth_yoy_accel": 0.12494592445101693,
      "op_leverage_ratio": Infinity,
      "fcf_margin_change": 0.1886258586064063
    },
    {
      "date": "2022-09-30T00:00:00",
      "quarter_label": "2022-09 (Q3)",
      "revenue": 713099000,
      "gross_profit": 412111000,
      "operating_income": 49267000,
      "net_income": 23771000,
      "opex": 663832000,
      "cogs": 300988000,
      "rd": 122059000,
      "sga": null,
      "fcf": 174261000,
      "ocf": 174482000,
      "capex": -221000,
      "gross_margin": 0.5779155488929307,
      "op_margin": 0.0690885837730806,
      "fcf_margin": 0.24437139864170332,
      "incr_op_margin_yoy": -0.30457695639618826,
      "rev_growth_yoy": -0.01905492942440412,
      "rev_growth_yoy_accel": -0.17967699322167865,
      "fcf_margin_change": 0.10691747062285326
    },
    {
      "date": "2022-12-31T00:00:00",
      "quarter_label": "2022-12 (Q4)",
      "revenue": 702307000,
      "gross_profit": 332939000,
      "operating_income": -22426000,
      "net_income": -79512000,
      "opex": 724733000,
      "cogs": 369368000,
      "rd": 118190000,
      "sga": null,
      "fcf": 163158000,
      "ocf": 163199000,
      "capex": -41000,
      "gross_margin": 0.4740647608524477,
      "op_margin": -0.031931904423564056,
      "fcf_margin": 0.2323172060081987,
      "incr_op_margin_yoy": 0.8879808694316773,
      "rev_growth_yoy": -0.11489155229561294,
      "rev_growth_yoy_accel": -0.09583662287120882,
      "fcf_margin_change": -0.012054192633504629
    },
    {
      "date": "2023-03-31T00:00:00",
      "quarter_label": "2023-03 (Q1)",
      "revenue": 715405000,
      "gross_profit": 453445000,
      "operating_income": 61047000,
      "net_income": -4518000,
      "opex": 654358000,
      "cogs": 261960000,
      "rd": 144851000,
      "sga": null,
      "fcf": 288592000,
      "ocf": 288662000,
      "capex": -70000,
      "gross_margin": 0.6338297887210741,
      "op_margin": 0.08533208462339514,
      "fcf_margin": 0.40339667740650403,
      "incr_op_margin_yoy": 2.100751244665718,
      "rev_growth_yoy": 0.14387748412669227,
      "rev_growth_yoy_accel": 0.2587690364223052,
      "op_leverage_ratio": Infinity,
      "fcf_margin_change": 0.17107947139830534
    },
    {
      "date": "2023-06-30T00:00:00",
      "quarter_label": "2023-06 (Q2)",
      "revenue": 750165000,
      "gross_profit": 491590000,
      "operating_income": 131328000,
      "net_income": 80357000,
      "opex": 618837000,
      "cogs": 258575000,
      "rd": 137424000,
      "sga": null,
      "fcf": 226045000,
      "ocf": 229794000,
      "capex": -3749000,
      "gross_margin": 0.6553091653169636,
      "op_margin": 0.1750654855931695,
      "fcf_margin": 0.3013270413842288,
      "incr_op_margin_yoy": -2.991368065679429,
      "rev_growth_yoy": -0.0335802100148023,
      "rev_growth_yoy_accel": -0.17745769414149457,
      "op_leverage_ratio": Infinity,
      "fcf_margin_change": -0.10206963602227526
    },
    {
      "date": "2023-09-30T00:00:00",
      "quarter_label": "2023-09 (Q3)",
      "revenue": 864256000,
      "gross_profit": 599207000,
      "operating_income": 186318000,
      "net_income": 108639000,
      "opex": 677938000,
      "cogs": 265049000,
      "rd": 159288000,
      "sga": null,
      "fcf": 198883000,
      "ocf": 199066000,
      "capex": -183000,
      "gross_margin": 0.6933211918690758,
      "op_margin": 0.2155819571978673,
      "fcf_margin": 0.23012047356338863,
      "incr_op_margin_yoy": 0.9066798097342498,
      "rev_growth_yoy": 0.21197197023134234,
      "rev_growth_yoy_accel": 0.24555218024614464,
      "op_leverage_ratio": 1.5924874990810596,
      "fcf_margin_change": -0.07120656782084014
    },
    {
      "date": "2023-12-31T00:00:00",
      "quarter_label": "2023-12 (Q4)",
      "revenue": 953261000,
      "gross_profit": 679654000,
      "operating_income": 269514000,
      "net_income": 172233000,
      "opex": 683747000,
      "cogs": 273607000,
      "rd": 150823000,
      "sga": null,
      "fcf": 343744000,
      "ocf": 343988000,
      "capex": -244000,
      "gross_margin": 0.7129778727966423,
      "op_margin": 0.2827284447806005,
      "fcf_margin": 0.3605979894278692,
      "incr_op_margin_yoy": 1.1633207679495048,
      "rev_growth_yoy": 0.35732806308352333,
      "rev_growth_yoy_accel": 0.14535609285218098,
      "op_leverage_ratio": 12.018786004407612,
      "fcf_margin_change": 0.13047751586448056
    },
    {
      "date": "2024-03-31T00:00:00",
      "quarter_label": "2024-03 (Q1)",
      "revenue": 1058115000,
      "gross_profit": 763967000,
      "operating_income": 339559000,
      "net_income": 236183000,
      "opex": 718556000,
      "cogs": 294148000,
      "rd": 155323000,
      "sga": null,
      "fcf": 392779000,
      "ocf": 392779000,
      "capex": null,
      "gross_margin": 0.7220075322625612,
      "op_margin": 0.3209093529531289,
      "fcf_margin": 0.37120634335587344,
      "incr_op_margin_yoy": 0.8126754398762802,
      "rev_growth_yoy": 0.4790433390876497,
      "rev_growth_yoy_accel": 0.12171527600412635,
      "op_leverage_ratio": 2.160613394552412,
      "fcf_margin_change": 0.010608353928004244
    },
    {
      "date": "2024-06-30T00:00:00",
      "quarter_label": "2024-06 (Q2)",
      "revenue": 1080119000,
      "gross_profit": 797572000,
      "operating_income": 390986000,
      "net_income": 309969000,
      "opex": 689133000,
      "cogs": 282547000,
      "rd": 163896000,
      "sga": null,
      "fcf": 454527000,
      "ocf": 454527000,
      "capex": null,
      "gross_margin": 0.7384112306144045,
      "op_margin": 0.36198418877919936,
      "fcf_margin": 0.4208119660889217,
      "incr_op_margin_yoy": 0.7869521205986288,
      "rev_growth_yoy": 0.439841901448348,
      "rev_growth_yoy_accel": -0.03920143763930167,
      "op_leverage_ratio": Infinity,
      "fcf_margin_change": 0.04960562273304825
    },
    {
      "date": "2024-09-30T00:00:00",
      "quarter_label": "2024-09 (Q3)",
      "revenue": 1198235000,
      "gross_profit": 928576000,
      "operating_income": 534934000,
      "net_income": 434420000,
      "opex": 663301000,
      "cogs": 269659000,
      "rd": 149990000,
      "sga": null,
      "fcf": 550702000,
      "ocf": 550702000,
      "capex": null,
      "gross_margin": 0.7749531602732352,
      "op_margin": 0.4464349647606688,
      "fcf_margin": 0.45959431997896905,
      "incr_op_margin_yoy": 1.0438261088272016,
      "rev_growth_yoy": 0.3864352691795024,
      "rev_growth_yoy_accel": -0.05340663226884562,
      "op_leverage_ratio": Infinity,
      "fcf_margin_change": 0.03878235389004736
    },
    {
      "date": "2024-12-31T00:00:00",
      "quarter_label": "2024-12 (Q4)",
      "revenue": 1372779000,
      "gross_profit": 1052327000,
      "operating_income": 607980000,
      "net_income": 599204000,
      "opex": 764799000,
      "cogs": 320452000,
      "rd": 169480000,
      "sga": null,
      "fcf": 701003000,
      "ocf": 701003000,
      "capex": null,
      "gross_margin": 0.7665669419476843,
      "op_margin": 0.4428826489915711,
      "fcf_margin": 0.5106451948929871,
      "incr_op_margin_yoy": 0.8067973245486487,
      "rev_growth_yoy": 0.44008723738829136,
      "rev_growth_yoy_accel": 0.05365196820878898,
      "op_leverage_ratio": 0.9519542799938308,
      "fcf_margin_change": 0.05105087491401805
    },
    {
      "date": "2025-03-31T00:00:00",
      "quarter_label": "2025-03 (Q1)",
      "revenue": 1484021000,
      "gross_profit": 1212789000,
      "operating_income": 663471000,
      "net_income": 576419000,
      "opex": 820550000,
      "cogs": 271232000,
      "rd": 122918000,
      "sga": null,
      "fcf": 831712000,
      "ocf": 831712000,
      "capex": null,
      "gross_margin": 0.8172316968560418,
      "op_margin": 0.4470765575419755,
      "fcf_margin": 0.5604448993646316,
      "incr_op_margin_yoy": 0.7605246228040929,
      "rev_growth_yoy": 0.40251390444327884,
      "rev_growth_yoy_accel": -0.03757333294501253,
      "op_leverage_ratio": 1.111636533172134,
      "fcf_margin_change": 0.0497997044716445
    },
    {
      "date": "2025-06-30T00:00:00",
      "quarter_label": "2025-06 (Q2)",
      "revenue": 1258754000,
      "gross_profit": 1103678000,
      "operating_income": 957682000,
      "net_income": 819531000,
      "opex": 301072000,
      "cogs": 155076000,
      "rd": 44032000,
      "sga": null,
      "fcf": 772226000,
      "ocf": 772226000,
      "capex": null,
      "gross_margin": 0.8768019803710654,
      "op_margin": 0.760817443281213,
      "fcf_margin": 0.613484445729666,
      "incr_op_margin_yoy": 3.1723682369076607,
      "rev_growth_yoy": 0.16538455484997486,
      "rev_growth_yoy_accel": -0.23712934959330398,
      "fcf_margin_change": 0.053039546365034385
    },
    {
      "date": "2025-09-30T00:00:00",
      "quarter_label": "2025-09 (Q3)",
      "revenue": 1405045000,
      "gross_profit": 1230190000,
      "operating_income": 1079007000,
      "net_income": 835545000,
      "opex": 326038000,
      "cogs": 174855000,
      "rd": 43852000,
      "sga": null,
      "fcf": 1053422000,
      "ocf": 1053422000,
      "capex": null,
      "gross_margin": 0.8755520285827144,
      "op_margin": 0.7679519161308,
      "fcf_margin": 0.7497425349366035,
      "incr_op_margin_yoy": 2.6307867124413713,
      "rev_growth_yoy": 0.17259552591937308,
      "rev_growth_yoy_accel": 0.00721097106939822,
      "op_leverage_ratio": 1.4015162783364603,
      "fcf_margin_change": 0.1362580892069375
    }
  ],
  "signals": [
    {
      "quarter": "2025-09 (Q3)",
      "signal": "FCF MARGIN EXPANSION",
      "detail": "FCF margin: +61.3% -> +75.0% (+13.6%)",
      "severity": "MEDIUM"
    },
    {
      "quarter": "2025-09 (Q3)",
      "signal": "INCREMENTAL MARGIN (YoY)",
      "detail": "YoY Incr OPM: +263.1% vs year-ago OPM: +44.6%",
      "severity": "HIGH"
    },
    {
      "quarter": "2025-06 (Q2)",
      "signal": "FCF MARGIN EXPANSION",
      "detail": "FCF margin: +56.0% -> +61.3% (+5.3%)",
      "severity": "MEDIUM"
    },
    {
      "quarter": "2025-06 (Q2)",
      "signal": "YoY REVENUE GROWTH DECELERATION",
      "detail": "YoY growth: +16.5% vs prior quarter YoY: +40.3% (decel: -23.7%)",
      "severity": "WARNING"
    },
    {
      "quarter": "2025-06 (Q2)",
      "signal": "INCREMENTAL MARGIN (YoY)",
      "detail": "YoY Incr OPM: +317.2% vs year-ago OPM: +36.2%",
      "severity": "HIGH"
    },
    {
      "quarter": "2025-03 (Q1)",
      "signal": "GROSS MARGIN INFLECTION",
      "detail": "GM: +77.5% -> +76.7% -> +81.7% (reversal +5.1%)",
      "severity": "HIGH"
    },
    {
      "quarter": "2025-03 (Q1)",
      "signal": "INCREMENTAL MARGIN (YoY)",
      "detail": "YoY Incr OPM: +76.1% vs year-ago OPM: +32.1%",
      "severity": "HIGH"
    },
    {
      "quarter": "2024-12 (Q4)",
      "signal": "FCF MARGIN EXPANSION",
      "detail": "FCF margin: +46.0% -> +51.1% (+5.1%)",
      "severity": "MEDIUM"
    },
    {
      "quarter": "2024-12 (Q4)",
      "signal": "YoY REVENUE GROWTH ACCELERATION",
      "detail": "YoY growth: +44.0% vs prior quarter YoY: +38.6% (accel: +5.4%)",
      "severity": "MEDIUM"
    },
    {
      "quarter": "2024-12 (Q4)",
      "signal": "INCREMENTAL MARGIN (YoY)",
      "detail": "YoY Incr OPM: +80.7% vs year-ago OPM: +28.3%",
      "severity": "HIGH"
    },
    {
      "quarter": "2024-09 (Q3)",
      "signal": "YoY REVENUE GROWTH DECELERATION",
      "detail": "YoY growth: +38.6% vs prior quarter YoY: +44.0% (decel: -5.3%)",
      "severity": "WARNING"
    },
    {
      "quarter": "2024-09 (Q3)",
      "signal": "INCREMENTAL MARGIN (YoY)",
      "detail": "YoY Incr OPM: +104.4% vs year-ago OPM: +21.6%",
      "severity": "HIGH"
    },
    {
      "quarter": "2024-06 (Q2)",
      "signal": "INCREMENTAL MARGIN (YoY)",
      "detail": "YoY Incr OPM: +78.7% vs year-ago OPM: +17.5%",
      "severity": "HIGH"
    },
    {
      "quarter": "2024-03 (Q1)",
      "signal": "OPERATING LEVERAGE",
      "detail": "Rev growth +11.0% vs OpEx growth +5.1% (leverage: 2.2x)",
      "severity": "MEDIUM"
    },
    {
      "quarter": "2024-03 (Q1)",
      "signal": "YoY REVENUE GROWTH ACCELERATION",
      "detail": "YoY growth: +47.9% vs prior quarter YoY: +35.7% (accel: +12.2%)",
      "severity": "MEDIUM"
    },
    {
      "quarter": "2024-03 (Q1)",
      "signal": "INCREMENTAL MARGIN (YoY)",
      "detail": "YoY Incr OPM: +81.3% vs year-ago OPM: +8.5%",
      "severity": "HIGH"
    },
    {
      "quarter": "2023-12 (Q4)",
      "signal": "FCF MARGIN EXPANSION",
      "detail": "FCF margin: +23.0% -> +36.1% (+13.0%)",
      "severity": "MEDIUM"
    },
    {
      "quarter": "2023-12 (Q4)",
      "signal": "OPERATING LEVERAGE",
      "detail": "Rev growth +10.3% vs OpEx growth +0.9% (leverage: 12.0x)",
      "severity": "MEDIUM"
    },
    {
      "quarter": "2023-12 (Q4)",
      "signal": "YoY REVENUE GROWTH ACCELERATION",
      "detail": "YoY growth: +35.7% vs prior quarter YoY: +21.2% (accel: +14.5%)",
      "severity": "MEDIUM"
    },
    {
      "quarter": "2023-12 (Q4)",
      "signal": "OP MARGIN TURNED POSITIVE (YoY)",
      "detail": "Op margin: -3.2% (year-ago) -> +28.3%",
      "severity": "HIGH"
    },
    {
      "quarter": "2023-09 (Q3)",
      "signal": "OPERATING LEVERAGE",
      "detail": "Rev growth +15.2% vs OpEx growth +9.6% (leverage: 1.6x)",
      "severity": "MEDIUM"
    },
    {
      "quarter": "2023-09 (Q3)",
      "signal": "YoY REVENUE GROWTH ACCELERATION",
      "detail": "YoY growth: +21.2% vs prior quarter YoY: -3.4% (accel: +24.6%)",
      "severity": "HIGH"
    },
    {
      "quarter": "2023-09 (Q3)",
      "signal": "INCREMENTAL MARGIN (YoY)",
      "detail": "YoY Incr OPM: +90.7% vs year-ago OPM: +6.9%",
      "severity": "HIGH"
    },
    {
      "quarter": "2023-06 (Q2)",
      "signal": "YoY REVENUE GROWTH DECELERATION",
      "detail": "YoY growth: -3.4% vs prior quarter YoY: +14.4% (decel: -17.7%)",
      "severity": "WARNING"
    },
    {
      "quarter": "2023-03 (Q1)",
      "signal": "FCF MARGIN EXPANSION",
      "detail": "FCF margin: +23.2% -> +40.3% (+17.1%)",
      "severity": "MEDIUM"
    },
    {
      "quarter": "2023-03 (Q1)",
      "signal": "GROSS MARGIN INFLECTION",
      "detail": "GM: +57.8% -> +47.4% -> +63.4% (reversal +16.0%)",
      "severity": "HIGH"
    },
    {
      "quarter": "2023-03 (Q1)",
      "signal": "YoY REVENUE GROWTH ACCELERATION",
      "detail": "YoY growth: +14.4% vs prior quarter YoY: -11.5% (accel: +25.9%)",
      "severity": "HIGH"
    },
    {
      "quarter": "2023-03 (Q1)",
      "signal": "OP MARGIN TURNED POSITIVE (YoY)",
      "detail": "Op margin: -20.5% (year-ago) -> +8.5%",
      "severity": "HIGH"
    },
    {
      "quarter": "2023-03 (Q1)",
      "signal": "OP MARGIN TURNED POSITIVE (QoQ)",
      "detail": "Op margin: -3.2% -> +8.5%",
      "severity": "HIGH"
    },
    {
      "quarter": "2022-12 (Q4)",
      "signal": "YoY REVENUE GROWTH DECELERATION",
      "detail": "YoY growth: -11.5% vs prior quarter YoY: -1.9% (decel: -9.6%)",
      "severity": "WARNING"
    },
    {
      "quarter": "2022-09 (Q3)",
      "signal": "FCF MARGIN EXPANSION",
      "detail": "FCF margin: +13.7% -> +24.4% (+10.7%)",
      "severity": "MEDIUM"
    },
    {
      "quarter": "2022-09 (Q3)",
      "signal": "YoY REVENUE GROWTH DECELERATION",
      "detail": "YoY growth: -1.9% vs prior quarter YoY: +16.1% (decel: -18.0%)",
      "severity": "WARNING"
    },
    {
      "quarter": "2022-06 (Q2)",
      "signal": "FCF TURNED POSITIVE",
      "detail": "FCF margin: -5.1% -> +13.7%",
      "severity": "HIGH"
    },
    {
      "quarter": "2022-06 (Q2)",
      "signal": "GROSS MARGIN INFLECTION",
      "detail": "GM: +66.6% -> +54.9% -> +60.8% (reversal +5.9%)",
      "severity": "HIGH"
    },
    {
      "quarter": "2022-06 (Q2)",
      "signal": "YoY REVENUE GROWTH ACCELERATION",
      "detail": "YoY growth: +16.1% vs prior quarter YoY: +3.6% (accel: +12.5%)",
      "severity": "MEDIUM"
    },
    {
      "quarter": "2022-06 (Q2)",
      "signal": "INCREMENTAL MARGIN (YoY)",
      "detail": "YoY Incr OPM: +17.1% vs year-ago OPM: +5.2%",
      "severity": "MEDIUM"
    },
    {
      "quarter": "2022-06 (Q2)",
      "signal": "OP MARGIN TURNED POSITIVE (QoQ)",
      "detail": "Op margin: -20.5% -> +6.9%",
      "severity": "HIGH"
    },
    {
      "quarter": "2022-03 (Q1)",
      "signal": "YoY REVENUE GROWTH DECELERATION",
      "detail": "YoY growth: +3.6% vs prior quarter YoY: +55.6% (decel: -52.1%)",
      "severity": "WARNING"
    },
    {
      "quarter": "2021-12 (Q4)",
      "signal": "OP MARGIN TURNED POSITIVE (YoY)",
      "detail": "Op margin: -1.0% (year-ago) -> +7.4%",
      "severity": "HIGH"
    },
    {
      "quarter": "2021-06 (Q2)",
      "signal": "OPERATING LEVERAGE",
      "detail": "Rev growth +10.8% vs OpEx growth +7.0% (leverage: 1.5x)",
      "severity": "MEDIUM"
    },
    {
      "quarter": "2021-03 (Q1)",
      "signal": "OP MARGIN TURNED POSITIVE (QoQ)",
      "detail": "Op margin: -1.0% -> +1.9%",
      "severity": "HIGH"
    }
  ],
  "data_quality": {
    "n_quarters": 20,
    "coverage": {
      "revenue": [
        20,
        20
      ],
      "gross_profit": [
        20,
        20
      ],
      "op_income": [
        20,
        20
      ],
      "fcf": [
        20,
        20
      ]
    },
    "gaps": [],
    "warnings": []
  },
  "market_cap": null,
  "source": "SEC EDGAR",
  "last_updated": "2026-02-02T19:46:12.263591",
  "sector": "Communication Services",
  "industry": "Advertising Agencies"
}