{
  "ticker": "APPF",
  "name": "AppFolio, Inc.",
  "quarters": [
    {
      "date": "2020-12-31T00:00:00",
      "quarter_label": "2020-12 (Q4)",
      "revenue": 72432000,
      "gross_profit": 42527000,
      "operating_income": -2752000,
      "net_income": -513000,
      "opex": 75184000,
      "cogs": 29905000,
      "rd": 11735000,
      "sga": null,
      "fcf": 596000,
      "ocf": 3083000,
      "capex": -2487000,
      "gross_margin": 0.5871299977910316,
      "op_margin": -0.03799425668212945,
      "fcf_margin": 0.008228407333775127
    },
    {
      "date": "2021-03-31T00:00:00",
      "quarter_label": "2021-03 (Q1)",
      "revenue": 78921000,
      "gross_profit": 45623000,
      "operating_income": -5669000,
      "net_income": 479000,
      "opex": 84590000,
      "cogs": 33298000,
      "rd": 14383000,
      "sga": null,
      "fcf": -5375000,
      "ocf": -4437000,
      "capex": -938000,
      "gross_margin": 0.5780844135274515,
      "op_margin": -0.07183132499588196,
      "fcf_margin": -0.06810608076430862,
      "op_leverage_ratio": 0.7160902330013117,
      "fcf_margin_change": -0.07633448809808374
    },
    {
      "date": "2021-06-30T00:00:00",
      "quarter_label": "2021-06 (Q2)",
      "revenue": 89040000,
      "gross_profit": 56221000,
      "operating_income": 1146000,
      "net_income": 2021000,
      "opex": 87894000,
      "cogs": 32819000,
      "rd": 15506000,
      "sga": null,
      "fcf": 13232000,
      "ocf": 15098000,
      "capex": -1866000,
      "gross_margin": 0.6314128481581311,
      "op_margin": 0.012870619946091644,
      "fcf_margin": 0.148607367475292,
      "op_leverage_ratio": 3.2826456348769155,
      "fcf_margin_change": 0.2167134482396006
    },
    {
      "date": "2021-09-30T00:00:00",
      "quarter_label": "2021-09 (Q3)",
      "revenue": 95809000,
      "gross_profit": 57079000,
      "operating_income": -13000,
      "net_income": -141000,
      "opex": 95822000,
      "cogs": 38730000,
      "rd": 16500000,
      "sga": null,
      "fcf": 13436000,
      "ocf": 15798000,
      "capex": -2362000,
      "gross_margin": 0.5957582273064117,
      "op_margin": -0.0001356866265173418,
      "fcf_margin": 0.14023734722207726,
      "op_leverage_ratio": 0.8428202287569254,
      "fcf_margin_change": -0.008370020253214733
    },
    {
      "date": "2021-12-31T00:00:00",
      "quarter_label": "2021-12 (Q4)",
      "revenue": 95600000,
      "gross_profit": 56503000,
      "operating_income": -7342000,
      "net_income": -1331000,
      "opex": 102942000,
      "cogs": 39097000,
      "rd": 19591000,
      "sga": null,
      "fcf": 5995000,
      "ocf": 8932000,
      "capex": -2937000,
      "gross_margin": 0.5910355648535565,
      "op_margin": -0.07679916317991632,
      "fcf_margin": 0.0627092050209205,
      "incr_op_margin_yoy": -0.19811809392265192,
      "rev_growth_yoy": 0.3198586260216479,
      "fcf_margin_change": -0.07752814220115675
    },
    {
      "date": "2022-03-31T00:00:00",
      "quarter_label": "2022-03 (Q1)",
      "revenue": 105296000,
      "gross_profit": 61949000,
      "operating_income": -14669000,
      "net_income": -14287000,
      "opex": 119965000,
      "cogs": 43347000,
      "rd": 24320000,
      "sga": null,
      "fcf": -4074000,
      "ocf": -2244000,
      "capex": -1830000,
      "gross_margin": 0.5883319404345844,
      "op_margin": -0.1393120346451907,
      "fcf_margin": -0.03869092843032974,
      "incr_op_margin_yoy": -0.3412322274881517,
      "rev_growth_yoy": 0.33419495444811903,
      "rev_growth_yoy_accel": 0.014336328426471145,
      "op_leverage_ratio": 0.6133257760789796,
      "fcf_margin_change": -0.10140013345125024
    },
    {
      "date": "2022-06-30T00:00:00",
      "quarter_label": "2022-06 (Q2)",
      "revenue": 117450000,
      "gross_profit": 70020000,
      "operating_income": -29930000,
      "net_income": -29970000,
      "opex": 147380000,
      "cogs": 47430000,
      "rd": 26687000,
      "sga": null,
      "fcf": 2256000,
      "ocf": 5525000,
      "capex": -3269000,
      "gross_margin": 0.5961685823754789,
      "op_margin": -0.25483184333759046,
      "fcf_margin": 0.01920817369093231,
      "incr_op_margin_yoy": -1.0938401971136924,
      "rev_growth_yoy": 0.3190700808625337,
      "rev_growth_yoy_accel": -0.015124873585585341,
      "op_leverage_ratio": 0.5050956946590425,
      "fcf_margin_change": 0.05789910212126205
    },
    {
      "date": "2022-09-30T00:00:00",
      "quarter_label": "2022-09 (Q3)",
      "revenue": 125079000,
      "gross_profit": 74372000,
      "operating_income": -7819000,
      "net_income": -4162000,
      "opex": 132898000,
      "cogs": 50707000,
      "rd": 28959000,
      "sga": null,
      "fcf": 15159000,
      "ocf": 16003000,
      "capex": -844000,
      "gross_margin": 0.5946002126655954,
      "op_margin": -0.06251249210498964,
      "fcf_margin": 0.12119540450435325,
      "incr_op_margin_yoy": -0.26668944311581827,
      "rev_growth_yoy": 0.30550365832019954,
      "rev_growth_yoy_accel": -0.013566422542334144,
      "op_leverage_ratio": Infinity,
      "fcf_margin_change": 0.10198723081342094
    },
    {
      "date": "2022-12-31T00:00:00",
      "quarter_label": "2022-12 (Q4)",
      "revenue": 124058000,
      "gross_profit": 73716000,
      "operating_income": -19952000,
      "net_income": -19700000,
      "opex": 144010000,
      "cogs": 50342000,
      "rd": 31152000,
      "sga": null,
      "fcf": 5484000,
      "ocf": 6081000,
      "capex": -597000,
      "gross_margin": 0.5942059359331925,
      "op_margin": -0.1608279998065421,
      "fcf_margin": 0.044205129858614516,
      "incr_op_margin_yoy": -0.4431091432988966,
      "rev_growth_yoy": 0.29767782426778244,
      "rev_growth_yoy_accel": -0.007825834052417102,
      "fcf_margin_change": -0.07699027464573874
    },
    {
      "date": "2023-03-31T00:00:00",
      "quarter_label": "2023-03 (Q1)",
      "revenue": 136100000,
      "gross_profit": 79892000,
      "operating_income": -26530000,
      "net_income": -35110000,
      "opex": 162630000,
      "cogs": 56208000,
      "rd": 37662000,
      "sga": null,
      "fcf": 779000,
      "ocf": 1573000,
      "capex": -794000,
      "gross_margin": 0.5870095518001469,
      "op_margin": -0.1949301983835415,
      "fcf_margin": 0.005723732549595886,
      "incr_op_margin_yoy": -0.3850473964420205,
      "rev_growth_yoy": 0.29254672542166843,
      "rev_growth_yoy_accel": -0.005131098846114013,
      "op_leverage_ratio": 0.7507352724849828,
      "fcf_margin_change": -0.03848139730901863
    },
    {
      "date": "2023-06-30T00:00:00",
      "quarter_label": "2023-06 (Q2)",
      "revenue": 147075000,
      "gross_profit": 89221000,
      "operating_income": -679000,
      "net_income": -18901000,
      "opex": 147754000,
      "cogs": 57854000,
      "rd": 37263000,
      "sga": null,
      "fcf": -10607000,
      "ocf": -9230000,
      "capex": -1377000,
      "gross_margin": 0.6066360700322965,
      "op_margin": -0.004616692163861976,
      "fcf_margin": -0.07211966683664797,
      "incr_op_margin_yoy": 0.9873755274261603,
      "rev_growth_yoy": 0.25223499361430396,
      "rev_growth_yoy_accel": -0.04031173180736447,
      "op_leverage_ratio": Infinity,
      "fcf_margin_change": -0.07784339938624386
    },
    {
      "date": "2023-09-30T00:00:00",
      "quarter_label": "2023-09 (Q3)",
      "revenue": 165440000,
      "gross_profit": 102701000,
      "operating_income": -67000,
      "net_income": 26445000,
      "opex": 165507000,
      "cogs": 62739000,
      "rd": 41592000,
      "sga": null,
      "fcf": 32996000,
      "ocf": 36757000,
      "capex": -3761000,
      "gross_margin": 0.6207749032882012,
      "op_margin": -0.0004049806576402321,
      "fcf_margin": 0.19944390715667312,
      "incr_op_margin_yoy": 0.19206659894452566,
      "rev_growth_yoy": 0.32268406367175945,
      "rev_growth_yoy_accel": 0.07044907005745549,
      "op_leverage_ratio": 1.0392488904179196,
      "fcf_margin_change": 0.2715635739933211
    },
    {
      "date": "2023-12-31T00:00:00",
      "quarter_label": "2023-12 (Q4)",
      "revenue": 171830000,
      "gross_profit": 110555000,
      "operating_income": 28239000,
      "net_income": 30268000,
      "opex": 143591000,
      "cogs": 61275000,
      "rd": 34847000,
      "sga": null,
      "fcf": 28074000,
      "ocf": 31183000,
      "capex": -3109000,
      "gross_margin": 0.6433975440842693,
      "op_margin": 0.16434266426118838,
      "fcf_margin": 0.16338241284990979,
      "incr_op_margin_yoy": 1.0087708281001424,
      "rev_growth_yoy": 0.38507794741169454,
      "rev_growth_yoy_accel": 0.062393883739935097,
      "op_leverage_ratio": Infinity,
      "fcf_margin_change": -0.036061494306763336
    },
    {
      "date": "2024-03-31T00:00:00",
      "quarter_label": "2024-03 (Q1)",
      "revenue": 187430000,
      "gross_profit": 122784000,
      "operating_income": 34090000,
      "net_income": 38663000,
      "opex": 153340000,
      "cogs": 64646000,
      "rd": 37895000,
      "sga": null,
      "fcf": 41534000,
      "ocf": 42954000,
      "capex": -1420000,
      "gross_margin": 0.655092567892013,
      "op_margin": 0.18188123566131356,
      "fcf_margin": 0.22159739636130824,
      "incr_op_margin_yoy": 1.1809857782972921,
      "rev_growth_yoy": 0.3771491550330639,
      "rev_growth_yoy_accel": -0.007928792378630645,
      "op_leverage_ratio": 1.3371888847600226,
      "fcf_margin_change": 0.05821498351139845
    },
    {
      "date": "2024-06-30T00:00:00",
      "quarter_label": "2024-06 (Q2)",
      "revenue": 197375000,
      "gross_profit": 127774000,
      "operating_income": 36028000,
      "net_income": 29665000,
      "opex": 161347000,
      "cogs": 69601000,
      "rd": 39522000,
      "sga": null,
      "fcf": 50831000,
      "ocf": 50869000,
      "capex": -38000,
      "gross_margin": 0.6473666877770741,
      "op_margin": 0.18253578214059532,
      "fcf_margin": 0.25753514882837236,
      "incr_op_margin_yoy": 0.7297614314115308,
      "rev_growth_yoy": 0.3420023797382288,
      "rev_growth_yoy_accel": -0.03514677529483512,
      "op_leverage_ratio": 1.01613477099391,
      "fcf_margin_change": 0.03593775246706413
    },
    {
      "date": "2024-09-30T00:00:00",
      "quarter_label": "2024-09 (Q3)",
      "revenue": 205733000,
      "gross_profit": 134102000,
      "operating_income": 42568000,
      "net_income": 33006000,
      "opex": 163165000,
      "cogs": 71631000,
      "rd": 40662000,
      "sga": null,
      "fcf": 57407000,
      "ocf": 57770000,
      "capex": -363000,
      "gross_margin": 0.6518254242148804,
      "op_margin": 0.206908954810361,
      "fcf_margin": 0.27903642099225695,
      "incr_op_margin_yoy": 1.0581242399424218,
      "rev_growth_yoy": 0.24355053191489362,
      "rev_growth_yoy_accel": -0.09845184782333516,
      "op_leverage_ratio": 3.7581770807859756,
      "fcf_margin_change": 0.02150127216388459
    },
    {
      "date": "2024-12-31T00:00:00",
      "quarter_label": "2024-12 (Q4)",
      "revenue": 203664000,
      "gross_profit": 127475000,
      "operating_income": 22958000,
      "net_income": 102734000,
      "opex": 180706000,
      "cogs": 76189000,
      "rd": 42296000,
      "sga": null,
      "fcf": 36371000,
      "ocf": 36566000,
      "capex": -195000,
      "gross_margin": 0.6259083588655825,
      "op_margin": 0.1127248801948307,
      "fcf_margin": 0.178583352973525,
      "incr_op_margin_yoy": -0.16589181378400453,
      "rev_growth_yoy": 0.18526450561601582,
      "rev_growth_yoy_accel": -0.0582860262988778,
      "fcf_margin_change": -0.10045306801873194
    },
    {
      "date": "2025-03-31T00:00:00",
      "quarter_label": "2025-03 (Q1)",
      "revenue": 217702000,
      "gross_profit": 138204000,
      "operating_income": 33783000,
      "net_income": 31383000,
      "opex": 183919000,
      "cogs": 79498000,
      "rd": 43758000,
      "sga": null,
      "fcf": 38235000,
      "ocf": 38465000,
      "capex": -230000,
      "gross_margin": 0.6348310993927478,
      "op_margin": 0.15518001672010362,
      "fcf_margin": 0.17562998961883675,
      "incr_op_margin_yoy": -0.010141384778012685,
      "rev_growth_yoy": 0.1615109640932615,
      "rev_growth_yoy_accel": -0.02375354152275433,
      "op_leverage_ratio": 3.876616287527223,
      "fcf_margin_change": -0.0029533633546882654
    },
    {
      "date": "2025-06-30T00:00:00",
      "quarter_label": "2025-06 (Q2)",
      "revenue": 235575000,
      "gross_profit": 151748000,
      "operating_income": 40512000,
      "net_income": 35980000,
      "opex": 195063000,
      "cogs": 83827000,
      "rd": 46674000,
      "sga": null,
      "fcf": 52368000,
      "ocf": 52643000,
      "capex": -275000,
      "gross_margin": 0.6441600339594609,
      "op_margin": 0.17197070996497932,
      "fcf_margin": 0.22229863100923272,
      "incr_op_margin_yoy": 0.11738219895287959,
      "rev_growth_yoy": 0.19354021532615578,
      "rev_growth_yoy_accel": 0.032029251232894296,
      "op_leverage_ratio": 1.3549414538012912,
      "fcf_margin_change": 0.046668641390395976
    },
    {
      "date": "2025-09-30T00:00:00",
      "quarter_label": "2025-09 (Q3)",
      "revenue": 249353000,
      "gross_profit": 157877000,
      "operating_income": 35046000,
      "net_income": 33646000,
      "opex": 214307000,
      "cogs": 91476000,
      "rd": 54037000,
      "sga": null,
      "fcf": 84671000,
      "ocf": 86007000,
      "capex": -1336000,
      "gross_margin": 0.6331465833577298,
      "op_margin": 0.14054773754476585,
      "fcf_margin": 0.3395627884966293,
      "incr_op_margin_yoy": -0.1724438331040807,
      "rev_growth_yoy": 0.21202237851973188,
      "rev_growth_yoy_accel": 0.018482163193576095,
      "op_leverage_ratio": 0.5928386800094843,
      "fcf_margin_change": 0.11726415748739658
    }
  ],
  "signals": [
    {
      "quarter": "2025-09 (Q3)",
      "signal": "FCF MARGIN EXPANSION",
      "detail": "FCF margin: +22.2% -> +34.0% (+11.7%)",
      "severity": "MEDIUM"
    },
    {
      "quarter": "2025-03 (Q1)",
      "signal": "OPERATING LEVERAGE",
      "detail": "Rev growth +6.9% vs OpEx growth +1.8% (leverage: 3.9x)",
      "severity": "MEDIUM"
    },
    {
      "quarter": "2024-12 (Q4)",
      "signal": "YoY REVENUE GROWTH DECELERATION",
      "detail": "YoY growth: +18.5% vs prior quarter YoY: +24.4% (decel: -5.8%)",
      "severity": "WARNING"
    },
    {
      "quarter": "2024-09 (Q3)",
      "signal": "OPERATING LEVERAGE",
      "detail": "Rev growth +4.2% vs OpEx growth +1.1% (leverage: 3.8x)",
      "severity": "MEDIUM"
    },
    {
      "quarter": "2024-09 (Q3)",
      "signal": "YoY REVENUE GROWTH DECELERATION",
      "detail": "YoY growth: +24.4% vs prior quarter YoY: +34.2% (decel: -9.8%)",
      "severity": "WARNING"
    },
    {
      "quarter": "2024-09 (Q3)",
      "signal": "OP MARGIN TURNED POSITIVE (YoY)",
      "detail": "Op margin: -0.0% (year-ago) -> +20.7%",
      "severity": "HIGH"
    },
    {
      "quarter": "2024-06 (Q2)",
      "signal": "OP MARGIN TURNED POSITIVE (YoY)",
      "detail": "Op margin: -0.5% (year-ago) -> +18.3%",
      "severity": "HIGH"
    },
    {
      "quarter": "2024-03 (Q1)",
      "signal": "FCF MARGIN EXPANSION",
      "detail": "FCF margin: +16.3% -> +22.2% (+5.8%)",
      "severity": "MEDIUM"
    },
    {
      "quarter": "2024-03 (Q1)",
      "signal": "OP MARGIN TURNED POSITIVE (YoY)",
      "detail": "Op margin: -19.5% (year-ago) -> +18.2%",
      "severity": "HIGH"
    },
    {
      "quarter": "2023-12 (Q4)",
      "signal": "YoY REVENUE GROWTH ACCELERATION",
      "detail": "YoY growth: +38.5% vs prior quarter YoY: +32.3% (accel: +6.2%)",
      "severity": "MEDIUM"
    },
    {
      "quarter": "2023-12 (Q4)",
      "signal": "OP MARGIN TURNED POSITIVE (YoY)",
      "detail": "Op margin: -16.1% (year-ago) -> +16.4%",
      "severity": "HIGH"
    },
    {
      "quarter": "2023-12 (Q4)",
      "signal": "OP MARGIN TURNED POSITIVE (QoQ)",
      "detail": "Op margin: -0.0% -> +16.4%",
      "severity": "HIGH"
    },
    {
      "quarter": "2023-09 (Q3)",
      "signal": "FCF TURNED POSITIVE",
      "detail": "FCF margin: -7.2% -> +19.9%",
      "severity": "HIGH"
    },
    {
      "quarter": "2023-09 (Q3)",
      "signal": "YoY REVENUE GROWTH ACCELERATION",
      "detail": "YoY growth: +32.3% vs prior quarter YoY: +25.2% (accel: +7.0%)",
      "severity": "MEDIUM"
    },
    {
      "quarter": "2022-09 (Q3)",
      "signal": "FCF MARGIN EXPANSION",
      "detail": "FCF margin: +1.9% -> +12.1% (+10.2%)",
      "severity": "MEDIUM"
    },
    {
      "quarter": "2022-06 (Q2)",
      "signal": "FCF TURNED POSITIVE",
      "detail": "FCF margin: -3.9% -> +1.9%",
      "severity": "HIGH"
    },
    {
      "quarter": "2021-06 (Q2)",
      "signal": "FCF TURNED POSITIVE",
      "detail": "FCF margin: -6.8% -> +14.9%",
      "severity": "HIGH"
    },
    {
      "quarter": "2021-06 (Q2)",
      "signal": "OPERATING LEVERAGE",
      "detail": "Rev growth +12.8% vs OpEx growth +3.9% (leverage: 3.3x)",
      "severity": "MEDIUM"
    },
    {
      "quarter": "2021-06 (Q2)",
      "signal": "GROSS MARGIN INFLECTION",
      "detail": "GM: +58.7% -> +57.8% -> +63.1% (reversal +5.3%)",
      "severity": "HIGH"
    },
    {
      "quarter": "2021-06 (Q2)",
      "signal": "OP MARGIN TURNED POSITIVE (QoQ)",
      "detail": "Op margin: -7.2% -> +1.3%",
      "severity": "HIGH"
    }
  ],
  "data_quality": {
    "n_quarters": 20,
    "coverage": {
      "revenue": [
        20,
        20
      ],
      "gross_profit": [
        20,
        20
      ],
      "op_income": [
        20,
        20
      ],
      "fcf": [
        20,
        20
      ]
    },
    "gaps": [],
    "warnings": []
  },
  "market_cap": null,
  "source": "SEC EDGAR",
  "last_updated": "2026-02-02T20:47:13.999928",
  "sector": "Technology",
  "industry": "Software - Application"
}