{
  "ticker": "APPN",
  "name": "APPIAN CORPORATION",
  "sector": "Technology",
  "industry": "Software - Infrastructure",
  "quarters": [
    {
      "date": "2021-03-31T00:00:00",
      "quarter_label": "2021-03 (Q1)",
      "revenue": 88855000,
      "gross_profit": 65326000,
      "operating_income": -10490000,
      "net_income": -13587000,
      "opex": 75816000,
      "cogs": 23529000,
      "rd": 20690000,
      "sga": null,
      "fcf": -3278000,
      "ocf": -2810000,
      "capex": -468000,
      "gross_margin": 0.7351977941590231,
      "op_margin": -0.11805750942546846,
      "fcf_margin": -0.036891564909121606
    },
    {
      "date": "2021-06-30T00:00:00",
      "quarter_label": "2021-06 (Q2)",
      "revenue": 82999000,
      "gross_profit": 57164000,
      "operating_income": -24576000,
      "net_income": -23825000,
      "opex": 81740000,
      "cogs": 25835000,
      "rd": 23862000,
      "sga": null,
      "fcf": -7122000,
      "ocf": -6563000,
      "capex": -559000,
      "gross_margin": 0.688731189532404,
      "op_margin": -0.29609995301148206,
      "fcf_margin": -0.08580826275015362,
      "fcf_margin_change": -0.04891669784103201
    },
    {
      "date": "2021-09-30T00:00:00",
      "quarter_label": "2021-09 (Q3)",
      "revenue": 92417000,
      "gross_profit": 65910000,
      "operating_income": -22897000,
      "net_income": -25384000,
      "opex": 88807000,
      "cogs": 26507000,
      "rd": 26510000,
      "sga": null,
      "fcf": -26571000,
      "ocf": -25125000,
      "capex": -1446000,
      "gross_margin": 0.7131804754536503,
      "op_margin": -0.24775744722291354,
      "fcf_margin": -0.287512037828538,
      "op_leverage_ratio": 1.3124578605459627,
      "fcf_margin_change": -0.20170377507838438
    },
    {
      "date": "2021-12-31T00:00:00",
      "quarter_label": "2021-12 (Q4)",
      "revenue": 104988000,
      "gross_profit": 76766000,
      "operating_income": -25944000,
      "net_income": -25845000,
      "opex": 102710000,
      "cogs": 28222000,
      "rd": 26455000,
      "sga": null,
      "fcf": -23005000,
      "ocf": -19420000,
      "capex": -3585000,
      "gross_margin": 0.7311883262849087,
      "op_margin": -0.2471139558806721,
      "fcf_margin": -0.21912028041299958,
      "op_leverage_ratio": 0.8688736694214979,
      "fcf_margin_change": 0.06839175741553843
    },
    {
      "date": "2022-03-31T00:00:00",
      "quarter_label": "2022-03 (Q1)",
      "revenue": 114266000,
      "gross_profit": 83350000,
      "operating_income": -23866000,
      "net_income": -23154000,
      "opex": 107216000,
      "cogs": 30916000,
      "rd": 29839000,
      "sga": null,
      "fcf": -23994000,
      "ocf": -20604000,
      "capex": -3390000,
      "gross_margin": 0.7294383281115993,
      "op_margin": -0.20886352895874538,
      "fcf_margin": -0.20998372219207814,
      "incr_op_margin_yoy": -0.5263862106961552,
      "rev_growth_yoy": 0.28598278093523155,
      "op_leverage_ratio": 2.014356097188695,
      "fcf_margin_change": 0.009136558220921437
    },
    {
      "date": "2022-06-30T00:00:00",
      "quarter_label": "2022-06 (Q2)",
      "revenue": 110063000,
      "gross_profit": 76770000,
      "operating_income": -42747000,
      "net_income": -49354000,
      "opex": 119517000,
      "cogs": 33293000,
      "rd": 33842000,
      "sga": null,
      "fcf": -30952000,
      "ocf": -29657000,
      "capex": -1295000,
      "gross_margin": 0.6975096081335235,
      "op_margin": -0.38838665128153876,
      "fcf_margin": -0.2812207553855519,
      "incr_op_margin_yoy": -0.6714085131540053,
      "rev_growth_yoy": 0.32607621778575646,
      "rev_growth_yoy_accel": 0.04009343685052491,
      "fcf_margin_change": -0.07123703319347377
    },
    {
      "date": "2022-09-30T00:00:00",
      "quarter_label": "2022-09 (Q3)",
      "revenue": 117876000,
      "gross_profit": 84116000,
      "operating_income": -37776000,
      "net_income": -43996000,
      "opex": 121892000,
      "cogs": 33760000,
      "rd": 37623000,
      "sga": null,
      "fcf": -44873000,
      "ocf": -43697000,
      "capex": -1176000,
      "gross_margin": 0.7135973395771829,
      "op_margin": -0.3204723607859106,
      "fcf_margin": -0.3806796973090366,
      "incr_op_margin_yoy": -0.5844298676303076,
      "rev_growth_yoy": 0.2754796195505156,
      "rev_growth_yoy_accel": -0.050596598235240875,
      "op_leverage_ratio": 3.572255778867318,
      "fcf_margin_change": -0.0994589419234847
    },
    {
      "date": "2022-12-31T00:00:00",
      "quarter_label": "2022-12 (Q4)",
      "revenue": 125786000,
      "gross_profit": 90556000,
      "operating_income": -40620000,
      "net_income": -34417000,
      "opex": 131176000,
      "cogs": 35230000,
      "rd": 37809000,
      "sga": null,
      "fcf": -15827000,
      "ocf": -12593000,
      "capex": -3234000,
      "gross_margin": 0.7199211358974766,
      "op_margin": -0.32292941980824574,
      "fcf_margin": -0.12582481357225764,
      "incr_op_margin_yoy": -0.7056447735359169,
      "rev_growth_yoy": 0.19809883034251533,
      "rev_growth_yoy_accel": -0.07738078920800026,
      "op_leverage_ratio": 0.8810309489306407,
      "fcf_margin_change": 0.254854883736779
    },
    {
      "date": "2023-03-31T00:00:00",
      "quarter_label": "2023-03 (Q1)",
      "revenue": 135235000,
      "gross_profit": 99142000,
      "operating_income": -35266000,
      "net_income": -36829000,
      "opex": 134408000,
      "cogs": 36093000,
      "rd": 41624000,
      "sga": null,
      "fcf": -29686000,
      "ocf": -25265000,
      "capex": -4421000,
      "gross_margin": 0.7331090324250379,
      "op_margin": -0.2607756867674788,
      "fcf_margin": -0.21951417902170295,
      "incr_op_margin_yoy": -0.5436596881110211,
      "rev_growth_yoy": 0.1835104055449565,
      "rev_growth_yoy_accel": -0.014588424797558813,
      "op_leverage_ratio": 3.048853620316637,
      "fcf_margin_change": -0.09368936544944531
    },
    {
      "date": "2023-06-30T00:00:00",
      "quarter_label": "2023-06 (Q2)",
      "revenue": 127715000,
      "gross_profit": 90870000,
      "operating_income": -40662000,
      "net_income": -42355000,
      "opex": 131532000,
      "cogs": 36845000,
      "rd": 39743000,
      "sga": null,
      "fcf": -15321000,
      "ocf": -11937000,
      "capex": -3384000,
      "gross_margin": 0.7115060877735583,
      "op_margin": -0.3183807696824962,
      "fcf_margin": -0.11996241631758212,
      "incr_op_margin_yoy": 0.1181169272603671,
      "rev_growth_yoy": 0.16038087277286645,
      "rev_growth_yoy_accel": -0.023129532772090067,
      "fcf_margin_change": 0.09955176270412083
    },
    {
      "date": "2023-09-30T00:00:00",
      "quarter_label": "2023-09 (Q3)",
      "revenue": 137094000,
      "gross_profit": 101025000,
      "operating_income": -15217000,
      "net_income": -22251000,
      "opex": 116242000,
      "cogs": 36069000,
      "rd": 37135000,
      "sga": null,
      "fcf": -65469000,
      "ocf": -64996000,
      "capex": -473000,
      "gross_margin": 0.7369031467460283,
      "op_margin": -0.11099683428888209,
      "fcf_margin": -0.4775482515646199,
      "incr_op_margin_yoy": 1.1738474346966385,
      "rev_growth_yoy": 0.16303573246462383,
      "rev_growth_yoy_accel": 0.002654859691757383,
      "op_leverage_ratio": null,
      "fcf_margin_change": -0.3575858352470378
    },
    {
      "date": "2023-12-31T00:00:00",
      "quarter_label": "2023-12 (Q4)",
      "revenue": 145319000,
      "gross_profit": 111004000,
      "operating_income": -16828000,
      "net_income": -10006000,
      "opex": 127832000,
      "cogs": 34315000,
      "rd": 34596000,
      "sga": null,
      "fcf": -9603000,
      "ocf": -8244000,
      "capex": -1359000,
      "gross_margin": 0.7638643260688555,
      "op_margin": -0.11580041150847446,
      "fcf_margin": -0.0660822053551153,
      "incr_op_margin_yoy": 1.2180412635027902,
      "rev_growth_yoy": 0.15528755187381743,
      "rev_growth_yoy_accel": -0.007748180590806397,
      "op_leverage_ratio": 0.6017236707516943,
      "fcf_margin_change": 0.41146604620950455
    },
    {
      "date": "2024-03-31T00:00:00",
      "quarter_label": "2024-03 (Q1)",
      "revenue": 149835000,
      "gross_profit": 111838000,
      "operating_income": -19535000,
      "net_income": -32923000,
      "opex": 131373000,
      "cogs": 37997000,
      "rd": 39771000,
      "sga": null,
      "fcf": 16668000,
      "ocf": 18866000,
      "capex": -2198000,
      "gross_margin": 0.7464077151533354,
      "op_margin": -0.13037674775586477,
      "fcf_margin": 0.11124236660326359,
      "incr_op_margin_yoy": 1.0774657534246574,
      "rev_growth_yoy": 0.10796021739934189,
      "rev_growth_yoy_accel": -0.04732733447447554,
      "op_leverage_ratio": 1.1218768582036773,
      "fcf_margin_change": 0.1773245719583789
    },
    {
      "date": "2024-06-30T00:00:00",
      "quarter_label": "2024-06 (Q2)",
      "revenue": 146450000,
      "gross_profit": 107037000,
      "operating_income": -39194000,
      "net_income": -43592000,
      "opex": 146231000,
      "cogs": 39413000,
      "rd": 39446000,
      "sga": null,
      "fcf": -18349000,
      "ocf": -17615000,
      "capex": -734000,
      "gross_margin": 0.7308774325708433,
      "op_margin": -0.2676271765107545,
      "fcf_margin": -0.12529190850119495,
      "incr_op_margin_yoy": 0.07835601814785162,
      "rev_growth_yoy": 0.1466938104373018,
      "rev_growth_yoy_accel": 0.038733593037959924,
      "fcf_margin_change": -0.23653427510445854
    },
    {
      "date": "2024-09-30T00:00:00",
      "quarter_label": "2024-09 (Q3)",
      "revenue": 154052000,
      "gross_profit": 116968000,
      "operating_income": -7157000,
      "net_income": -2100000,
      "opex": 124125000,
      "cogs": 37084000,
      "rd": 38572000,
      "sga": null,
      "fcf": -8599000,
      "ocf": -8244000,
      "capex": -355000,
      "gross_margin": 0.759276088593462,
      "op_margin": -0.04645833874276219,
      "fcf_margin": -0.05581881442629762,
      "incr_op_margin_yoy": 0.4752918976294374,
      "rev_growth_yoy": 0.12369615008680175,
      "rev_growth_yoy_accel": -0.022997660350500063,
      "op_leverage_ratio": null,
      "fcf_margin_change": 0.06947309407489734
    },
    {
      "date": "2024-12-31T00:00:00",
      "quarter_label": "2024-12 (Q4)",
      "revenue": 166685000,
      "gross_profit": 131000000,
      "operating_income": 5033000,
      "net_income": -13647000,
      "opex": 125967000,
      "cogs": 35685000,
      "rd": 37188000,
      "sga": null,
      "fcf": 13360000,
      "ocf": 13871000,
      "capex": -511000,
      "gross_margin": 0.7859135495095539,
      "op_margin": 0.03019467858535561,
      "fcf_margin": 0.08015118336982932,
      "incr_op_margin_yoy": 1.023167649536647,
      "rev_growth_yoy": 0.14702826196161548,
      "rev_growth_yoy_accel": 0.023332111874813724,
      "op_leverage_ratio": 5.525973409630033,
      "fcf_margin_change": 0.13596999779612695
    },
    {
      "date": "2025-03-31T00:00:00",
      "quarter_label": "2025-03 (Q1)",
      "revenue": 166426000,
      "gross_profit": 127508000,
      "operating_income": -834000,
      "net_income": -1177000,
      "opex": 128342000,
      "cogs": 38918000,
      "rd": 39517000,
      "sga": null,
      "fcf": 44315000,
      "ocf": 44966000,
      "capex": -651000,
      "gross_margin": 0.7661543268479685,
      "op_margin": -0.005011236225109058,
      "fcf_margin": 0.2662745003785466,
      "incr_op_margin_yoy": 1.1271773853293954,
      "rev_growth_yoy": 0.11072846798144625,
      "rev_growth_yoy_accel": -0.03629979398016922,
      "fcf_margin_change": 0.1861233170087173
    },
    {
      "date": "2025-06-30T00:00:00",
      "quarter_label": "2025-06 (Q2)",
      "revenue": 170640000,
      "gross_profit": 126719000,
      "operating_income": -10984000,
      "net_income": -312000,
      "opex": 137703000,
      "cogs": 43921000,
      "rd": 40347000,
      "sga": null,
      "fcf": -3086000,
      "ocf": -1940000,
      "capex": -1146000,
      "gross_margin": 0.7426101734646039,
      "op_margin": -0.0643694327238631,
      "fcf_margin": -0.01808485700890764,
      "incr_op_margin_yoy": 1.1661843737081439,
      "rev_growth_yoy": 0.16517582792762034,
      "rev_growth_yoy_accel": 0.054447359946174084,
      "op_leverage_ratio": 0.347152193439798,
      "fcf_margin_change": -0.28435935738745427
    },
    {
      "date": "2025-09-30T00:00:00",
      "quarter_label": "2025-09 (Q3)",
      "revenue": 187004000,
      "gross_profit": 141711000,
      "operating_income": 13114000,
      "net_income": 7825000,
      "opex": 128597000,
      "cogs": 45293000,
      "rd": 40263000,
      "sga": null,
      "fcf": 18057000,
      "ocf": 18711000,
      "capex": -654000,
      "gross_margin": 0.7577966246711301,
      "op_margin": 0.07012684220658381,
      "fcf_margin": 0.09655943188380997,
      "incr_op_margin_yoy": 0.6151675163874727,
      "rev_growth_yoy": 0.21390179939241294,
      "rev_growth_yoy_accel": 0.0487259714647926,
      "op_leverage_ratio": null,
      "fcf_margin_change": 0.1146442888927176
    },
    {
      "date": "2025-12-31T00:00:00",
      "quarter_label": "2025-12 (Q4)",
      "revenue": 202867000,
      "gross_profit": 131400000,
      "operating_income": -687000,
      "net_income": -5103000,
      "opex": 132087000,
      "cogs": 71467000,
      "rd": 52061000,
      "sga": null,
      "fcf": 270000,
      "ocf": 1137000,
      "capex": -867000,
      "gross_margin": 0.647715005397625,
      "op_margin": -0.003386455165206761,
      "fcf_margin": 0.0013309212439677226,
      "incr_op_margin_yoy": -0.15808965784091536,
      "rev_growth_yoy": 0.21706812250652427,
      "rev_growth_yoy_accel": 0.00316632311411133,
      "op_leverage_ratio": 3.1256463493510305,
      "fcf_margin_change": -0.09522851063984225
    }
  ],
  "signals": [
    {
      "quarter": "2025-12 (Q4)",
      "signal": "OPERATING LEVERAGE",
      "detail": "Rev growth +8.5% vs OpEx growth +2.7% (leverage: 3.1x)",
      "severity": "MEDIUM"
    },
    {
      "quarter": "2025-09 (Q3)",
      "signal": "FCF TURNED POSITIVE",
      "detail": "FCF margin: -1.8% -> +9.7%",
      "severity": "HIGH"
    },
    {
      "quarter": "2025-09 (Q3)",
      "signal": "OP MARGIN TURNED POSITIVE (YoY)",
      "detail": "Op margin: -4.6% (year-ago) -> +7.0%",
      "severity": "HIGH"
    },
    {
      "quarter": "2025-09 (Q3)",
      "signal": "OP MARGIN TURNED POSITIVE (QoQ)",
      "detail": "Op margin: -6.4% -> +7.0%",
      "severity": "HIGH"
    },
    {
      "quarter": "2025-06 (Q2)",
      "signal": "YoY REVENUE GROWTH ACCELERATION",
      "detail": "YoY growth: +16.5% vs prior quarter YoY: +11.1% (accel: +5.4%)",
      "severity": "MEDIUM"
    },
    {
      "quarter": "2025-03 (Q1)",
      "signal": "FCF MARGIN EXPANSION",
      "detail": "FCF margin: +8.0% -> +26.6% (+18.6%)",
      "severity": "MEDIUM"
    },
    {
      "quarter": "2024-12 (Q4)",
      "signal": "FCF TURNED POSITIVE",
      "detail": "FCF margin: -5.6% -> +8.0%",
      "severity": "HIGH"
    },
    {
      "quarter": "2024-12 (Q4)",
      "signal": "OPERATING LEVERAGE",
      "detail": "Rev growth +8.2% vs OpEx growth +1.5% (leverage: 5.5x)",
      "severity": "MEDIUM"
    },
    {
      "quarter": "2024-12 (Q4)",
      "signal": "OP MARGIN TURNED POSITIVE (YoY)",
      "detail": "Op margin: -11.6% (year-ago) -> +3.0%",
      "severity": "HIGH"
    },
    {
      "quarter": "2024-12 (Q4)",
      "signal": "OP MARGIN TURNED POSITIVE (QoQ)",
      "detail": "Op margin: -4.6% -> +3.0%",
      "severity": "HIGH"
    },
    {
      "quarter": "2024-09 (Q3)",
      "signal": "FCF MARGIN EXPANSION",
      "detail": "FCF margin: -12.5% -> -5.6% (+6.9%)",
      "severity": "MEDIUM"
    },
    {
      "quarter": "2024-09 (Q3)",
      "signal": "GROSS MARGIN INFLECTION",
      "detail": "GM: +74.6% -> +73.1% -> +75.9% (reversal +2.8%)",
      "severity": "MEDIUM"
    },
    {
      "quarter": "2024-03 (Q1)",
      "signal": "FCF TURNED POSITIVE",
      "detail": "FCF margin: -6.6% -> +11.1%",
      "severity": "HIGH"
    },
    {
      "quarter": "2023-12 (Q4)",
      "signal": "FCF MARGIN EXPANSION",
      "detail": "FCF margin: -47.8% -> -6.6% (+41.1%)",
      "severity": "MEDIUM"
    },
    {
      "quarter": "2023-09 (Q3)",
      "signal": "GROSS MARGIN INFLECTION",
      "detail": "GM: +73.3% -> +71.2% -> +73.7% (reversal +2.5%)",
      "severity": "MEDIUM"
    },
    {
      "quarter": "2023-06 (Q2)",
      "signal": "FCF MARGIN EXPANSION",
      "detail": "FCF margin: -22.0% -> -12.0% (+10.0%)",
      "severity": "MEDIUM"
    },
    {
      "quarter": "2023-03 (Q1)",
      "signal": "OPERATING LEVERAGE",
      "detail": "Rev growth +7.5% vs OpEx growth +2.5% (leverage: 3.0x)",
      "severity": "MEDIUM"
    },
    {
      "quarter": "2022-12 (Q4)",
      "signal": "FCF MARGIN EXPANSION",
      "detail": "FCF margin: -38.1% -> -12.6% (+25.5%)",
      "severity": "MEDIUM"
    },
    {
      "quarter": "2022-12 (Q4)",
      "signal": "YoY REVENUE GROWTH DECELERATION",
      "detail": "YoY growth: +19.8% vs prior quarter YoY: +27.5% (decel: -7.7%)",
      "severity": "WARNING"
    },
    {
      "quarter": "2022-09 (Q3)",
      "signal": "OPERATING LEVERAGE",
      "detail": "Rev growth +7.1% vs OpEx growth +2.0% (leverage: 3.6x)",
      "severity": "MEDIUM"
    },
    {
      "quarter": "2022-09 (Q3)",
      "signal": "YoY REVENUE GROWTH DECELERATION",
      "detail": "YoY growth: +27.5% vs prior quarter YoY: +32.6% (decel: -5.1%)",
      "severity": "WARNING"
    },
    {
      "quarter": "2022-03 (Q1)",
      "signal": "OPERATING LEVERAGE",
      "detail": "Rev growth +8.8% vs OpEx growth +4.4% (leverage: 2.0x)",
      "severity": "MEDIUM"
    },
    {
      "quarter": "2021-12 (Q4)",
      "signal": "FCF MARGIN EXPANSION",
      "detail": "FCF margin: -28.8% -> -21.9% (+6.8%)",
      "severity": "MEDIUM"
    },
    {
      "quarter": "2021-09 (Q3)",
      "signal": "GROSS MARGIN INFLECTION",
      "detail": "GM: +73.5% -> +68.9% -> +71.3% (reversal +2.4%)",
      "severity": "MEDIUM"
    }
  ],
  "data_quality": {
    "n_quarters": 20,
    "coverage": {
      "revenue": [
        20,
        20
      ],
      "gross_profit": [
        20,
        20
      ],
      "op_income": [
        20,
        20
      ],
      "fcf": [
        20,
        20
      ]
    },
    "gaps": [],
    "warnings": []
  },
  "market_cap": null,
  "source": "SEC EDGAR",
  "last_updated": "2026-02-24T10:22:36.565818"
}