{
  "ticker": "APPS",
  "name": "DIGITAL TURBINE, INC.",
  "quarters": [
    {
      "date": "2020-12-31T00:00:00",
      "quarter_label": "2020-12 (Q4)",
      "revenue": 88592000,
      "gross_profit": 37699000,
      "operating_income": 20517000,
      "net_income": 14515000,
      "opex": 17182000,
      "cogs": 50893000,
      "rd": 5202000,
      "sga": null,
      "fcf": 18946000,
      "ocf": 18946000,
      "capex": null,
      "gross_margin": 0.425535037023659,
      "op_margin": 0.2315897597977244,
      "fcf_margin": 0.2138567816507134
    },
    {
      "date": "2021-03-31T00:00:00",
      "quarter_label": "2021-03 (Q1)",
      "revenue": 95082000,
      "gross_profit": 41380000,
      "operating_income": 15954000,
      "net_income": 30056000,
      "opex": 79128000,
      "cogs": 53702000,
      "rd": 6292000,
      "sga": null,
      "fcf": 14183000,
      "ocf": 14183000,
      "capex": null,
      "gross_margin": 0.43520329820575926,
      "op_margin": 0.16779201110620307,
      "fcf_margin": 0.14916598304621273,
      "op_leverage_ratio": 0.02031938864811797,
      "fcf_margin_change": -0.06469079860450067
    },
    {
      "date": "2021-06-30T00:00:00",
      "quarter_label": "2021-06 (Q2)",
      "revenue": 212615000,
      "gross_profit": 74267000,
      "operating_income": 19145000,
      "net_income": 14284000,
      "opex": 193470000,
      "cogs": 138348000,
      "rd": 15547000,
      "sga": null,
      "fcf": -28997000,
      "ocf": -28997000,
      "capex": null,
      "gross_margin": 0.3493027302871387,
      "op_margin": 0.09004538720221998,
      "fcf_margin": -0.1363826634997531,
      "op_leverage_ratio": 0.85543283796553,
      "fcf_margin_change": -0.2855486465459658
    },
    {
      "date": "2021-09-30T00:00:00",
      "quarter_label": "2021-09 (Q3)",
      "revenue": 310205000,
      "gross_profit": 97060000,
      "operating_income": 16532000,
      "net_income": -5852000,
      "opex": 293673000,
      "cogs": 213145000,
      "rd": 17904000,
      "sga": null,
      "fcf": 36751000,
      "ocf": 36751000,
      "capex": null,
      "gross_margin": 0.3128898631550104,
      "op_margin": 0.0532937895907545,
      "fcf_margin": 0.11847326767782596,
      "op_leverage_ratio": 0.8862256685222533,
      "fcf_margin_change": 0.25485593117757904
    },
    {
      "date": "2021-12-31T00:00:00",
      "quarter_label": "2021-12 (Q4)",
      "revenue": 375487000,
      "gross_profit": 107765000,
      "operating_income": 29139000,
      "net_income": 7014000,
      "opex": 346348000,
      "cogs": 267722000,
      "rd": 17720000,
      "sga": null,
      "fcf": 35708000,
      "ocf": 35708000,
      "capex": null,
      "gross_margin": 0.2870006152010589,
      "op_margin": 0.0776032192858874,
      "fcf_margin": 0.09509783294761204,
      "incr_op_margin_yoy": 0.030052806775998187,
      "rev_growth_yoy": 3.2383849557522124,
      "op_leverage_ratio": 1.173286660236096,
      "fcf_margin_change": -0.023375434730213918
    },
    {
      "date": "2022-03-31T00:00:00",
      "quarter_label": "2022-03 (Q1)",
      "revenue": -150711000,
      "gross_profit": 97856000,
      "operating_income": 27425000,
      "net_income": 20100000,
      "opex": -178136000,
      "cogs": -248567000,
      "rd": 1552000,
      "sga": null,
      "fcf": 41276000,
      "ocf": 41276000,
      "capex": null,
      "gross_margin": -0.6492956718487701,
      "op_margin": -0.18197079178029474,
      "fcf_margin": -0.27387516505099163,
      "incr_op_margin_yoy": -0.04666935185298198,
      "rev_growth_yoy": -2.5850634189436485,
      "rev_growth_yoy_accel": -5.823448374695861,
      "fcf_margin_change": -0.36897299799860367
    },
    {
      "date": "2022-06-30T00:00:00",
      "quarter_label": "2022-06 (Q2)",
      "revenue": 188633000,
      "gross_profit": 101266000,
      "operating_income": 24435000,
      "net_income": 14922000,
      "opex": 164198000,
      "cogs": 87367000,
      "rd": 14133000,
      "sga": null,
      "fcf": 36629000,
      "ocf": 36629000,
      "capex": null,
      "gross_margin": 0.5368413798221944,
      "op_margin": 0.12953724957987203,
      "fcf_margin": 0.19418129383511898,
      "incr_op_margin_yoy": -0.22058210324409974,
      "rev_growth_yoy": -0.11279542835641888,
      "rev_growth_yoy_accel": 2.4722679905872296,
      "fcf_margin_change": 0.4680564588861106
    },
    {
      "date": "2022-09-30T00:00:00",
      "quarter_label": "2022-09 (Q3)",
      "revenue": 174859000,
      "gross_profit": 97978000,
      "operating_income": 21082000,
      "net_income": 11664000,
      "opex": 153777000,
      "cogs": 76881000,
      "rd": 14736000,
      "sga": null,
      "fcf": 27680000,
      "ocf": 27680000,
      "capex": null,
      "gross_margin": 0.5603257481742433,
      "op_margin": 0.12056571294585923,
      "fcf_margin": 0.15829897231483653,
      "incr_op_margin_yoy": -0.03361754318561317,
      "rev_growth_yoy": -0.4363114714463016,
      "rev_growth_yoy_accel": -0.32351604308988274,
      "fcf_margin_change": -0.03588232152028245
    },
    {
      "date": "2022-12-31T00:00:00",
      "quarter_label": "2022-12 (Q4)",
      "revenue": 162310000,
      "gross_profit": 88940000,
      "operating_income": 9797000,
      "net_income": 4019000,
      "opex": 152513000,
      "cogs": 73370000,
      "rd": 14218000,
      "sga": null,
      "fcf": 33205000,
      "ocf": 33205000,
      "capex": null,
      "gross_margin": 0.5479637730269238,
      "op_margin": 0.060359805310824965,
      "fcf_margin": 0.20457766003326966,
      "incr_op_margin_yoy": 0.09073211462775065,
      "rev_growth_yoy": -0.5677347018671751,
      "rev_growth_yoy_accel": -0.1314232304208735,
      "fcf_margin_change": 0.04627868771843313
    },
    {
      "date": "2023-03-31T00:00:00",
      "quarter_label": "2023-03 (Q1)",
      "revenue": 140118000,
      "gross_profit": 68489000,
      "operating_income": -9149000,
      "net_income": -13932000,
      "opex": 149267000,
      "cogs": 71629000,
      "rd": 13399000,
      "sga": null,
      "fcf": 15862000,
      "ocf": 15862000,
      "capex": null,
      "gross_margin": 0.48879515836651966,
      "op_margin": -0.06529496567179092,
      "fcf_margin": 0.11320458470717538,
      "incr_op_margin_yoy": -0.12575774767990813,
      "fcf_margin_change": -0.09137307532609427
    },
    {
      "date": "2023-06-30T00:00:00",
      "quarter_label": "2023-06 (Q2)",
      "revenue": 146366000,
      "gross_profit": 76774000,
      "operating_income": -4715000,
      "net_income": -8179000,
      "opex": 151081000,
      "cogs": 69592000,
      "rd": 15800000,
      "sga": null,
      "fcf": 1318000,
      "ocf": 1318000,
      "capex": null,
      "gross_margin": 0.5245343864012134,
      "op_margin": -0.032213765491985846,
      "fcf_margin": 0.009004823524589044,
      "incr_op_margin_yoy": 0.6896633307308302,
      "rev_growth_yoy": -0.2240700195617946,
      "op_leverage_ratio": 3.6692188233281975,
      "fcf_margin_change": -0.10419976118258634
    },
    {
      "date": "2023-09-30T00:00:00",
      "quarter_label": "2023-09 (Q3)",
      "revenue": 143259000,
      "gross_profit": 74540000,
      "operating_income": -152617000,
      "net_income": -161482000,
      "opex": 295876000,
      "cogs": 68719000,
      "rd": 14037000,
      "sga": null,
      "fcf": 27454000,
      "ocf": 27454000,
      "capex": null,
      "gross_margin": 0.5203163501071486,
      "op_margin": -1.0653222485149274,
      "fcf_margin": 0.19163891971883093,
      "incr_op_margin_yoy": 5.496803797468354,
      "rev_growth_yoy": -0.18071703486809373,
      "rev_growth_yoy_accel": 0.04335298469370086,
      "fcf_margin_change": 0.1826340961942419
    },
    {
      "date": "2023-12-31T00:00:00",
      "quarter_label": "2023-12 (Q4)",
      "revenue": 142634000,
      "gross_profit": 72270000,
      "operating_income": -9267000,
      "net_income": -14061000,
      "opex": 151901000,
      "cogs": 70364000,
      "rd": 13036000,
      "sga": null,
      "fcf": 11661000,
      "ocf": 11661000,
      "capex": null,
      "gross_margin": 0.5066814364036625,
      "op_margin": -0.06497048389584531,
      "fcf_margin": 0.08175470084271633,
      "incr_op_margin_yoy": 0.9688961170969709,
      "rev_growth_yoy": -0.12122481670876717,
      "rev_growth_yoy_accel": 0.059492218159326565,
      "fcf_margin_change": -0.1098842188761146
    },
    {
      "date": "2024-03-31T00:00:00",
      "quarter_label": "2024-03 (Q1)",
      "revenue": 112223000,
      "gross_profit": 58672000,
      "operating_income": -207839000,
      "net_income": -236506000,
      "opex": 320062000,
      "cogs": 53551000,
      "rd": 11284000,
      "sga": null,
      "fcf": -11756000,
      "ocf": -11756000,
      "capex": null,
      "gross_margin": 0.5228161785017331,
      "op_margin": -1.852017857301979,
      "fcf_margin": -0.10475570961389377,
      "incr_op_margin_yoy": 7.122781860548486,
      "rev_growth_yoy": -0.1990822021439073,
      "rev_growth_yoy_accel": -0.07785738543514012,
      "fcf_margin_change": -0.1865104104566101
    },
    {
      "date": "2024-06-30T00:00:00",
      "quarter_label": "2024-06 (Q2)",
      "revenue": 117989000,
      "gross_profit": 62180000,
      "operating_income": -16088000,
      "net_income": -25156000,
      "opex": 134077000,
      "cogs": 55809000,
      "rd": 10714000,
      "sga": null,
      "fcf": -1352000,
      "ocf": -1352000,
      "capex": null,
      "gross_margin": 0.5269982795006314,
      "op_margin": -0.1363516938019646,
      "fcf_margin": -0.011458695302104433,
      "incr_op_margin_yoy": 0.40078232371286604,
      "rev_growth_yoy": -0.19387699329079158,
      "rev_growth_yoy_accel": 0.005205208853115706,
      "op_leverage_ratio": Infinity,
      "fcf_margin_change": 0.09329701431178934
    },
    {
      "date": "2024-09-30T00:00:00",
      "quarter_label": "2024-09 (Q3)",
      "revenue": 118728000,
      "gross_profit": 62392000,
      "operating_income": -13542000,
      "net_income": -24986000,
      "opex": 132270000,
      "cogs": 56336000,
      "rd": 9433000,
      "sga": null,
      "fcf": -8719000,
      "ocf": -8719000,
      "capex": null,
      "gross_margin": 0.5255036722592817,
      "op_margin": -0.11405902567212452,
      "fcf_margin": -0.07343676302135975,
      "incr_op_margin_yoy": -5.669357139945375,
      "rev_growth_yoy": -0.17123531505873976,
      "rev_growth_yoy_accel": 0.02264167823205182,
      "fcf_margin_change": -0.06197806771925532
    },
    {
      "date": "2024-12-31T00:00:00",
      "quarter_label": "2024-12 (Q4)",
      "revenue": 134637000,
      "gross_profit": 64690000,
      "operating_income": -12753000,
      "net_income": -23131000,
      "opex": 147390000,
      "cogs": 69947000,
      "rd": 10203000,
      "sga": null,
      "fcf": 10443000,
      "ocf": 10443000,
      "capex": null,
      "gross_margin": 0.48047713481435267,
      "op_margin": -0.09472136188417746,
      "fcf_margin": 0.07756411684752335,
      "incr_op_margin_yoy": 0.4359134675503314,
      "rev_growth_yoy": -0.056066575991699036,
      "rev_growth_yoy_accel": 0.11516873906704073,
      "op_leverage_ratio": 1.1721934549879516,
      "fcf_margin_change": 0.1510008798688831
    },
    {
      "date": "2025-03-31T00:00:00",
      "quarter_label": "2025-03 (Q1)",
      "revenue": 119152000,
      "gross_profit": 65957000,
      "operating_income": -11692000,
      "net_income": -18826000,
      "opex": 130844000,
      "cogs": 53195000,
      "rd": 9114000,
      "sga": null,
      "fcf": 11508000,
      "ocf": 11508000,
      "capex": null,
      "gross_margin": 0.5535534443400026,
      "op_margin": -0.09812676245467973,
      "fcf_margin": 0.09658251644957701,
      "incr_op_margin_yoy": 28.308125270601817,
      "rev_growth_yoy": 0.061743136433707886,
      "rev_growth_yoy_accel": 0.11780971242540692,
      "fcf_margin_change": 0.019018399602053662
    },
    {
      "date": "2025-06-30T00:00:00",
      "quarter_label": "2025-06 (Q2)",
      "revenue": 130926000,
      "gross_profit": 72788000,
      "operating_income": -4661000,
      "net_income": -14104000,
      "opex": 135587000,
      "cogs": 58138000,
      "rd": 10147000,
      "sga": null,
      "fcf": 8788000,
      "ocf": 8788000,
      "capex": null,
      "gross_margin": 0.5559476345416495,
      "op_margin": -0.03560026274384003,
      "fcf_margin": 0.06712188564532637,
      "incr_op_margin_yoy": 0.883280513256551,
      "rev_growth_yoy": 0.10964581444032918,
      "rev_growth_yoy_accel": 0.0479026780066213,
      "op_leverage_ratio": 2.72598450371946,
      "fcf_margin_change": -0.02946063080425064
    },
    {
      "date": "2025-09-30T00:00:00",
      "quarter_label": "2025-09 (Q3)",
      "revenue": 140377000,
      "gross_profit": 77284000,
      "operating_income": 6534000,
      "net_income": -21395000,
      "opex": 133843000,
      "cogs": 63093000,
      "rd": 10979000,
      "sga": null,
      "fcf": 14460000,
      "ocf": 14460000,
      "capex": null,
      "gross_margin": 0.5505460296202369,
      "op_margin": 0.046546086609629785,
      "fcf_margin": 0.1030083275750301,
      "incr_op_margin_yoy": 0.9273407547692734,
      "rev_growth_yoy": 0.18234114951822653,
      "rev_growth_yoy_accel": 0.07269533507789734,
      "op_leverage_ratio": Infinity,
      "fcf_margin_change": 0.035886441929703736
    }
  ],
  "signals": [
    {
      "quarter": "2025-09 (Q3)",
      "signal": "YoY REVENUE GROWTH ACCELERATION",
      "detail": "YoY growth: +18.2% vs prior quarter YoY: +11.0% (accel: +7.3%)",
      "severity": "MEDIUM"
    },
    {
      "quarter": "2025-09 (Q3)",
      "signal": "OP MARGIN TURNED POSITIVE (YoY)",
      "detail": "Op margin: -11.4% (year-ago) -> +4.7%",
      "severity": "HIGH"
    },
    {
      "quarter": "2025-09 (Q3)",
      "signal": "OP MARGIN TURNED POSITIVE (QoQ)",
      "detail": "Op margin: -3.6% -> +4.7%",
      "severity": "HIGH"
    },
    {
      "quarter": "2025-06 (Q2)",
      "signal": "OPERATING LEVERAGE",
      "detail": "Rev growth +9.9% vs OpEx growth +3.6% (leverage: 2.7x)",
      "severity": "MEDIUM"
    },
    {
      "quarter": "2025-03 (Q1)",
      "signal": "GROSS MARGIN INFLECTION",
      "detail": "GM: +52.6% -> +48.0% -> +55.4% (reversal +7.3%)",
      "severity": "HIGH"
    },
    {
      "quarter": "2025-03 (Q1)",
      "signal": "YoY REVENUE GROWTH ACCELERATION",
      "detail": "YoY growth: +6.2% vs prior quarter YoY: -5.6% (accel: +11.8%)",
      "severity": "MEDIUM"
    },
    {
      "quarter": "2024-12 (Q4)",
      "signal": "FCF TURNED POSITIVE",
      "detail": "FCF margin: -7.3% -> +7.8%",
      "severity": "HIGH"
    },
    {
      "quarter": "2024-12 (Q4)",
      "signal": "YoY REVENUE GROWTH ACCELERATION",
      "detail": "YoY growth: -5.6% vs prior quarter YoY: -17.1% (accel: +11.5%)",
      "severity": "MEDIUM"
    },
    {
      "quarter": "2024-06 (Q2)",
      "signal": "FCF MARGIN EXPANSION",
      "detail": "FCF margin: -10.5% -> -1.1% (+9.3%)",
      "severity": "MEDIUM"
    },
    {
      "quarter": "2024-03 (Q1)",
      "signal": "YoY REVENUE GROWTH DECELERATION",
      "detail": "YoY growth: -19.9% vs prior quarter YoY: -12.1% (decel: -7.8%)",
      "severity": "WARNING"
    },
    {
      "quarter": "2023-12 (Q4)",
      "signal": "YoY REVENUE GROWTH ACCELERATION",
      "detail": "YoY growth: -12.1% vs prior quarter YoY: -18.1% (accel: +5.9%)",
      "severity": "MEDIUM"
    },
    {
      "quarter": "2023-09 (Q3)",
      "signal": "FCF MARGIN EXPANSION",
      "detail": "FCF margin: +0.9% -> +19.2% (+18.3%)",
      "severity": "MEDIUM"
    },
    {
      "quarter": "2023-06 (Q2)",
      "signal": "OPERATING LEVERAGE",
      "detail": "Rev growth +4.5% vs OpEx growth +1.2% (leverage: 3.7x)",
      "severity": "MEDIUM"
    },
    {
      "quarter": "2023-06 (Q2)",
      "signal": "GROSS MARGIN INFLECTION",
      "detail": "GM: +54.8% -> +48.9% -> +52.5% (reversal +3.6%)",
      "severity": "MEDIUM"
    },
    {
      "quarter": "2022-12 (Q4)",
      "signal": "YoY REVENUE GROWTH DECELERATION",
      "detail": "YoY growth: -56.8% vs prior quarter YoY: -43.6% (decel: -13.1%)",
      "severity": "WARNING"
    },
    {
      "quarter": "2022-09 (Q3)",
      "signal": "YoY REVENUE GROWTH DECELERATION",
      "detail": "YoY growth: -43.6% vs prior quarter YoY: -11.3% (decel: -32.4%)",
      "severity": "WARNING"
    },
    {
      "quarter": "2022-06 (Q2)",
      "signal": "FCF TURNED POSITIVE",
      "detail": "FCF margin: -27.4% -> +19.4%",
      "severity": "HIGH"
    },
    {
      "quarter": "2022-06 (Q2)",
      "signal": "GROSS MARGIN INFLECTION",
      "detail": "GM: +28.7% -> -64.9% -> +53.7% (reversal +118.6%)",
      "severity": "HIGH"
    },
    {
      "quarter": "2022-06 (Q2)",
      "signal": "YoY REVENUE GROWTH ACCELERATION",
      "detail": "YoY growth: -11.3% vs prior quarter YoY: -258.5% (accel: +247.2%)",
      "severity": "HIGH"
    },
    {
      "quarter": "2022-06 (Q2)",
      "signal": "OP MARGIN TURNED POSITIVE (QoQ)",
      "detail": "Op margin: -18.2% -> +13.0%",
      "severity": "HIGH"
    },
    {
      "quarter": "2022-03 (Q1)",
      "signal": "YoY REVENUE GROWTH DECELERATION",
      "detail": "YoY growth: -258.5% vs prior quarter YoY: +323.8% (decel: -582.3%)",
      "severity": "WARNING"
    },
    {
      "quarter": "2021-09 (Q3)",
      "signal": "FCF TURNED POSITIVE",
      "detail": "FCF margin: -13.6% -> +11.8%",
      "severity": "HIGH"
    }
  ],
  "data_quality": {
    "n_quarters": 20,
    "coverage": {
      "revenue": [
        20,
        20
      ],
      "gross_profit": [
        20,
        20
      ],
      "op_income": [
        20,
        20
      ],
      "fcf": [
        20,
        20
      ]
    },
    "gaps": [],
    "warnings": []
  },
  "market_cap": null,
  "source": "SEC EDGAR",
  "last_updated": "2026-02-02T22:18:10.783315"
}