{
  "ticker": "APT",
  "name": "Alpha Pro Tech, Ltd.",
  "quarters": [
    {
      "date": "2021-03-31T00:00:00",
      "quarter_label": "2021-03 (Q1)",
      "revenue": 23161000,
      "gross_profit": 9179000,
      "operating_income": 4403000,
      "net_income": 3719000,
      "opex": 4776000,
      "cogs": 13982000,
      "rd": null,
      "sga": 4578000,
      "fcf": -3350000,
      "ocf": -3220000,
      "capex": -130000,
      "gross_margin": 0.3963127671516774,
      "op_margin": 0.19010405422909202,
      "fcf_margin": -0.14463969604075816
    },
    {
      "date": "2021-06-30T00:00:00",
      "quarter_label": "2021-06 (Q2)",
      "revenue": 17806000,
      "gross_profit": 6232000,
      "operating_income": 1830000,
      "net_income": 1671000,
      "opex": 4402000,
      "cogs": 11574000,
      "rd": null,
      "sga": 4199000,
      "fcf": -1087000,
      "ocf": 251000,
      "capex": -1338000,
      "gross_margin": 0.3499943839155341,
      "op_margin": 0.10277434572615972,
      "fcf_margin": -0.06104683814444569,
      "fcf_margin_change": 0.08359285789631246
    },
    {
      "date": "2021-09-30T00:00:00",
      "quarter_label": "2021-09 (Q3)",
      "revenue": 14475000,
      "gross_profit": 4942000,
      "operating_income": 849000,
      "net_income": 766000,
      "opex": 4093000,
      "cogs": 9533000,
      "rd": null,
      "sga": 3884000,
      "fcf": 2467000,
      "ocf": 3390000,
      "capex": -923000,
      "gross_margin": 0.3414162348877375,
      "op_margin": 0.05865284974093264,
      "fcf_margin": 0.17043177892918826,
      "fcf_margin_change": 0.23147861707363396
    },
    {
      "date": "2021-12-31T00:00:00",
      "quarter_label": "2021-12 (Q4)",
      "revenue": 13195000,
      "gross_profit": 4945000,
      "operating_income": 846000,
      "net_income": 600000,
      "opex": 4099000,
      "cogs": 8250000,
      "rd": null,
      "sga": 3893000,
      "fcf": -1034000,
      "ocf": -901000,
      "capex": -133000,
      "gross_margin": 0.3747631678666161,
      "op_margin": 0.06411519514967791,
      "fcf_margin": -0.07836301629405078,
      "fcf_margin_change": -0.24879479522323905
    },
    {
      "date": "2022-03-30T00:00:00",
      "quarter_label": "2022-03 (Q1)",
      "revenue": 17661000,
      "gross_profit": 6442000,
      "operating_income": 1924000,
      "net_income": 1522000,
      "opex": 4518000,
      "cogs": 11219000,
      "rd": null,
      "sga": 4306000,
      "fcf": null,
      "ocf": null,
      "capex": null,
      "gross_margin": 0.3647585074457845,
      "op_margin": 0.1089406035898307,
      "fcf_margin": null,
      "incr_op_margin_yoy": 0.45072727272727275,
      "rev_growth_yoy": -0.2374681576788567,
      "op_leverage_ratio": 3.3111070313934277
    },
    {
      "date": "2022-03-31T00:00:00",
      "quarter_label": "2022-03 (Q1)",
      "revenue": 17661000,
      "gross_profit": 6442000,
      "operating_income": 1924000,
      "net_income": 1522000,
      "opex": 4518000,
      "cogs": 11219000,
      "rd": null,
      "sga": 4306000,
      "fcf": -1312000,
      "ocf": -1179000,
      "capex": -133000,
      "gross_margin": 0.3647585074457845,
      "op_margin": 0.1089406035898307,
      "fcf_margin": -0.07428797916312779,
      "incr_op_margin_yoy": 0.45072727272727275,
      "rev_growth_yoy": -0.2374681576788567,
      "rev_growth_yoy_accel": 0.0
    },
    {
      "date": "2022-06-30T00:00:00",
      "quarter_label": "2022-06 (Q2)",
      "revenue": 17373000,
      "gross_profit": 5612000,
      "operating_income": 1320000,
      "net_income": 693000,
      "opex": 4292000,
      "cogs": 11761000,
      "rd": null,
      "sga": 4065000,
      "fcf": 2033000,
      "ocf": 2122000,
      "capex": -89000,
      "gross_margin": 0.32302998906348934,
      "op_margin": 0.07597996891728544,
      "fcf_margin": 0.1170206642491222,
      "rev_growth_yoy": -0.02431764573739189,
      "rev_growth_yoy_accel": 0.2131505119414648,
      "fcf_margin_change": 0.19130864341225
    },
    {
      "date": "2022-09-30T00:00:00",
      "quarter_label": "2022-09 (Q3)",
      "revenue": 14722000,
      "gross_profit": 4818000,
      "operating_income": 647000,
      "net_income": 503000,
      "opex": 4171000,
      "cogs": 9904000,
      "rd": null,
      "sga": 3970000,
      "fcf": 1261000,
      "ocf": 1388000,
      "capex": -127000,
      "gross_margin": 0.32726531721233526,
      "op_margin": 0.04394783317484038,
      "fcf_margin": 0.08565412308110311,
      "rev_growth_yoy": 0.01706390328151986,
      "rev_growth_yoy_accel": 0.04138154901891175,
      "fcf_margin_change": -0.031366541168019096
    },
    {
      "date": "2022-12-31T00:00:00",
      "quarter_label": "2022-12 (Q4)",
      "revenue": 12225000,
      "gross_profit": 4811000,
      "operating_income": 760000,
      "net_income": 564000,
      "opex": 4051000,
      "cogs": 7414000,
      "rd": null,
      "sga": 3878000,
      "fcf": 1803000,
      "ocf": 1946000,
      "capex": -143000,
      "gross_margin": 0.39353783231083844,
      "op_margin": 0.06216768916155419,
      "fcf_margin": 0.1474846625766871,
      "rev_growth_yoy": -0.07351269420234938,
      "rev_growth_yoy_accel": -0.09057659748386923,
      "fcf_margin_change": 0.061830539495583994
    },
    {
      "date": "2023-03-31T00:00:00",
      "quarter_label": "2023-03 (Q1)",
      "revenue": 13800000,
      "gross_profit": 4982000,
      "operating_income": 426000,
      "net_income": 552000,
      "opex": 4556000,
      "cogs": 8818000,
      "rd": null,
      "sga": 4313000,
      "fcf": -1986000,
      "ocf": -1697000,
      "capex": -289000,
      "gross_margin": 0.3610144927536232,
      "op_margin": 0.030869565217391304,
      "fcf_margin": -0.14391304347826087,
      "incr_op_margin_yoy": 0.387982387982388,
      "rev_growth_yoy": -0.21861729233905214,
      "rev_growth_yoy_accel": -0.14510459813670276,
      "op_leverage_ratio": 1.0334811395249954,
      "fcf_margin_change": -0.29139770605494797
    },
    {
      "date": "2023-06-30T00:00:00",
      "quarter_label": "2023-06 (Q2)",
      "revenue": 16115000,
      "gross_profit": 6106000,
      "operating_income": 1312000,
      "net_income": 1146000,
      "opex": 4794000,
      "cogs": 10009000,
      "rd": null,
      "sga": 4575000,
      "fcf": 2583000,
      "ocf": 2684000,
      "capex": -101000,
      "gross_margin": 0.37890164443065466,
      "op_margin": 0.08141483090288551,
      "fcf_margin": 0.16028544834005584,
      "incr_op_margin_yoy": 0.006359300476947536,
      "rev_growth_yoy": -0.07241121280147356,
      "rev_growth_yoy_accel": 0.14620607953757858,
      "op_leverage_ratio": 3.21128364389234,
      "fcf_margin_change": 0.3041984918183167
    },
    {
      "date": "2023-09-30T00:00:00",
      "quarter_label": "2023-09 (Q3)",
      "revenue": 16053000,
      "gross_profit": 6035000,
      "operating_income": 1423000,
      "net_income": 1430000,
      "opex": 4612000,
      "cogs": 10018000,
      "rd": null,
      "sga": 4387000,
      "fcf": 3845000,
      "ocf": 3942000,
      "capex": -97000,
      "gross_margin": 0.3759421914906871,
      "op_margin": 0.08864386718993335,
      "fcf_margin": 0.23951909300442284,
      "incr_op_margin_yoy": 0.5830202854996244,
      "rev_growth_yoy": 0.09040891183263143,
      "rev_growth_yoy_accel": 0.162820124634105,
      "fcf_margin_change": 0.079233644664367
    },
    {
      "date": "2023-12-31T00:00:00",
      "quarter_label": "2023-12 (Q4)",
      "revenue": 15265000,
      "gross_profit": 5706000,
      "operating_income": 971000,
      "net_income": 1061000,
      "opex": 4735000,
      "cogs": 9559000,
      "rd": null,
      "sga": 4497000,
      "fcf": 3224000,
      "ocf": 3529000,
      "capex": -305000,
      "gross_margin": 0.37379626596790044,
      "op_margin": 0.06360956436292171,
      "fcf_margin": 0.21120209629872258,
      "incr_op_margin_yoy": 0.0694078947368421,
      "rev_growth_yoy": 0.24867075664621677,
      "rev_growth_yoy_accel": 0.15826184481358535,
      "fcf_margin_change": -0.02831699670570026
    },
    {
      "date": "2024-03-31T00:00:00",
      "quarter_label": "2024-03 (Q1)",
      "revenue": 13482000,
      "gross_profit": 5417000,
      "operating_income": 326000,
      "net_income": 576000,
      "opex": 5091000,
      "cogs": 8065000,
      "rd": null,
      "sga": 4847000,
      "fcf": -1252000,
      "ocf": -1169000,
      "capex": -83000,
      "gross_margin": 0.4017949859071354,
      "op_margin": 0.024180388666369974,
      "fcf_margin": -0.09286456015427978,
      "rev_growth_yoy": -0.023043478260869565,
      "rev_growth_yoy_accel": -0.27171423490708635,
      "fcf_margin_change": -0.30406665645300235
    },
    {
      "date": "2024-06-30T00:00:00",
      "quarter_label": "2024-06 (Q2)",
      "revenue": 16289000,
      "gross_profit": 6841000,
      "operating_income": 1712000,
      "net_income": 1644000,
      "opex": 5129000,
      "cogs": 9448000,
      "rd": null,
      "sga": 4884000,
      "fcf": -1006000,
      "ocf": -873000,
      "capex": -133000,
      "gross_margin": 0.4199766713733194,
      "op_margin": 0.10510160230830622,
      "fcf_margin": -0.06175946958069863,
      "rev_growth_yoy": 0.010797393732547317,
      "rev_growth_yoy_accel": 0.033840871993416885,
      "op_leverage_ratio": 27.893794064600755,
      "fcf_margin_change": 0.03110509057358115
    },
    {
      "date": "2024-09-30T00:00:00",
      "quarter_label": "2024-09 (Q3)",
      "revenue": 14251000,
      "gross_profit": 5484000,
      "operating_income": 737000,
      "net_income": 862000,
      "opex": 4747000,
      "cogs": 8767000,
      "rd": null,
      "sga": 4502000,
      "fcf": 3180000,
      "ocf": 5327000,
      "capex": -2147000,
      "gross_margin": 0.3848151006946881,
      "op_margin": 0.05171566907585433,
      "fcf_margin": 0.2231422356325872,
      "incr_op_margin_yoy": 0.3806881243063263,
      "rev_growth_yoy": -0.11225316140285305,
      "rev_growth_yoy_accel": -0.12305055513540036,
      "fcf_margin_change": 0.28490170521328584
    },
    {
      "date": "2024-12-31T00:00:00",
      "quarter_label": "2024-12 (Q4)",
      "revenue": 13817000,
      "gross_profit": 5190000,
      "operating_income": 674000,
      "net_income": 847000,
      "opex": 4516000,
      "cogs": 8627000,
      "rd": null,
      "sga": 4377000,
      "fcf": 970000,
      "ocf": 2413000,
      "capex": -1443000,
      "gross_margin": 0.3756242310197583,
      "op_margin": 0.04878048780487805,
      "fcf_margin": 0.07020337265687197,
      "incr_op_margin_yoy": 0.20511049723756905,
      "rev_growth_yoy": -0.09485751719620046,
      "rev_growth_yoy_accel": 0.017395644206652586,
      "fcf_margin_change": -0.15293886297571524
    },
    {
      "date": "2025-03-31T00:00:00",
      "quarter_label": "2025-03 (Q1)",
      "revenue": 13822000,
      "gross_profit": 5392000,
      "operating_income": 455000,
      "net_income": 613000,
      "opex": 4937000,
      "cogs": 8430000,
      "rd": null,
      "sga": 4694000,
      "fcf": -4094000,
      "ocf": -3959000,
      "capex": -135000,
      "gross_margin": 0.3901027347706555,
      "op_margin": 0.03291853566777601,
      "fcf_margin": -0.296194472579945,
      "rev_growth_yoy": 0.025218810265539238,
      "rev_growth_yoy_accel": 0.1200763274617397,
      "fcf_margin_change": -0.366397845236817
    },
    {
      "date": "2025-06-30T00:00:00",
      "quarter_label": "2025-06 (Q2)",
      "revenue": 16672000,
      "gross_profit": 6131000,
      "operating_income": 1335000,
      "net_income": 1244000,
      "opex": 4796000,
      "cogs": 10541000,
      "rd": null,
      "sga": 4556000,
      "fcf": 1950000,
      "ocf": 2088000,
      "capex": -138000,
      "gross_margin": 0.3677423224568138,
      "op_margin": 0.08007437619961612,
      "fcf_margin": 0.11696257197696737,
      "rev_growth_yoy": 0.023512800049112898,
      "rev_growth_yoy_accel": -0.0017060102164263395,
      "op_leverage_ratio": Infinity,
      "fcf_margin_change": 0.4131570445569124
    },
    {
      "date": "2025-09-30T00:00:00",
      "quarter_label": "2025-09 (Q3)",
      "revenue": 14785000,
      "gross_profit": 5868000,
      "operating_income": 1097000,
      "net_income": 976000,
      "opex": 4771000,
      "cogs": 8917000,
      "rd": null,
      "sga": 4568000,
      "fcf": 3824000,
      "ocf": 3923000,
      "capex": -99000,
      "gross_margin": 0.39688873858640517,
      "op_margin": 0.07419682110246872,
      "fcf_margin": 0.2586405140344944,
      "rev_growth_yoy": 0.037471054662830676,
      "rev_growth_yoy_accel": 0.013958254613717778,
      "fcf_margin_change": 0.14167794205752704
    }
  ],
  "signals": [
    {
      "quarter": "2025-09 (Q3)",
      "signal": "FCF MARGIN EXPANSION",
      "detail": "FCF margin: +11.7% -> +25.9% (+14.2%)",
      "severity": "MEDIUM"
    },
    {
      "quarter": "2025-09 (Q3)",
      "signal": "GROSS MARGIN INFLECTION",
      "detail": "GM: +39.0% -> +36.8% -> +39.7% (reversal +2.9%)",
      "severity": "MEDIUM"
    },
    {
      "quarter": "2025-06 (Q2)",
      "signal": "FCF TURNED POSITIVE",
      "detail": "FCF margin: -29.6% -> +11.7%",
      "severity": "HIGH"
    },
    {
      "quarter": "2025-03 (Q1)",
      "signal": "YoY REVENUE GROWTH ACCELERATION",
      "detail": "YoY growth: +2.5% vs prior quarter YoY: -9.5% (accel: +12.0%)",
      "severity": "MEDIUM"
    },
    {
      "quarter": "2024-12 (Q4)",
      "signal": "INCREMENTAL MARGIN (YoY)",
      "detail": "YoY Incr OPM: +20.5% vs year-ago OPM: +6.4%",
      "severity": "MEDIUM"
    },
    {
      "quarter": "2024-09 (Q3)",
      "signal": "FCF TURNED POSITIVE",
      "detail": "FCF margin: -6.2% -> +22.3%",
      "severity": "HIGH"
    },
    {
      "quarter": "2024-09 (Q3)",
      "signal": "YoY REVENUE GROWTH DECELERATION",
      "detail": "YoY growth: -11.2% vs prior quarter YoY: +1.1% (decel: -12.3%)",
      "severity": "WARNING"
    },
    {
      "quarter": "2024-09 (Q3)",
      "signal": "INCREMENTAL MARGIN (YoY)",
      "detail": "YoY Incr OPM: +38.1% vs year-ago OPM: +8.9%",
      "severity": "HIGH"
    },
    {
      "quarter": "2024-06 (Q2)",
      "signal": "OPERATING LEVERAGE",
      "detail": "Rev growth +20.8% vs OpEx growth +0.7% (leverage: 27.9x)",
      "severity": "MEDIUM"
    },
    {
      "quarter": "2024-03 (Q1)",
      "signal": "GROSS MARGIN INFLECTION",
      "detail": "GM: +37.6% -> +37.4% -> +40.2% (reversal +2.8%)",
      "severity": "MEDIUM"
    },
    {
      "quarter": "2024-03 (Q1)",
      "signal": "YoY REVENUE GROWTH DECELERATION",
      "detail": "YoY growth: -2.3% vs prior quarter YoY: +24.9% (decel: -27.2%)",
      "severity": "WARNING"
    },
    {
      "quarter": "2023-12 (Q4)",
      "signal": "YoY REVENUE GROWTH ACCELERATION",
      "detail": "YoY growth: +24.9% vs prior quarter YoY: +9.0% (accel: +15.8%)",
      "severity": "HIGH"
    },
    {
      "quarter": "2023-09 (Q3)",
      "signal": "FCF MARGIN EXPANSION",
      "detail": "FCF margin: +16.0% -> +24.0% (+7.9%)",
      "severity": "MEDIUM"
    },
    {
      "quarter": "2023-09 (Q3)",
      "signal": "YoY REVENUE GROWTH ACCELERATION",
      "detail": "YoY growth: +9.0% vs prior quarter YoY: -7.2% (accel: +16.3%)",
      "severity": "HIGH"
    },
    {
      "quarter": "2023-09 (Q3)",
      "signal": "INCREMENTAL MARGIN (YoY)",
      "detail": "YoY Incr OPM: +58.3% vs year-ago OPM: +4.4%",
      "severity": "HIGH"
    },
    {
      "quarter": "2023-06 (Q2)",
      "signal": "FCF TURNED POSITIVE",
      "detail": "FCF margin: -14.4% -> +16.0%",
      "severity": "HIGH"
    },
    {
      "quarter": "2023-06 (Q2)",
      "signal": "OPERATING LEVERAGE",
      "detail": "Rev growth +16.8% vs OpEx growth +5.2% (leverage: 3.2x)",
      "severity": "MEDIUM"
    },
    {
      "quarter": "2023-06 (Q2)",
      "signal": "YoY REVENUE GROWTH ACCELERATION",
      "detail": "YoY growth: -7.2% vs prior quarter YoY: -21.9% (accel: +14.6%)",
      "severity": "MEDIUM"
    },
    {
      "quarter": "2023-03 (Q1)",
      "signal": "YoY REVENUE GROWTH DECELERATION",
      "detail": "YoY growth: -21.9% vs prior quarter YoY: -7.4% (decel: -14.5%)",
      "severity": "WARNING"
    },
    {
      "quarter": "2023-03 (Q1)",
      "signal": "INCREMENTAL MARGIN (YoY)",
      "detail": "YoY Incr OPM: +38.8% vs year-ago OPM: +10.9%",
      "severity": "HIGH"
    },
    {
      "quarter": "2022-12 (Q4)",
      "signal": "FCF MARGIN EXPANSION",
      "detail": "FCF margin: +8.6% -> +14.7% (+6.2%)",
      "severity": "MEDIUM"
    },
    {
      "quarter": "2022-12 (Q4)",
      "signal": "YoY REVENUE GROWTH DECELERATION",
      "detail": "YoY growth: -7.4% vs prior quarter YoY: +1.7% (decel: -9.1%)",
      "severity": "WARNING"
    },
    {
      "quarter": "2022-06 (Q2)",
      "signal": "FCF TURNED POSITIVE",
      "detail": "FCF margin: -7.4% -> +11.7%",
      "severity": "HIGH"
    },
    {
      "quarter": "2022-06 (Q2)",
      "signal": "YoY REVENUE GROWTH ACCELERATION",
      "detail": "YoY growth: -2.4% vs prior quarter YoY: -23.7% (accel: +21.3%)",
      "severity": "HIGH"
    },
    {
      "quarter": "2022-03 (Q1)",
      "signal": "INCREMENTAL MARGIN (YoY)",
      "detail": "YoY Incr OPM: +45.1% vs year-ago OPM: +19.0%",
      "severity": "HIGH"
    },
    {
      "quarter": "2022-03 (Q1)",
      "signal": "OPERATING LEVERAGE",
      "detail": "Rev growth +33.8% vs OpEx growth +10.2% (leverage: 3.3x)",
      "severity": "MEDIUM"
    },
    {
      "quarter": "2022-03 (Q1)",
      "signal": "INCREMENTAL MARGIN (YoY)",
      "detail": "YoY Incr OPM: +45.1% vs year-ago OPM: +19.0%",
      "severity": "HIGH"
    },
    {
      "quarter": "2021-12 (Q4)",
      "signal": "GROSS MARGIN INFLECTION",
      "detail": "GM: +35.0% -> +34.1% -> +37.5% (reversal +3.3%)",
      "severity": "MEDIUM"
    },
    {
      "quarter": "2021-09 (Q3)",
      "signal": "FCF TURNED POSITIVE",
      "detail": "FCF margin: -6.1% -> +17.0%",
      "severity": "HIGH"
    },
    {
      "quarter": "2021-06 (Q2)",
      "signal": "FCF MARGIN EXPANSION",
      "detail": "FCF margin: -14.5% -> -6.1% (+8.4%)",
      "severity": "MEDIUM"
    }
  ],
  "data_quality": {
    "n_quarters": 20,
    "coverage": {
      "revenue": [
        20,
        20
      ],
      "gross_profit": [
        20,
        20
      ],
      "op_income": [
        20,
        20
      ],
      "fcf": [
        19,
        20
      ]
    },
    "gaps": [],
    "warnings": []
  },
  "market_cap": null,
  "source": "SEC EDGAR",
  "last_updated": "2026-02-02T23:38:55.191652",
  "sector": "Industrials",
  "industry": "Building Products & Equipment"
}