{
  "ticker": "APYX",
  "name": "APYX MEDICAL CORPORATION",
  "quarters": [
    {
      "date": "2020-12-31T00:00:00",
      "quarter_label": "2020-12 (Q4)",
      "revenue": 11464000,
      "gross_profit": 7701000,
      "operating_income": -2053000,
      "net_income": -1527000,
      "opex": 9754000,
      "cogs": 3763000,
      "rd": 918000,
      "sga": 2996000,
      "fcf": -1405000,
      "ocf": -1017000,
      "capex": -388000,
      "gross_margin": 0.67175505931612,
      "op_margin": -0.17908234473133286,
      "fcf_margin": -0.12255757152826238
    },
    {
      "date": "2021-03-31T00:00:00",
      "quarter_label": "2021-03 (Q1)",
      "revenue": 8638000,
      "gross_profit": 5860000,
      "operating_income": -4745000,
      "net_income": -4901000,
      "opex": 10605000,
      "cogs": 2778000,
      "rd": 1115000,
      "sga": 3724000,
      "fcf": -2244000,
      "ocf": -2052000,
      "capex": -192000,
      "gross_margin": 0.6783977772632553,
      "op_margin": -0.5493169715211854,
      "fcf_margin": -0.2597823570270896,
      "fcf_margin_change": -0.13722478549882725
    },
    {
      "date": "2021-06-30T00:00:00",
      "quarter_label": "2021-06 (Q2)",
      "revenue": 11224000,
      "gross_profit": 7534000,
      "operating_income": -4043000,
      "net_income": -4046000,
      "opex": 11577000,
      "cogs": 3690000,
      "rd": 1084000,
      "sga": 4261000,
      "fcf": -5035000,
      "ocf": -5006000,
      "capex": -29000,
      "gross_margin": 0.6712401995723449,
      "op_margin": -0.3602102637205987,
      "fcf_margin": -0.448592302209551,
      "op_leverage_ratio": 3.266327510654901,
      "fcf_margin_change": -0.18880994518246136
    },
    {
      "date": "2021-09-30T00:00:00",
      "quarter_label": "2021-09 (Q3)",
      "revenue": 11831000,
      "gross_profit": 8056000,
      "operating_income": -3968000,
      "net_income": -4222000,
      "opex": 12024000,
      "cogs": 3775000,
      "rd": 1175000,
      "sga": 4611000,
      "fcf": -3775000,
      "ocf": -3605000,
      "capex": -170000,
      "gross_margin": 0.6809229989011918,
      "op_margin": -0.3353900769165751,
      "fcf_margin": -0.3190770010988082,
      "op_leverage_ratio": 1.4006497342702837,
      "fcf_margin_change": 0.12951530111074278
    },
    {
      "date": "2021-12-31T00:00:00",
      "quarter_label": "2021-12 (Q4)",
      "revenue": 16824000,
      "gross_profit": 12151000,
      "operating_income": -1692000,
      "net_income": -2003000,
      "opex": 13843000,
      "cogs": 4673000,
      "rd": 947000,
      "sga": 6021000,
      "fcf": -118000,
      "ocf": 214000,
      "capex": -332000,
      "gross_margin": 0.7222420351878269,
      "op_margin": -0.10057061340941512,
      "fcf_margin": -0.007013789824060866,
      "incr_op_margin_yoy": 0.06735074626865671,
      "rev_growth_yoy": 0.4675505931612003,
      "op_leverage_ratio": 2.7896927914008303,
      "fcf_margin_change": 0.31206321127474734
    },
    {
      "date": "2022-03-31T00:00:00",
      "quarter_label": "2022-03 (Q1)",
      "revenue": 12493000,
      "gross_profit": 8219000,
      "operating_income": -5871000,
      "net_income": -5945000,
      "opex": 14090000,
      "cogs": 4274000,
      "rd": 1158000,
      "sga": 5465000,
      "fcf": -4797000,
      "ocf": -4518000,
      "capex": -279000,
      "gross_margin": 0.6578884175138078,
      "op_margin": -0.46994316817417753,
      "fcf_margin": -0.3839750260145682,
      "incr_op_margin_yoy": -0.2920881971465629,
      "rev_growth_yoy": 0.4462838620050938,
      "rev_growth_yoy_accel": -0.0212667311561065,
      "fcf_margin_change": -0.3769612361905073
    },
    {
      "date": "2022-06-30T00:00:00",
      "quarter_label": "2022-06 (Q2)",
      "revenue": 10292000,
      "gross_profit": 6914000,
      "operating_income": -5976000,
      "net_income": -5426000,
      "opex": 12890000,
      "cogs": 3378000,
      "rd": 1070000,
      "sga": 4539000,
      "fcf": -6273000,
      "ocf": -5872000,
      "capex": -401000,
      "gross_margin": 0.6717839098328799,
      "op_margin": -0.5806451612903226,
      "fcf_margin": -0.6095025262339682,
      "rev_growth_yoy": -0.08303635067712045,
      "rev_growth_yoy_accel": -0.5293202126822143,
      "fcf_margin_change": -0.2255275002194
    },
    {
      "date": "2022-09-30T00:00:00",
      "quarter_label": "2022-09 (Q3)",
      "revenue": 9114000,
      "gross_profit": 5757000,
      "operating_income": -5782000,
      "net_income": -5764000,
      "opex": 11539000,
      "cogs": 3357000,
      "rd": 1061000,
      "sga": 4671000,
      "fcf": -5548000,
      "ocf": -5360000,
      "capex": -188000,
      "gross_margin": 0.6316655694535879,
      "op_margin": -0.6344086021505376,
      "fcf_margin": -0.608733816107088,
      "incr_op_margin_yoy": 0.6676481413323518,
      "rev_growth_yoy": -0.22965091708224156,
      "rev_growth_yoy_accel": -0.1466145664051211,
      "fcf_margin_change": 0.0007687101268801788
    },
    {
      "date": "2022-12-31T00:00:00",
      "quarter_label": "2022-12 (Q4)",
      "revenue": 12611000,
      "gross_profit": 8241000,
      "operating_income": -5933000,
      "net_income": -6049000,
      "opex": 14174000,
      "cogs": 4370000,
      "rd": 1255000,
      "sga": 5809000,
      "fcf": -4672000,
      "ocf": -4530000,
      "capex": -142000,
      "gross_margin": 0.6534771231464594,
      "op_margin": -0.4704622948219808,
      "fcf_margin": -0.3704702244072635,
      "incr_op_margin_yoy": 1.0066460954189413,
      "rev_growth_yoy": -0.2504160722776985,
      "rev_growth_yoy_accel": -0.020765155195456964,
      "op_leverage_ratio": 1.6802509973812625,
      "fcf_margin_change": 0.23826359169982447
    },
    {
      "date": "2023-03-31T00:00:00",
      "quarter_label": "2023-03 (Q1)",
      "revenue": 12142000,
      "gross_profit": 7573000,
      "operating_income": -5611000,
      "net_income": -3483000,
      "opex": 13184000,
      "cogs": 4569000,
      "rd": 1121000,
      "sga": 5255000,
      "fcf": -1991000,
      "ocf": -1881000,
      "capex": -110000,
      "gross_margin": 0.6237028496129139,
      "op_margin": -0.46211497282161096,
      "fcf_margin": -0.16397628067863615,
      "rev_growth_yoy": -0.02809573361082206,
      "rev_growth_yoy_accel": 0.22232033866687645,
      "fcf_margin_change": 0.20649394372862737
    },
    {
      "date": "2023-06-30T00:00:00",
      "quarter_label": "2023-06 (Q2)",
      "revenue": 13569000,
      "gross_profit": 9279000,
      "operating_income": -1235000,
      "net_income": -994000,
      "opex": 13206000,
      "cogs": 4290000,
      "rd": 1199000,
      "sga": 5378000,
      "fcf": -5008000,
      "ocf": -4852000,
      "capex": -156000,
      "gross_margin": 0.6838381605129339,
      "op_margin": -0.09101628712506449,
      "fcf_margin": -0.3690765715970226,
      "incr_op_margin_yoy": 1.446750076289289,
      "rev_growth_yoy": 0.318402642829382,
      "rev_growth_yoy_accel": 0.3464983764402041,
      "op_leverage_ratio": 70.4300923915485,
      "fcf_margin_change": -0.20510029091838647
    },
    {
      "date": "2023-09-30T00:00:00",
      "quarter_label": "2023-09 (Q3)",
      "revenue": 11976000,
      "gross_profit": 7978000,
      "operating_income": -4637000,
      "net_income": -4629000,
      "opex": 12615000,
      "cogs": 3998000,
      "rd": 1276000,
      "sga": 4841000,
      "fcf": 3522000,
      "ocf": 3696000,
      "capex": -174000,
      "gross_margin": 0.6661656646626587,
      "op_margin": -0.3871910487641951,
      "fcf_margin": 0.2940881763527054,
      "incr_op_margin_yoy": 0.4000698812019567,
      "rev_growth_yoy": 0.3140223831468071,
      "rev_growth_yoy_accel": -0.0043802596825749385,
      "fcf_margin_change": 0.663164747949728
    },
    {
      "date": "2023-12-31T00:00:00",
      "quarter_label": "2023-12 (Q4)",
      "revenue": 14662000,
      "gross_profit": 8929000,
      "operating_income": -5776000,
      "net_income": -9607000,
      "opex": 14705000,
      "cogs": 5733000,
      "rd": 1248000,
      "sga": 6724000,
      "fcf": -2305000,
      "ocf": -2212000,
      "capex": -93000,
      "gross_margin": 0.6089892238439504,
      "op_margin": -0.3939435274860183,
      "fcf_margin": -0.1572091119901787,
      "incr_op_margin_yoy": 0.07654802535348611,
      "rev_growth_yoy": 0.16263579414796606,
      "rev_growth_yoy_accel": -0.15138658899884103,
      "op_leverage_ratio": 1.353739776203124,
      "fcf_margin_change": -0.4512972883428841
    },
    {
      "date": "2024-03-31T00:00:00",
      "quarter_label": "2024-03 (Q1)",
      "revenue": 10244000,
      "gross_profit": 5949000,
      "operating_income": -6615000,
      "net_income": -7576000,
      "opex": 12564000,
      "cogs": 4295000,
      "rd": 1397000,
      "sga": 4897000,
      "fcf": -6376000,
      "ocf": -6341000,
      "capex": -35000,
      "gross_margin": 0.5807301835220617,
      "op_margin": -0.6457438500585708,
      "fcf_margin": -0.6224131198750488,
      "incr_op_margin_yoy": 0.5289778714436248,
      "rev_growth_yoy": -0.15631691648822268,
      "rev_growth_yoy_accel": -0.31895271063618874,
      "fcf_margin_change": -0.46520400788487004
    },
    {
      "date": "2024-06-30T00:00:00",
      "quarter_label": "2024-06 (Q2)",
      "revenue": 12149000,
      "gross_profit": 7493000,
      "operating_income": -5547000,
      "net_income": -6556000,
      "opex": 13040000,
      "cogs": 4656000,
      "rd": 1424000,
      "sga": 4838000,
      "fcf": -4618000,
      "ocf": -4329000,
      "capex": -289000,
      "gross_margin": 0.6167585809531648,
      "op_margin": -0.45658078854226686,
      "fcf_margin": -0.3801135895958515,
      "incr_op_margin_yoy": 3.036619718309859,
      "rev_growth_yoy": -0.1046503058442037,
      "rev_growth_yoy_accel": 0.05166661064401898,
      "op_leverage_ratio": 4.908472760443498,
      "fcf_margin_change": 0.24229953027919726
    },
    {
      "date": "2024-09-30T00:00:00",
      "quarter_label": "2024-09 (Q3)",
      "revenue": 11487000,
      "gross_profit": 6954000,
      "operating_income": -3635000,
      "net_income": -4703000,
      "opex": 10589000,
      "cogs": 4533000,
      "rd": 1142000,
      "sga": 4291000,
      "fcf": -4593000,
      "ocf": -4440000,
      "capex": -153000,
      "gross_margin": 0.6053799947767041,
      "op_margin": -0.3164446765909289,
      "fcf_margin": -0.39984330112300864,
      "rev_growth_yoy": -0.040831663326653306,
      "rev_growth_yoy_accel": 0.0638186425175504,
      "fcf_margin_change": -0.019729711527157134
    },
    {
      "date": "2024-12-31T00:00:00",
      "quarter_label": "2024-12 (Q4)",
      "revenue": 14222000,
      "gross_profit": 8964000,
      "operating_income": -3048000,
      "net_income": -4628000,
      "opex": 12012000,
      "cogs": 5258000,
      "rd": 1117000,
      "sga": 4832000,
      "fcf": -3182000,
      "ocf": -2937000,
      "capex": -245000,
      "gross_margin": 0.6302910982984109,
      "op_margin": -0.2143158486851357,
      "fcf_margin": -0.2237378709042329,
      "rev_growth_yoy": -0.030009548492702223,
      "rev_growth_yoy_accel": 0.010822114833951083,
      "op_leverage_ratio": 1.7717431315463643,
      "fcf_margin_change": 0.17610543021877575
    },
    {
      "date": "2025-03-31T00:00:00",
      "quarter_label": "2025-03 (Q1)",
      "revenue": 9430000,
      "gross_profit": 5665000,
      "operating_income": -3051000,
      "net_income": -4150000,
      "opex": 8716000,
      "cogs": 3765000,
      "rd": 804000,
      "sga": 3382000,
      "fcf": -757000,
      "ocf": -702000,
      "capex": -55000,
      "gross_margin": 0.6007423117709438,
      "op_margin": -0.32354188759278896,
      "fcf_margin": -0.08027571580063626,
      "rev_growth_yoy": -0.07946114798906677,
      "rev_growth_yoy_accel": -0.049451599496364546,
      "fcf_margin_change": 0.1434621551035966
    },
    {
      "date": "2025-06-30T00:00:00",
      "quarter_label": "2025-06 (Q2)",
      "revenue": 11373000,
      "gross_profit": 7083000,
      "operating_income": -2574000,
      "net_income": -3778000,
      "opex": 9657000,
      "cogs": 4290000,
      "rd": 824000,
      "sga": 4140000,
      "fcf": -1498000,
      "ocf": -1233000,
      "capex": -265000,
      "gross_margin": 0.62279082036402,
      "op_margin": -0.22632550778158797,
      "fcf_margin": -0.13171546645564056,
      "rev_growth_yoy": -0.06387356984113919,
      "rev_growth_yoy_accel": 0.015587578147927578,
      "op_leverage_ratio": 1.908484802724477,
      "fcf_margin_change": -0.05143975065500429
    },
    {
      "date": "2025-09-30T00:00:00",
      "quarter_label": "2025-09 (Q3)",
      "revenue": 12877000,
      "gross_profit": 8297000,
      "operating_income": -832000,
      "net_income": -1984000,
      "opex": 9129000,
      "cogs": 4580000,
      "rd": 801000,
      "sga": 3656000,
      "fcf": -4055000,
      "ocf": -3536000,
      "capex": -519000,
      "gross_margin": 0.6443270948202221,
      "op_margin": -0.06461132251300769,
      "fcf_margin": -0.3149025394113536,
      "incr_op_margin_yoy": 2.016546762589928,
      "rev_growth_yoy": 0.12100635501001132,
      "rev_growth_yoy_accel": 0.1848799248511505,
      "op_leverage_ratio": Infinity,
      "fcf_margin_change": -0.18318707295571304
    }
  ],
  "signals": [
    {
      "quarter": "2025-09 (Q3)",
      "signal": "YoY REVENUE GROWTH ACCELERATION",
      "detail": "YoY growth: +12.1% vs prior quarter YoY: -6.4% (accel: +18.5%)",
      "severity": "HIGH"
    },
    {
      "quarter": "2025-06 (Q2)",
      "signal": "OPERATING LEVERAGE",
      "detail": "Rev growth +20.6% vs OpEx growth +10.8% (leverage: 1.9x)",
      "severity": "MEDIUM"
    },
    {
      "quarter": "2025-06 (Q2)",
      "signal": "GROSS MARGIN INFLECTION",
      "detail": "GM: +63.0% -> +60.1% -> +62.3% (reversal +2.2%)",
      "severity": "MEDIUM"
    },
    {
      "quarter": "2025-03 (Q1)",
      "signal": "FCF MARGIN EXPANSION",
      "detail": "FCF margin: -22.4% -> -8.0% (+14.3%)",
      "severity": "MEDIUM"
    },
    {
      "quarter": "2024-12 (Q4)",
      "signal": "FCF MARGIN EXPANSION",
      "detail": "FCF margin: -40.0% -> -22.4% (+17.6%)",
      "severity": "MEDIUM"
    },
    {
      "quarter": "2024-12 (Q4)",
      "signal": "OPERATING LEVERAGE",
      "detail": "Rev growth +23.8% vs OpEx growth +13.4% (leverage: 1.8x)",
      "severity": "MEDIUM"
    },
    {
      "quarter": "2024-12 (Q4)",
      "signal": "GROSS MARGIN INFLECTION",
      "detail": "GM: +61.7% -> +60.5% -> +63.0% (reversal +2.5%)",
      "severity": "MEDIUM"
    },
    {
      "quarter": "2024-09 (Q3)",
      "signal": "YoY REVENUE GROWTH ACCELERATION",
      "detail": "YoY growth: -4.1% vs prior quarter YoY: -10.5% (accel: +6.4%)",
      "severity": "MEDIUM"
    },
    {
      "quarter": "2024-06 (Q2)",
      "signal": "FCF MARGIN EXPANSION",
      "detail": "FCF margin: -62.2% -> -38.0% (+24.2%)",
      "severity": "MEDIUM"
    },
    {
      "quarter": "2024-06 (Q2)",
      "signal": "OPERATING LEVERAGE",
      "detail": "Rev growth +18.6% vs OpEx growth +3.8% (leverage: 4.9x)",
      "severity": "MEDIUM"
    },
    {
      "quarter": "2024-06 (Q2)",
      "signal": "GROSS MARGIN INFLECTION",
      "detail": "GM: +60.9% -> +58.1% -> +61.7% (reversal +3.6%)",
      "severity": "MEDIUM"
    },
    {
      "quarter": "2024-06 (Q2)",
      "signal": "YoY REVENUE GROWTH ACCELERATION",
      "detail": "YoY growth: -10.5% vs prior quarter YoY: -15.6% (accel: +5.2%)",
      "severity": "MEDIUM"
    },
    {
      "quarter": "2024-03 (Q1)",
      "signal": "YoY REVENUE GROWTH DECELERATION",
      "detail": "YoY growth: -15.6% vs prior quarter YoY: +16.3% (decel: -31.9%)",
      "severity": "WARNING"
    },
    {
      "quarter": "2023-12 (Q4)",
      "signal": "YoY REVENUE GROWTH DECELERATION",
      "detail": "YoY growth: +16.3% vs prior quarter YoY: +31.4% (decel: -15.1%)",
      "severity": "WARNING"
    },
    {
      "quarter": "2023-09 (Q3)",
      "signal": "FCF TURNED POSITIVE",
      "detail": "FCF margin: -36.9% -> +29.4%",
      "severity": "HIGH"
    },
    {
      "quarter": "2023-06 (Q2)",
      "signal": "OPERATING LEVERAGE",
      "detail": "Rev growth +11.8% vs OpEx growth +0.2% (leverage: 70.4x)",
      "severity": "MEDIUM"
    },
    {
      "quarter": "2023-06 (Q2)",
      "signal": "GROSS MARGIN INFLECTION",
      "detail": "GM: +65.3% -> +62.4% -> +68.4% (reversal +6.0%)",
      "severity": "HIGH"
    },
    {
      "quarter": "2023-06 (Q2)",
      "signal": "YoY REVENUE GROWTH ACCELERATION",
      "detail": "YoY growth: +31.8% vs prior quarter YoY: -2.8% (accel: +34.6%)",
      "severity": "HIGH"
    },
    {
      "quarter": "2023-03 (Q1)",
      "signal": "FCF MARGIN EXPANSION",
      "detail": "FCF margin: -37.0% -> -16.4% (+20.6%)",
      "severity": "MEDIUM"
    },
    {
      "quarter": "2023-03 (Q1)",
      "signal": "YoY REVENUE GROWTH ACCELERATION",
      "detail": "YoY growth: -2.8% vs prior quarter YoY: -25.0% (accel: +22.2%)",
      "severity": "HIGH"
    },
    {
      "quarter": "2022-12 (Q4)",
      "signal": "FCF MARGIN EXPANSION",
      "detail": "FCF margin: -60.9% -> -37.0% (+23.8%)",
      "severity": "MEDIUM"
    },
    {
      "quarter": "2022-12 (Q4)",
      "signal": "OPERATING LEVERAGE",
      "detail": "Rev growth +38.4% vs OpEx growth +22.8% (leverage: 1.7x)",
      "severity": "MEDIUM"
    },
    {
      "quarter": "2022-12 (Q4)",
      "signal": "GROSS MARGIN INFLECTION",
      "detail": "GM: +67.2% -> +63.2% -> +65.3% (reversal +2.2%)",
      "severity": "MEDIUM"
    },
    {
      "quarter": "2022-09 (Q3)",
      "signal": "YoY REVENUE GROWTH DECELERATION",
      "detail": "YoY growth: -23.0% vs prior quarter YoY: -8.3% (decel: -14.7%)",
      "severity": "WARNING"
    },
    {
      "quarter": "2022-06 (Q2)",
      "signal": "YoY REVENUE GROWTH DECELERATION",
      "detail": "YoY growth: -8.3% vs prior quarter YoY: +44.6% (decel: -52.9%)",
      "severity": "WARNING"
    },
    {
      "quarter": "2021-12 (Q4)",
      "signal": "FCF MARGIN EXPANSION",
      "detail": "FCF margin: -31.9% -> -0.7% (+31.2%)",
      "severity": "MEDIUM"
    },
    {
      "quarter": "2021-12 (Q4)",
      "signal": "OPERATING LEVERAGE",
      "detail": "Rev growth +42.2% vs OpEx growth +15.1% (leverage: 2.8x)",
      "severity": "MEDIUM"
    },
    {
      "quarter": "2021-09 (Q3)",
      "signal": "FCF MARGIN EXPANSION",
      "detail": "FCF margin: -44.9% -> -31.9% (+13.0%)",
      "severity": "MEDIUM"
    },
    {
      "quarter": "2021-06 (Q2)",
      "signal": "OPERATING LEVERAGE",
      "detail": "Rev growth +29.9% vs OpEx growth +9.2% (leverage: 3.3x)",
      "severity": "MEDIUM"
    }
  ],
  "data_quality": {
    "n_quarters": 20,
    "coverage": {
      "revenue": [
        20,
        20
      ],
      "gross_profit": [
        20,
        20
      ],
      "op_income": [
        20,
        20
      ],
      "fcf": [
        20,
        20
      ]
    },
    "gaps": [],
    "warnings": []
  },
  "market_cap": null,
  "source": "SEC EDGAR",
  "last_updated": "2026-02-02T23:06:08.983788",
  "sector": "Healthcare",
  "industry": "Medical Devices"
}