{
  "ticker": "AQST",
  "name": "Aquestive Therapeutics, Inc.",
  "quarters": [
    {
      "date": "2020-12-31T00:00:00",
      "quarter_label": "2020-12 (Q4)",
      "revenue": 7149000,
      "gross_profit": 4361000,
      "operating_income": -15646000,
      "net_income": -20368000,
      "opex": 22795000,
      "cogs": 2788000,
      "rd": 4425000,
      "sga": 15582000,
      "fcf": -13748000,
      "ocf": -13512000,
      "capex": -236000,
      "gross_margin": 0.6100153867673801,
      "op_margin": -2.1885578402573787,
      "fcf_margin": -1.9230661630997343
    },
    {
      "date": "2021-03-31T00:00:00",
      "quarter_label": "2021-03 (Q1)",
      "revenue": 11122000,
      "gross_profit": 8365000,
      "operating_income": -8525000,
      "net_income": -14672000,
      "opex": 19647000,
      "cogs": 2757000,
      "rd": 3659000,
      "sga": 13231000,
      "fcf": -14200000,
      "ocf": -14097000,
      "capex": -103000,
      "gross_margin": 0.7521129293292573,
      "op_margin": -0.7664988311454775,
      "fcf_margin": -1.2767487861895344,
      "op_leverage_ratio": Infinity,
      "fcf_margin_change": 0.6463173769102
    },
    {
      "date": "2021-06-30T00:00:00",
      "quarter_label": "2021-06 (Q2)",
      "revenue": 15345000,
      "gross_profit": 10879000,
      "operating_income": -6517000,
      "net_income": -12367000,
      "opex": 21862000,
      "cogs": 4466000,
      "rd": 4262000,
      "sga": 13134000,
      "fcf": -1950000,
      "ocf": -1756000,
      "capex": -194000,
      "gross_margin": 0.7089605734767025,
      "op_margin": -0.4246985988921473,
      "fcf_margin": -0.1270772238514174,
      "op_leverage_ratio": 3.367911767010091,
      "fcf_margin_change": 1.149671562338117
    },
    {
      "date": "2021-09-30T00:00:00",
      "quarter_label": "2021-09 (Q3)",
      "revenue": 13287000,
      "gross_profit": 8887000,
      "operating_income": -7968000,
      "net_income": -14555000,
      "opex": 21255000,
      "cogs": 4400000,
      "rd": 4726000,
      "sga": 12129000,
      "fcf": -9148000,
      "ocf": -9065000,
      "capex": -83000,
      "gross_margin": 0.6688492511477384,
      "op_margin": -0.5996839015579137,
      "fcf_margin": -0.6884925114773839,
      "fcf_margin_change": -0.5614152876259665
    },
    {
      "date": "2021-12-31T00:00:00",
      "quarter_label": "2021-12 (Q4)",
      "revenue": 11078000,
      "gross_profit": null,
      "operating_income": -11669000,
      "net_income": -28945000,
      "opex": 22747000,
      "cogs": null,
      "rd": 4400000,
      "sga": 14981000,
      "fcf": -8594000,
      "ocf": -8061000,
      "capex": -533000,
      "gross_margin": null,
      "op_margin": -1.0533489799602815,
      "fcf_margin": -0.7757717999638924,
      "incr_op_margin_yoy": 1.0122168490710104,
      "rev_growth_yoy": 0.5495873548748077,
      "fcf_margin_change": -0.08727928848650857
    },
    {
      "date": "2022-03-31T00:00:00",
      "quarter_label": "2022-03 (Q1)",
      "revenue": 12270000,
      "gross_profit": 8056000,
      "operating_income": -9738000,
      "net_income": -13220000,
      "opex": 22008000,
      "cogs": 4214000,
      "rd": 4773000,
      "sga": 13021000,
      "fcf": -14586000,
      "ocf": -14482000,
      "capex": -104000,
      "gross_margin": 0.6565607171964141,
      "op_margin": -0.7936430317848411,
      "fcf_margin": -1.1887530562347188,
      "incr_op_margin_yoy": -1.0566202090592334,
      "rev_growth_yoy": 0.10321884553137925,
      "rev_growth_yoy_accel": -0.4463685093434284,
      "op_leverage_ratio": Infinity,
      "fcf_margin_change": -0.4129812562708264
    },
    {
      "date": "2022-06-30T00:00:00",
      "quarter_label": "2022-06 (Q2)",
      "revenue": 13265000,
      "gross_profit": 8023000,
      "operating_income": -12762000,
      "net_income": -16302000,
      "opex": 26027000,
      "cogs": 5242000,
      "rd": 5198000,
      "sga": 15587000,
      "fcf": -7239000,
      "ocf": -6562000,
      "capex": -677000,
      "gross_margin": 0.6048247267244629,
      "op_margin": -0.9620806633999246,
      "fcf_margin": -0.5457218243497927,
      "incr_op_margin_yoy": 3.0024038461538463,
      "rev_growth_yoy": -0.13554903877484523,
      "rev_growth_yoy_accel": -0.23876788430622448,
      "op_leverage_ratio": 0.4440594219024426,
      "fcf_margin_change": 0.6430312318849262
    },
    {
      "date": "2022-09-30T00:00:00",
      "quarter_label": "2022-09 (Q3)",
      "revenue": 11463000,
      "gross_profit": 6838000,
      "operating_income": -8853000,
      "net_income": -12536000,
      "opex": 20316000,
      "cogs": 4625000,
      "rd": 3232000,
      "sga": 12459000,
      "fcf": 2592000,
      "ocf": 2809000,
      "capex": -217000,
      "gross_margin": 0.5965279595219402,
      "op_margin": -0.7723109133734625,
      "fcf_margin": 0.2261188170635959,
      "incr_op_margin_yoy": 0.48519736842105265,
      "rev_growth_yoy": -0.13727703770602845,
      "rev_growth_yoy_accel": -0.0017279989311832222,
      "fcf_margin_change": 0.7718406414133886
    },
    {
      "date": "2022-12-31T00:00:00",
      "quarter_label": "2022-12 (Q4)",
      "revenue": 10682000,
      "gross_profit": 5377000,
      "operating_income": -10713000,
      "net_income": -12352000,
      "opex": 21395000,
      "cogs": 5305000,
      "rd": 4278000,
      "sga": 11812000,
      "fcf": 8390000,
      "ocf": 8416000,
      "capex": -26000,
      "gross_margin": 0.5033701554016102,
      "op_margin": -1.0029020782624976,
      "fcf_margin": 0.7854334394308182,
      "rev_growth_yoy": -0.035746524643437444,
      "rev_growth_yoy_accel": 0.101530513062591,
      "fcf_margin_change": 0.5593146223672223
    },
    {
      "date": "2023-03-31T00:00:00",
      "quarter_label": "2023-03 (Q1)",
      "revenue": 11134000,
      "gross_profit": 6397000,
      "operating_income": -4605000,
      "net_income": 8068000,
      "opex": 15739000,
      "cogs": 4737000,
      "rd": 3547000,
      "sga": 7455000,
      "fcf": 8814000,
      "ocf": 8816000,
      "capex": -2000,
      "gross_margin": 0.5745464343452488,
      "op_margin": -0.4135979881444225,
      "fcf_margin": 0.7916292437578588,
      "incr_op_margin_yoy": -4.518485915492958,
      "rev_growth_yoy": -0.0925835370823146,
      "rev_growth_yoy_accel": -0.05683701243887715,
      "op_leverage_ratio": Infinity,
      "fcf_margin_change": 0.006195804327040588
    },
    {
      "date": "2023-06-30T00:00:00",
      "quarter_label": "2023-06 (Q2)",
      "revenue": 13241000,
      "gross_profit": 6624000,
      "operating_income": -4209000,
      "net_income": -5792000,
      "opex": 17450000,
      "cogs": 6617000,
      "rd": 3473000,
      "sga": 7360000,
      "fcf": -8733000,
      "ocf": -7907000,
      "capex": -826000,
      "gross_margin": 0.5002643304886338,
      "op_margin": -0.3178762933313194,
      "fcf_margin": -0.6595423306396798,
      "rev_growth_yoy": -0.0018092725216735772,
      "rev_growth_yoy_accel": 0.09077426456064101,
      "op_leverage_ratio": 1.7407661958037979,
      "fcf_margin_change": -1.4511715743975386
    },
    {
      "date": "2023-09-30T00:00:00",
      "quarter_label": "2023-09 (Q3)",
      "revenue": 13002000,
      "gross_profit": 8204000,
      "operating_income": -2377000,
      "net_income": -2035000,
      "opex": 15379000,
      "cogs": 4798000,
      "rd": 3196000,
      "sga": 7385000,
      "fcf": -2498000,
      "ocf": -2347000,
      "capex": -151000,
      "gross_margin": 0.6309798492539609,
      "op_margin": -0.18281802799569297,
      "fcf_margin": -0.19212428857098907,
      "incr_op_margin_yoy": 4.207927225471085,
      "rev_growth_yoy": 0.13425804763151009,
      "rev_growth_yoy_accel": 0.13606732015318365,
      "fcf_margin_change": 0.46741804206869075
    },
    {
      "date": "2023-12-31T00:00:00",
      "quarter_label": "2023-12 (Q4)",
      "revenue": 13206000,
      "gross_profit": 8527000,
      "operating_income": -3911000,
      "net_income": -8111000,
      "opex": 17117000,
      "cogs": 4679000,
      "rd": 2888000,
      "sga": 9550000,
      "fcf": -4958000,
      "ocf": -4942000,
      "capex": -16000,
      "gross_margin": 0.6456913524155686,
      "op_margin": -0.2961532636680297,
      "fcf_margin": -0.3754354081478116,
      "incr_op_margin_yoy": 2.694928684627575,
      "rev_growth_yoy": 0.236285339824003,
      "rev_growth_yoy_accel": 0.1020272921924929,
      "op_leverage_ratio": 0.13883479730214118,
      "fcf_margin_change": -0.18331111957682256
    },
    {
      "date": "2024-03-31T00:00:00",
      "quarter_label": "2024-03 (Q1)",
      "revenue": 12053000,
      "gross_profit": 7664000,
      "operating_income": -8957000,
      "net_income": -12828000,
      "opex": 21010000,
      "cogs": 4389000,
      "rd": 5932000,
      "sga": 10689000,
      "fcf": -10413000,
      "ocf": -10384000,
      "capex": -29000,
      "gross_margin": 0.635858292541276,
      "op_margin": -0.7431344893387538,
      "fcf_margin": -0.8639342902182029,
      "rev_growth_yoy": 0.08253996766660679,
      "rev_growth_yoy_accel": -0.1537453721573962,
      "fcf_margin_change": -0.48849888207039127
    },
    {
      "date": "2024-06-30T00:00:00",
      "quarter_label": "2024-06 (Q2)",
      "revenue": 20099000,
      "gross_profit": 15573000,
      "operating_income": 55000,
      "net_income": -2745000,
      "opex": 20044000,
      "cogs": 4526000,
      "rd": 4162000,
      "sga": 11356000,
      "fcf": -7041000,
      "ocf": -7006000,
      "capex": -35000,
      "gross_margin": 0.7748146673963879,
      "op_margin": 0.002736454549977611,
      "fcf_margin": -0.3503159361162247,
      "incr_op_margin_yoy": 0.6217556138815982,
      "rev_growth_yoy": 0.5179367117287214,
      "rev_growth_yoy_accel": 0.4353967440621146,
      "op_leverage_ratio": Infinity,
      "fcf_margin_change": 0.5136183541019782
    },
    {
      "date": "2024-09-30T00:00:00",
      "quarter_label": "2024-09 (Q3)",
      "revenue": 13542000,
      "gross_profit": 9105000,
      "operating_income": -8290000,
      "net_income": -11509000,
      "opex": 21832000,
      "cogs": 4437000,
      "rd": 5269000,
      "sga": 12126000,
      "fcf": -11960000,
      "ocf": -11880000,
      "capex": -80000,
      "gross_margin": 0.6723526805494019,
      "op_margin": -0.612169546595776,
      "fcf_margin": -0.8831782602274405,
      "rev_growth_yoy": 0.04153207198892478,
      "rev_growth_yoy_accel": -0.4764046397397966,
      "fcf_margin_change": -0.5328623241112158
    },
    {
      "date": "2024-12-31T00:00:00",
      "quarter_label": "2024-12 (Q4)",
      "revenue": 11867000,
      "gross_profit": 7347000,
      "operating_income": -13579000,
      "net_income": -17055000,
      "opex": 25446000,
      "cogs": 4520000,
      "rd": 4917000,
      "sga": 16009000,
      "fcf": -6504000,
      "ocf": -6489000,
      "capex": -15000,
      "gross_margin": 0.6191118227016095,
      "op_margin": -1.1442656105165585,
      "fcf_margin": -0.5480744922895424,
      "incr_op_margin_yoy": 7.220313666915609,
      "rev_growth_yoy": -0.10139330607299712,
      "rev_growth_yoy_accel": -0.1429253780619219,
      "fcf_margin_change": 0.3351037679378981
    },
    {
      "date": "2025-03-31T00:00:00",
      "quarter_label": "2025-03 (Q1)",
      "revenue": 8720000,
      "gross_profit": 5068000,
      "operating_income": -19365000,
      "net_income": -22930000,
      "opex": 28085000,
      "cogs": 3652000,
      "rd": 5361000,
      "sga": 19072000,
      "fcf": -23535000,
      "ocf": -23400000,
      "capex": -135000,
      "gross_margin": 0.5811926605504587,
      "op_margin": -2.220756880733945,
      "fcf_margin": -2.698967889908257,
      "incr_op_margin_yoy": 3.122712271227123,
      "rev_growth_yoy": -0.27652866506264,
      "rev_growth_yoy_accel": -0.1751353589896429,
      "fcf_margin_change": -2.150893397618715
    },
    {
      "date": "2025-06-30T00:00:00",
      "quarter_label": "2025-06 (Q2)",
      "revenue": 10003000,
      "gross_profit": 5442000,
      "operating_income": -11368000,
      "net_income": -13548000,
      "opex": 21371000,
      "cogs": 4561000,
      "rd": 4105000,
      "sga": 12705000,
      "fcf": -8021000,
      "ocf": -7914000,
      "capex": -107000,
      "gross_margin": 0.544036788963311,
      "op_margin": -1.1364590622813155,
      "fcf_margin": -0.8018594421673498,
      "incr_op_margin_yoy": 1.1314381933438986,
      "rev_growth_yoy": -0.5023135479377083,
      "rev_growth_yoy_accel": -0.22578488287506832,
      "op_leverage_ratio": Infinity,
      "fcf_margin_change": 1.8971084477409073
    },
    {
      "date": "2025-09-30T00:00:00",
      "quarter_label": "2025-09 (Q3)",
      "revenue": 12807000,
      "gross_profit": 8301000,
      "operating_income": -11479000,
      "net_income": -15446000,
      "opex": 24286000,
      "cogs": 4506000,
      "rd": 4530000,
      "sga": 15250000,
      "fcf": -12884000,
      "ocf": -12649000,
      "capex": -235000,
      "gross_margin": 0.6481611618646053,
      "op_margin": -0.896306707269462,
      "fcf_margin": -1.0060123370032015,
      "rev_growth_yoy": -0.054275587062472305,
      "rev_growth_yoy_accel": 0.448037960875236,
      "op_leverage_ratio": 2.0551050465306377,
      "fcf_margin_change": -0.20415289483585164
    }
  ],
  "signals": [
    {
      "quarter": "2025-09 (Q3)",
      "signal": "OPERATING LEVERAGE",
      "detail": "Rev growth +28.0% vs OpEx growth +13.6% (leverage: 2.1x)",
      "severity": "MEDIUM"
    },
    {
      "quarter": "2025-09 (Q3)",
      "signal": "GROSS MARGIN INFLECTION",
      "detail": "GM: +58.1% -> +54.4% -> +64.8% (reversal +10.4%)",
      "severity": "HIGH"
    },
    {
      "quarter": "2025-09 (Q3)",
      "signal": "YoY REVENUE GROWTH ACCELERATION",
      "detail": "YoY growth: -5.4% vs prior quarter YoY: -50.2% (accel: +44.8%)",
      "severity": "HIGH"
    },
    {
      "quarter": "2025-06 (Q2)",
      "signal": "FCF MARGIN EXPANSION",
      "detail": "FCF margin: -269.9% -> -80.2% (+189.7%)",
      "severity": "MEDIUM"
    },
    {
      "quarter": "2025-06 (Q2)",
      "signal": "YoY REVENUE GROWTH DECELERATION",
      "detail": "YoY growth: -50.2% vs prior quarter YoY: -27.7% (decel: -22.6%)",
      "severity": "WARNING"
    },
    {
      "quarter": "2025-03 (Q1)",
      "signal": "YoY REVENUE GROWTH DECELERATION",
      "detail": "YoY growth: -27.7% vs prior quarter YoY: -10.1% (decel: -17.5%)",
      "severity": "WARNING"
    },
    {
      "quarter": "2024-12 (Q4)",
      "signal": "FCF MARGIN EXPANSION",
      "detail": "FCF margin: -88.3% -> -54.8% (+33.5%)",
      "severity": "MEDIUM"
    },
    {
      "quarter": "2024-12 (Q4)",
      "signal": "YoY REVENUE GROWTH DECELERATION",
      "detail": "YoY growth: -10.1% vs prior quarter YoY: +4.2% (decel: -14.3%)",
      "severity": "WARNING"
    },
    {
      "quarter": "2024-09 (Q3)",
      "signal": "YoY REVENUE GROWTH DECELERATION",
      "detail": "YoY growth: +4.2% vs prior quarter YoY: +51.8% (decel: -47.6%)",
      "severity": "WARNING"
    },
    {
      "quarter": "2024-06 (Q2)",
      "signal": "FCF MARGIN EXPANSION",
      "detail": "FCF margin: -86.4% -> -35.0% (+51.4%)",
      "severity": "MEDIUM"
    },
    {
      "quarter": "2024-06 (Q2)",
      "signal": "GROSS MARGIN INFLECTION",
      "detail": "GM: +64.6% -> +63.6% -> +77.5% (reversal +13.9%)",
      "severity": "HIGH"
    },
    {
      "quarter": "2024-06 (Q2)",
      "signal": "YoY REVENUE GROWTH ACCELERATION",
      "detail": "YoY growth: +51.8% vs prior quarter YoY: +8.3% (accel: +43.5%)",
      "severity": "HIGH"
    },
    {
      "quarter": "2024-06 (Q2)",
      "signal": "OP MARGIN TURNED POSITIVE (YoY)",
      "detail": "Op margin: -31.8% (year-ago) -> +0.3%",
      "severity": "HIGH"
    },
    {
      "quarter": "2024-06 (Q2)",
      "signal": "OP MARGIN TURNED POSITIVE (QoQ)",
      "detail": "Op margin: -74.3% -> +0.3%",
      "severity": "HIGH"
    },
    {
      "quarter": "2024-03 (Q1)",
      "signal": "YoY REVENUE GROWTH DECELERATION",
      "detail": "YoY growth: +8.3% vs prior quarter YoY: +23.6% (decel: -15.4%)",
      "severity": "WARNING"
    },
    {
      "quarter": "2023-12 (Q4)",
      "signal": "YoY REVENUE GROWTH ACCELERATION",
      "detail": "YoY growth: +23.6% vs prior quarter YoY: +13.4% (accel: +10.2%)",
      "severity": "MEDIUM"
    },
    {
      "quarter": "2023-09 (Q3)",
      "signal": "FCF MARGIN EXPANSION",
      "detail": "FCF margin: -66.0% -> -19.2% (+46.7%)",
      "severity": "MEDIUM"
    },
    {
      "quarter": "2023-09 (Q3)",
      "signal": "GROSS MARGIN INFLECTION",
      "detail": "GM: +57.5% -> +50.0% -> +63.1% (reversal +13.1%)",
      "severity": "HIGH"
    },
    {
      "quarter": "2023-09 (Q3)",
      "signal": "YoY REVENUE GROWTH ACCELERATION",
      "detail": "YoY growth: +13.4% vs prior quarter YoY: -0.2% (accel: +13.6%)",
      "severity": "MEDIUM"
    },
    {
      "quarter": "2023-06 (Q2)",
      "signal": "OPERATING LEVERAGE",
      "detail": "Rev growth +18.9% vs OpEx growth +10.9% (leverage: 1.7x)",
      "severity": "MEDIUM"
    },
    {
      "quarter": "2023-06 (Q2)",
      "signal": "YoY REVENUE GROWTH ACCELERATION",
      "detail": "YoY growth: -0.2% vs prior quarter YoY: -9.3% (accel: +9.1%)",
      "severity": "MEDIUM"
    },
    {
      "quarter": "2023-03 (Q1)",
      "signal": "GROSS MARGIN INFLECTION",
      "detail": "GM: +59.7% -> +50.3% -> +57.5% (reversal +7.1%)",
      "severity": "HIGH"
    },
    {
      "quarter": "2023-03 (Q1)",
      "signal": "YoY REVENUE GROWTH DECELERATION",
      "detail": "YoY growth: -9.3% vs prior quarter YoY: -3.6% (decel: -5.7%)",
      "severity": "WARNING"
    },
    {
      "quarter": "2022-12 (Q4)",
      "signal": "FCF MARGIN EXPANSION",
      "detail": "FCF margin: +22.6% -> +78.5% (+55.9%)",
      "severity": "MEDIUM"
    },
    {
      "quarter": "2022-12 (Q4)",
      "signal": "YoY REVENUE GROWTH ACCELERATION",
      "detail": "YoY growth: -3.6% vs prior quarter YoY: -13.7% (accel: +10.2%)",
      "severity": "MEDIUM"
    },
    {
      "quarter": "2022-09 (Q3)",
      "signal": "FCF TURNED POSITIVE",
      "detail": "FCF margin: -54.6% -> +22.6%",
      "severity": "HIGH"
    },
    {
      "quarter": "2022-06 (Q2)",
      "signal": "FCF MARGIN EXPANSION",
      "detail": "FCF margin: -118.9% -> -54.6% (+64.3%)",
      "severity": "MEDIUM"
    },
    {
      "quarter": "2022-06 (Q2)",
      "signal": "YoY REVENUE GROWTH DECELERATION",
      "detail": "YoY growth: -13.6% vs prior quarter YoY: +10.3% (decel: -23.9%)",
      "severity": "WARNING"
    },
    {
      "quarter": "2022-03 (Q1)",
      "signal": "YoY REVENUE GROWTH DECELERATION",
      "detail": "YoY growth: +10.3% vs prior quarter YoY: +55.0% (decel: -44.6%)",
      "severity": "WARNING"
    },
    {
      "quarter": "2021-06 (Q2)",
      "signal": "FCF MARGIN EXPANSION",
      "detail": "FCF margin: -127.7% -> -12.7% (+115.0%)",
      "severity": "MEDIUM"
    },
    {
      "quarter": "2021-06 (Q2)",
      "signal": "OPERATING LEVERAGE",
      "detail": "Rev growth +38.0% vs OpEx growth +11.3% (leverage: 3.4x)",
      "severity": "MEDIUM"
    },
    {
      "quarter": "2021-03 (Q1)",
      "signal": "FCF MARGIN EXPANSION",
      "detail": "FCF margin: -192.3% -> -127.7% (+64.6%)",
      "severity": "MEDIUM"
    }
  ],
  "data_quality": {
    "n_quarters": 20,
    "coverage": {
      "revenue": [
        20,
        20
      ],
      "gross_profit": [
        19,
        20
      ],
      "op_income": [
        20,
        20
      ],
      "fcf": [
        20,
        20
      ]
    },
    "gaps": [],
    "warnings": []
  },
  "market_cap": null,
  "source": "SEC EDGAR",
  "last_updated": "2026-02-02T22:32:37.652523",
  "sector": "Healthcare",
  "industry": "Drug Manufacturers - Specialty & Generic"
}