{
  "ticker": "ARAY",
  "name": "ACCURAY INC",
  "quarters": [
    {
      "date": "2020-12-31T00:00:00",
      "quarter_label": "2020-12 (Q4)",
      "revenue": 97459000,
      "gross_profit": 40831000,
      "operating_income": 8199000,
      "net_income": 4769000,
      "opex": 32632000,
      "cogs": 56628000,
      "rd": 11956000,
      "sga": null,
      "fcf": 18686000,
      "ocf": 19284000,
      "capex": -598000,
      "gross_margin": 0.4189556634071763,
      "op_margin": 0.0841276844621841,
      "fcf_margin": 0.19173190777660348
    },
    {
      "date": "2021-03-31T00:00:00",
      "quarter_label": "2021-03 (Q1)",
      "revenue": 102562000,
      "gross_profit": 39542000,
      "operating_income": 4426000,
      "net_income": -390000,
      "opex": 35116000,
      "cogs": 63020000,
      "rd": 13268000,
      "sga": null,
      "fcf": 15643000,
      "ocf": 15903000,
      "capex": -260000,
      "gross_margin": 0.3855424036192742,
      "op_margin": 0.04315438466488563,
      "fcf_margin": 0.15252237670872254,
      "op_leverage_ratio": 0.687853130658734,
      "fcf_margin_change": -0.03920953106788094
    },
    {
      "date": "2021-06-30T00:00:00",
      "quarter_label": "2021-06 (Q2)",
      "revenue": 110936000,
      "gross_profit": 43731000,
      "operating_income": 4142000,
      "net_income": -11092000,
      "opex": 39589000,
      "cogs": 67205000,
      "rd": 15357000,
      "sga": null,
      "fcf": 5302000,
      "ocf": 6195000,
      "capex": -893000,
      "gross_margin": 0.394200259609144,
      "op_margin": 0.03733684286435422,
      "fcf_margin": 0.04779332227590683,
      "op_leverage_ratio": 0.6409920122343058,
      "fcf_margin_change": -0.10472905443281572
    },
    {
      "date": "2021-09-30T00:00:00",
      "quarter_label": "2021-09 (Q3)",
      "revenue": 107442000,
      "gross_profit": 39524000,
      "operating_income": 2411000,
      "net_income": -1028000,
      "opex": 37113000,
      "cogs": 67918000,
      "rd": 14382000,
      "sga": null,
      "fcf": -10056000,
      "ocf": -8600000,
      "capex": -1456000,
      "gross_margin": 0.3678635915191452,
      "op_margin": 0.022440014147167776,
      "fcf_margin": -0.09359468364326799,
      "fcf_margin_change": -0.14138800591917483
    },
    {
      "date": "2021-12-31T00:00:00",
      "quarter_label": "2021-12 (Q4)",
      "revenue": 116275000,
      "gross_profit": 42627000,
      "operating_income": 3981000,
      "net_income": 179000,
      "opex": 38646000,
      "cogs": 73648000,
      "rd": 14697000,
      "sga": null,
      "fcf": 31808000,
      "ocf": 32611000,
      "capex": -803000,
      "gross_margin": 0.36660503117609117,
      "op_margin": 0.034237798322941305,
      "fcf_margin": 0.273558374543109,
      "incr_op_margin_yoy": -0.22417091836734693,
      "rev_growth_yoy": 0.1930658020295714,
      "op_leverage_ratio": 1.9902977553337748,
      "fcf_margin_change": 0.367153058186377
    },
    {
      "date": "2022-03-31T00:00:00",
      "quarter_label": "2022-03 (Q1)",
      "revenue": 96169000,
      "gross_profit": 34784000,
      "operating_income": -292000,
      "net_income": -1046000,
      "opex": 35076000,
      "cogs": 61385000,
      "rd": 14104000,
      "sga": null,
      "fcf": -22829000,
      "ocf": -21767000,
      "capex": -1062000,
      "gross_margin": 0.36169659661637327,
      "op_margin": -0.003036321475735424,
      "fcf_margin": -0.2373841882519315,
      "incr_op_margin_yoy": 0.7379946816830909,
      "rev_growth_yoy": -0.06233302782707045,
      "rev_growth_yoy_accel": -0.25539882985664186,
      "fcf_margin_change": -0.5109425627950405
    },
    {
      "date": "2022-06-30T00:00:00",
      "quarter_label": "2022-06 (Q2)",
      "revenue": 110023000,
      "gross_profit": 43020000,
      "operating_income": 2048000,
      "net_income": -3452000,
      "opex": 40972000,
      "cogs": 67003000,
      "rd": 14569000,
      "sga": null,
      "fcf": -6040000,
      "ocf": -4644000,
      "capex": -1396000,
      "gross_margin": 0.3910091526317225,
      "op_margin": 0.018614289739418123,
      "fcf_margin": -0.054897612317424536,
      "rev_growth_yoy": -0.008229970433403044,
      "rev_growth_yoy_accel": 0.05410305739366741,
      "op_leverage_ratio": 0.8570233797910574,
      "fcf_margin_change": 0.18248657593450696
    },
    {
      "date": "2022-09-30T00:00:00",
      "quarter_label": "2022-09 (Q3)",
      "revenue": 96493000,
      "gross_profit": 34597000,
      "operating_income": -2182000,
      "net_income": -5449000,
      "opex": 36779000,
      "cogs": 61896000,
      "rd": 14092000,
      "sga": null,
      "fcf": -1226000,
      "ocf": 46000,
      "capex": -1272000,
      "gross_margin": 0.3585441430984631,
      "op_margin": -0.02261303928782399,
      "fcf_margin": -0.012705584861078006,
      "incr_op_margin_yoy": 0.41949036441684173,
      "rev_growth_yoy": -0.10190614471063457,
      "rev_growth_yoy_accel": -0.09367617427723153,
      "fcf_margin_change": 0.04219202745634653
    },
    {
      "date": "2022-12-31T00:00:00",
      "quarter_label": "2022-12 (Q4)",
      "revenue": 114760000,
      "gross_profit": 42967000,
      "operating_income": 2705000,
      "net_income": -1874000,
      "opex": 40262000,
      "cogs": 71793000,
      "rd": 14641000,
      "sga": null,
      "fcf": -19515000,
      "ocf": -18014000,
      "capex": -1501000,
      "gross_margin": 0.3744074590449634,
      "op_margin": 0.02357093063785291,
      "fcf_margin": -0.1700505402579296,
      "incr_op_margin_yoy": 0.8422442244224423,
      "rev_growth_yoy": -0.013029456030961084,
      "rev_growth_yoy_accel": 0.08887668867967348,
      "op_leverage_ratio": 1.9990233277778655,
      "fcf_margin_change": -0.1573449553968516
    },
    {
      "date": "2023-03-31T00:00:00",
      "quarter_label": "2023-03 (Q1)",
      "revenue": 118060000,
      "gross_profit": 38718000,
      "operating_income": 2316000,
      "net_income": 599000,
      "opex": 36402000,
      "cogs": 79342000,
      "rd": 14209000,
      "sga": null,
      "fcf": 22820000,
      "ocf": 24626000,
      "capex": -1806000,
      "gross_margin": 0.32795188887006604,
      "op_margin": 0.01961714382517364,
      "fcf_margin": 0.19329154667118414,
      "incr_op_margin_yoy": 0.11913571787492577,
      "rev_growth_yoy": 0.22763052542919235,
      "rev_growth_yoy_accel": 0.24065998146015344,
      "op_leverage_ratio": Infinity,
      "fcf_margin_change": 0.36334208692911374
    },
    {
      "date": "2023-06-30T00:00:00",
      "quarter_label": "2023-06 (Q2)",
      "revenue": 118292000,
      "gross_profit": 37678000,
      "operating_income": -457000,
      "net_income": -2556000,
      "opex": 38135000,
      "cogs": 80614000,
      "rd": 14187000,
      "sga": null,
      "fcf": 846000,
      "ocf": 8881000,
      "capex": -8035000,
      "gross_margin": 0.31851689040679,
      "op_margin": -0.003863321272782606,
      "fcf_margin": 0.007151793866026443,
      "incr_op_margin_yoy": -0.3029386866610231,
      "rev_growth_yoy": 0.07515701262463304,
      "rev_growth_yoy_accel": -0.1524735128045593,
      "fcf_margin_change": -0.1861397528051577
    },
    {
      "date": "2023-09-30T00:00:00",
      "quarter_label": "2023-09 (Q3)",
      "revenue": 103892000,
      "gross_profit": 39493000,
      "operating_income": 2213000,
      "net_income": -2969000,
      "opex": 37280000,
      "cogs": 64399000,
      "rd": 14013000,
      "sga": null,
      "fcf": -9683000,
      "ocf": -8591000,
      "capex": -1092000,
      "gross_margin": 0.38013514033804335,
      "op_margin": 0.021300966388172332,
      "fcf_margin": -0.09320255650098179,
      "incr_op_margin_yoy": 0.5939991890796054,
      "rev_growth_yoy": 0.07667913734675054,
      "rev_growth_yoy_accel": 0.0015221247221175044,
      "fcf_margin_change": -0.10035435036700824
    },
    {
      "date": "2023-12-31T00:00:00",
      "quarter_label": "2023-12 (Q4)",
      "revenue": 107238000,
      "gross_profit": 35902000,
      "operating_income": -3964000,
      "net_income": -9621000,
      "opex": 39866000,
      "cogs": 71336000,
      "rd": 15281000,
      "sga": null,
      "fcf": -6342000,
      "ocf": -5093000,
      "capex": -1249000,
      "gross_margin": 0.33478804155243475,
      "op_margin": -0.036964508849475,
      "fcf_margin": -0.05913948413808538,
      "incr_op_margin_yoy": 0.8865993086944961,
      "rev_growth_yoy": -0.06554548623213663,
      "rev_growth_yoy_accel": -0.14222462357888715,
      "op_leverage_ratio": 0.46429201316174346,
      "fcf_margin_change": 0.03406307236289641
    },
    {
      "date": "2024-03-31T00:00:00",
      "quarter_label": "2024-03 (Q1)",
      "revenue": 101132000,
      "gross_profit": 29074000,
      "operating_income": -4562000,
      "net_income": -6342000,
      "opex": 33636000,
      "cogs": 72058000,
      "rd": 10909000,
      "sga": null,
      "fcf": -8897000,
      "ocf": -8102000,
      "capex": -795000,
      "gross_margin": 0.28748566230273304,
      "op_margin": -0.04510936202191196,
      "fcf_margin": -0.08797413281651703,
      "incr_op_margin_yoy": 0.40630907372400754,
      "rev_growth_yoy": -0.14338471963408436,
      "rev_growth_yoy_accel": -0.07783923340194773,
      "fcf_margin_change": -0.02883464867843165
    },
    {
      "date": "2024-06-30T00:00:00",
      "quarter_label": "2024-06 (Q2)",
      "revenue": 134289000,
      "gross_profit": 38452000,
      "operating_income": 6817000,
      "net_income": 3387000,
      "opex": 31635000,
      "cogs": 95837000,
      "rd": 9529000,
      "sga": null,
      "fcf": 9417000,
      "ocf": 9882000,
      "capex": -465000,
      "gross_margin": 0.2863376747164697,
      "op_margin": 0.05076365152767539,
      "fcf_margin": 0.07012487992315082,
      "incr_op_margin_yoy": 0.4547102581734075,
      "rev_growth_yoy": 0.1352331518614953,
      "rev_growth_yoy_accel": 0.27861787149557965,
      "op_leverage_ratio": Infinity,
      "fcf_margin_change": 0.15809901273966787
    },
    {
      "date": "2024-09-30T00:00:00",
      "quarter_label": "2024-09 (Q3)",
      "revenue": 101545000,
      "gross_profit": 34469000,
      "operating_income": -2149000,
      "net_income": -3954000,
      "opex": 36618000,
      "cogs": 67076000,
      "rd": 12116000,
      "sga": null,
      "fcf": -8414000,
      "ocf": -7294000,
      "capex": -1120000,
      "gross_margin": 0.33944556600521936,
      "op_margin": -0.021163031168447487,
      "fcf_margin": -0.08285981584519178,
      "incr_op_margin_yoy": 1.8585428206220707,
      "rev_growth_yoy": -0.022590767335309746,
      "rev_growth_yoy_accel": -0.15782391919680502,
      "fcf_margin_change": -0.15298469576834262
    },
    {
      "date": "2024-12-31T00:00:00",
      "quarter_label": "2024-12 (Q4)",
      "revenue": 116174000,
      "gross_profit": 41892000,
      "operating_income": 4707000,
      "net_income": 2537000,
      "opex": 37185000,
      "cogs": 74282000,
      "rd": 13644000,
      "sga": null,
      "fcf": 927000,
      "ocf": 1801000,
      "capex": -874000,
      "gross_margin": 0.3605970354812609,
      "op_margin": 0.040516810990410934,
      "fcf_margin": 0.00797941019505225,
      "incr_op_margin_yoy": 0.9703446732318711,
      "rev_growth_yoy": 0.08332867080699007,
      "rev_growth_yoy_accel": 0.10591943814229982,
      "op_leverage_ratio": 9.303956204680022,
      "fcf_margin_change": 0.09083922604024403
    },
    {
      "date": "2025-03-31T00:00:00",
      "quarter_label": "2025-03 (Q1)",
      "revenue": 113243000,
      "gross_profit": 31627000,
      "operating_income": 1047000,
      "net_income": -1297000,
      "opex": 30580000,
      "cogs": 81616000,
      "rd": 10712000,
      "sga": null,
      "fcf": 17103000,
      "ocf": 18061000,
      "capex": -958000,
      "gross_margin": 0.2792843707778847,
      "op_margin": 0.00924560458483085,
      "fcf_margin": 0.15102920268802486,
      "incr_op_margin_yoy": 0.46313268929072743,
      "rev_growth_yoy": 0.11975438041371672,
      "rev_growth_yoy_accel": 0.036425709606726656,
      "fcf_margin_change": 0.14304979249297262
    },
    {
      "date": "2025-06-30T00:00:00",
      "quarter_label": "2025-06 (Q2)",
      "revenue": 127543000,
      "gross_profit": 38979000,
      "operating_income": 4234000,
      "net_income": 1123000,
      "opex": 34745000,
      "cogs": 88564000,
      "rd": 11470000,
      "sga": null,
      "fcf": -11028000,
      "ocf": -9708000,
      "capex": -1320000,
      "gross_margin": 0.30561457704460454,
      "op_margin": 0.03319664740518884,
      "fcf_margin": -0.0864649569164909,
      "incr_op_margin_yoy": 0.38289356655796025,
      "rev_growth_yoy": -0.05023494105995279,
      "rev_growth_yoy_accel": -0.16998932147366952,
      "op_leverage_ratio": 0.9271439031358152,
      "fcf_margin_change": -0.23749415960451575
    },
    {
      "date": "2025-09-30T00:00:00",
      "quarter_label": "2025-09 (Q3)",
      "revenue": 93942000,
      "gross_profit": 26548000,
      "operating_income": -11313000,
      "net_income": -21678000,
      "opex": 37861000,
      "cogs": 67394000,
      "rd": 11369000,
      "sga": null,
      "fcf": 10276000,
      "ocf": 12180000,
      "capex": -1904000,
      "gross_margin": 0.28259990206723296,
      "op_margin": -0.12042536884460625,
      "fcf_margin": 0.10938664282216687,
      "incr_op_margin_yoy": 1.2053136919636986,
      "rev_growth_yoy": -0.07487320892215274,
      "rev_growth_yoy_accel": -0.02463826786219995,
      "fcf_margin_change": 0.1958515997386578
    }
  ],
  "signals": [
    {
      "quarter": "2025-09 (Q3)",
      "signal": "FCF TURNED POSITIVE",
      "detail": "FCF margin: -8.6% -> +10.9%",
      "severity": "HIGH"
    },
    {
      "quarter": "2025-06 (Q2)",
      "signal": "GROSS MARGIN INFLECTION",
      "detail": "GM: +36.1% -> +27.9% -> +30.6% (reversal +2.6%)",
      "severity": "MEDIUM"
    },
    {
      "quarter": "2025-06 (Q2)",
      "signal": "YoY REVENUE GROWTH DECELERATION",
      "detail": "YoY growth: -5.0% vs prior quarter YoY: +12.0% (decel: -17.0%)",
      "severity": "WARNING"
    },
    {
      "quarter": "2025-06 (Q2)",
      "signal": "INCREMENTAL MARGIN (YoY)",
      "detail": "YoY Incr OPM: +38.3% vs year-ago OPM: +5.1%",
      "severity": "HIGH"
    },
    {
      "quarter": "2025-03 (Q1)",
      "signal": "FCF MARGIN EXPANSION",
      "detail": "FCF margin: +0.8% -> +15.1% (+14.3%)",
      "severity": "MEDIUM"
    },
    {
      "quarter": "2025-03 (Q1)",
      "signal": "OP MARGIN TURNED POSITIVE (YoY)",
      "detail": "Op margin: -4.5% (year-ago) -> +0.9%",
      "severity": "HIGH"
    },
    {
      "quarter": "2024-12 (Q4)",
      "signal": "FCF TURNED POSITIVE",
      "detail": "FCF margin: -8.3% -> +0.8%",
      "severity": "HIGH"
    },
    {
      "quarter": "2024-12 (Q4)",
      "signal": "OPERATING LEVERAGE",
      "detail": "Rev growth +14.4% vs OpEx growth +1.5% (leverage: 9.3x)",
      "severity": "MEDIUM"
    },
    {
      "quarter": "2024-12 (Q4)",
      "signal": "YoY REVENUE GROWTH ACCELERATION",
      "detail": "YoY growth: +8.3% vs prior quarter YoY: -2.3% (accel: +10.6%)",
      "severity": "MEDIUM"
    },
    {
      "quarter": "2024-12 (Q4)",
      "signal": "OP MARGIN TURNED POSITIVE (YoY)",
      "detail": "Op margin: -3.7% (year-ago) -> +4.1%",
      "severity": "HIGH"
    },
    {
      "quarter": "2024-12 (Q4)",
      "signal": "OP MARGIN TURNED POSITIVE (QoQ)",
      "detail": "Op margin: -2.1% -> +4.1%",
      "severity": "HIGH"
    },
    {
      "quarter": "2024-09 (Q3)",
      "signal": "GROSS MARGIN INFLECTION",
      "detail": "GM: +28.7% -> +28.6% -> +33.9% (reversal +5.3%)",
      "severity": "HIGH"
    },
    {
      "quarter": "2024-09 (Q3)",
      "signal": "YoY REVENUE GROWTH DECELERATION",
      "detail": "YoY growth: -2.3% vs prior quarter YoY: +13.5% (decel: -15.8%)",
      "severity": "WARNING"
    },
    {
      "quarter": "2024-06 (Q2)",
      "signal": "FCF TURNED POSITIVE",
      "detail": "FCF margin: -8.8% -> +7.0%",
      "severity": "HIGH"
    },
    {
      "quarter": "2024-06 (Q2)",
      "signal": "YoY REVENUE GROWTH ACCELERATION",
      "detail": "YoY growth: +13.5% vs prior quarter YoY: -14.3% (accel: +27.9%)",
      "severity": "HIGH"
    },
    {
      "quarter": "2024-06 (Q2)",
      "signal": "OP MARGIN TURNED POSITIVE (YoY)",
      "detail": "Op margin: -0.4% (year-ago) -> +5.1%",
      "severity": "HIGH"
    },
    {
      "quarter": "2024-06 (Q2)",
      "signal": "OP MARGIN TURNED POSITIVE (QoQ)",
      "detail": "Op margin: -4.5% -> +5.1%",
      "severity": "HIGH"
    },
    {
      "quarter": "2024-03 (Q1)",
      "signal": "YoY REVENUE GROWTH DECELERATION",
      "detail": "YoY growth: -14.3% vs prior quarter YoY: -6.6% (decel: -7.8%)",
      "severity": "WARNING"
    },
    {
      "quarter": "2023-12 (Q4)",
      "signal": "YoY REVENUE GROWTH DECELERATION",
      "detail": "YoY growth: -6.6% vs prior quarter YoY: +7.7% (decel: -14.2%)",
      "severity": "WARNING"
    },
    {
      "quarter": "2023-09 (Q3)",
      "signal": "GROSS MARGIN INFLECTION",
      "detail": "GM: +32.8% -> +31.9% -> +38.0% (reversal +6.2%)",
      "severity": "HIGH"
    },
    {
      "quarter": "2023-09 (Q3)",
      "signal": "OP MARGIN TURNED POSITIVE (YoY)",
      "detail": "Op margin: -2.3% (year-ago) -> +2.1%",
      "severity": "HIGH"
    },
    {
      "quarter": "2023-09 (Q3)",
      "signal": "OP MARGIN TURNED POSITIVE (QoQ)",
      "detail": "Op margin: -0.4% -> +2.1%",
      "severity": "HIGH"
    },
    {
      "quarter": "2023-06 (Q2)",
      "signal": "YoY REVENUE GROWTH DECELERATION",
      "detail": "YoY growth: +7.5% vs prior quarter YoY: +22.8% (decel: -15.2%)",
      "severity": "WARNING"
    },
    {
      "quarter": "2023-03 (Q1)",
      "signal": "FCF TURNED POSITIVE",
      "detail": "FCF margin: -17.0% -> +19.3%",
      "severity": "HIGH"
    },
    {
      "quarter": "2023-03 (Q1)",
      "signal": "YoY REVENUE GROWTH ACCELERATION",
      "detail": "YoY growth: +22.8% vs prior quarter YoY: -1.3% (accel: +24.1%)",
      "severity": "HIGH"
    },
    {
      "quarter": "2023-03 (Q1)",
      "signal": "OP MARGIN TURNED POSITIVE (YoY)",
      "detail": "Op margin: -0.3% (year-ago) -> +2.0%",
      "severity": "HIGH"
    },
    {
      "quarter": "2022-12 (Q4)",
      "signal": "OPERATING LEVERAGE",
      "detail": "Rev growth +18.9% vs OpEx growth +9.5% (leverage: 2.0x)",
      "severity": "MEDIUM"
    },
    {
      "quarter": "2022-12 (Q4)",
      "signal": "YoY REVENUE GROWTH ACCELERATION",
      "detail": "YoY growth: -1.3% vs prior quarter YoY: -10.2% (accel: +8.9%)",
      "severity": "MEDIUM"
    },
    {
      "quarter": "2022-12 (Q4)",
      "signal": "INCREMENTAL MARGIN (YoY)",
      "detail": "YoY Incr OPM: +84.2% vs year-ago OPM: +3.4%",
      "severity": "HIGH"
    },
    {
      "quarter": "2022-12 (Q4)",
      "signal": "OP MARGIN TURNED POSITIVE (QoQ)",
      "detail": "Op margin: -2.3% -> +2.4%",
      "severity": "HIGH"
    },
    {
      "quarter": "2022-09 (Q3)",
      "signal": "YoY REVENUE GROWTH DECELERATION",
      "detail": "YoY growth: -10.2% vs prior quarter YoY: -0.8% (decel: -9.4%)",
      "severity": "WARNING"
    },
    {
      "quarter": "2022-06 (Q2)",
      "signal": "FCF MARGIN EXPANSION",
      "detail": "FCF margin: -23.7% -> -5.5% (+18.2%)",
      "severity": "MEDIUM"
    },
    {
      "quarter": "2022-06 (Q2)",
      "signal": "GROSS MARGIN INFLECTION",
      "detail": "GM: +36.7% -> +36.2% -> +39.1% (reversal +2.9%)",
      "severity": "MEDIUM"
    },
    {
      "quarter": "2022-06 (Q2)",
      "signal": "YoY REVENUE GROWTH ACCELERATION",
      "detail": "YoY growth: -0.8% vs prior quarter YoY: -6.2% (accel: +5.4%)",
      "severity": "MEDIUM"
    },
    {
      "quarter": "2022-06 (Q2)",
      "signal": "OP MARGIN TURNED POSITIVE (QoQ)",
      "detail": "Op margin: -0.3% -> +1.9%",
      "severity": "HIGH"
    },
    {
      "quarter": "2022-03 (Q1)",
      "signal": "YoY REVENUE GROWTH DECELERATION",
      "detail": "YoY growth: -6.2% vs prior quarter YoY: +19.3% (decel: -25.5%)",
      "severity": "WARNING"
    },
    {
      "quarter": "2021-12 (Q4)",
      "signal": "FCF TURNED POSITIVE",
      "detail": "FCF margin: -9.4% -> +27.4%",
      "severity": "HIGH"
    },
    {
      "quarter": "2021-12 (Q4)",
      "signal": "OPERATING LEVERAGE",
      "detail": "Rev growth +8.2% vs OpEx growth +4.1% (leverage: 2.0x)",
      "severity": "MEDIUM"
    }
  ],
  "data_quality": {
    "n_quarters": 20,
    "coverage": {
      "revenue": [
        20,
        20
      ],
      "gross_profit": [
        20,
        20
      ],
      "op_income": [
        20,
        20
      ],
      "fcf": [
        20,
        20
      ]
    },
    "gaps": [],
    "warnings": []
  },
  "market_cap": null,
  "source": "SEC EDGAR",
  "last_updated": "2026-02-02T23:23:43.563850"
}