{
  "ticker": "ARDX",
  "name": "ARDELYX, INC.",
  "sector": "Healthcare",
  "industry": "Biotechnology",
  "quarters": [
    {
      "date": "2021-03-31T00:00:00",
      "quarter_label": "2021-03 (Q1)",
      "revenue": 6582000,
      "gross_profit": 5582000,
      "operating_income": -32005000,
      "net_income": -33155000,
      "opex": 38587000,
      "cogs": 1000000,
      "rd": 20456000,
      "sga": 17131000,
      "fcf": -44995000,
      "ocf": -44217000,
      "capex": -778000,
      "gross_margin": 0.8480704952901853,
      "op_margin": -4.862503798237618,
      "fcf_margin": -6.83606806441811
    },
    {
      "date": "2021-06-30T00:00:00",
      "quarter_label": "2021-06 (Q2)",
      "revenue": 1313000,
      "gross_profit": 1313000,
      "operating_income": -44832000,
      "net_income": -45189000,
      "opex": 46145000,
      "cogs": 0,
      "rd": 26021000,
      "sga": 20124000,
      "fcf": -35015000,
      "ocf": -34276000,
      "capex": -739000,
      "gross_margin": 1.0,
      "op_margin": -34.14470677837014,
      "fcf_margin": -26.667936024371667,
      "fcf_margin_change": -19.831867959953556
    },
    {
      "date": "2021-09-30T00:00:00",
      "quarter_label": "2021-09 (Q3)",
      "revenue": 1173000,
      "gross_profit": 1173000,
      "operating_income": -42236000,
      "net_income": -43587000,
      "opex": 43409000,
      "cogs": 0,
      "rd": 23695000,
      "sga": 19714000,
      "fcf": -35034000,
      "ocf": -34589000,
      "capex": -445000,
      "gross_margin": 1.0,
      "op_margin": -36.00682011935209,
      "fcf_margin": -29.867007672634273,
      "fcf_margin_change": -3.1990716482626063
    },
    {
      "date": "2021-12-31T00:00:00",
      "quarter_label": "2021-12 (Q4)",
      "revenue": 1029000,
      "gross_profit": 1029000,
      "operating_income": -35273000,
      "net_income": -36234000,
      "opex": 36302000,
      "cogs": 0,
      "rd": 20968000,
      "sga": 15334000,
      "fcf": -39374000,
      "ocf": -39469000,
      "capex": 95000,
      "gross_margin": 1.0,
      "op_margin": -34.27891156462585,
      "fcf_margin": -38.26433430515063,
      "fcf_margin_change": -8.39732663251636
    },
    {
      "date": "2022-03-31T00:00:00",
      "quarter_label": "2022-03 (Q1)",
      "revenue": 468000,
      "gross_profit": 383000,
      "operating_income": -27807000,
      "net_income": -28071000,
      "opex": 28275000,
      "cogs": 85000,
      "rd": 8851000,
      "sga": 19339000,
      "fcf": -27620000,
      "ocf": -27620000,
      "capex": null,
      "gross_margin": 0.8183760683760684,
      "op_margin": -59.416666666666664,
      "fcf_margin": -59.01709401709402,
      "incr_op_margin_yoy": -0.6866208701341184,
      "rev_growth_yoy": -0.9288969917958068,
      "fcf_margin_change": -20.752759711943384
    },
    {
      "date": "2022-06-30T00:00:00",
      "quarter_label": "2022-06 (Q2)",
      "revenue": 2526000,
      "gross_profit": 2388000,
      "operating_income": -26215000,
      "net_income": -26938000,
      "opex": 28741000,
      "cogs": 138000,
      "rd": 9741000,
      "sga": 18862000,
      "fcf": -31281000,
      "ocf": -31281000,
      "capex": null,
      "gross_margin": 0.9453681710213777,
      "op_margin": -10.378068091844813,
      "fcf_margin": -12.383610451306414,
      "incr_op_margin_yoy": 15.347897774113768,
      "rev_growth_yoy": 0.9238385376999239,
      "rev_growth_yoy_accel": 1.8527355294957306,
      "op_leverage_ratio": 266.81866952789704,
      "fcf_margin_change": 46.6334835657876
    },
    {
      "date": "2022-09-30T00:00:00",
      "quarter_label": "2022-09 (Q3)",
      "revenue": 4986000,
      "gross_profit": 4254000,
      "operating_income": -21880000,
      "net_income": -22893000,
      "opex": 26866000,
      "cogs": 732000,
      "rd": 7467000,
      "sga": 18667000,
      "fcf": -25427000,
      "ocf": -25427000,
      "capex": null,
      "gross_margin": 0.8531889290012034,
      "op_margin": -4.3882872041716805,
      "fcf_margin": -5.099679101484155,
      "incr_op_margin_yoy": 5.338578547075794,
      "rev_growth_yoy": 3.2506393861892584,
      "rev_growth_yoy_accel": 2.3268008484893343,
      "op_leverage_ratio": null,
      "fcf_margin_change": 7.283931349822258
    },
    {
      "date": "2022-12-31T00:00:00",
      "quarter_label": "2022-12 (Q4)",
      "revenue": 44178000,
      "gross_profit": 41016000,
      "operating_income": 12143000,
      "net_income": 10695000,
      "opex": 32035000,
      "cogs": 3162000,
      "rd": 9142000,
      "sga": 19731000,
      "fcf": 14229000,
      "ocf": 14284000,
      "capex": -55000,
      "gross_margin": 0.9284259133505365,
      "op_margin": 0.27486531757888544,
      "fcf_margin": 0.3220833899225859,
      "incr_op_margin_yoy": 1.0988898931609075,
      "rev_growth_yoy": 41.932944606414,
      "rev_growth_yoy_accel": 38.68230522022474,
      "op_leverage_ratio": 40.85466281793316,
      "fcf_margin_change": 5.421762491406741
    },
    {
      "date": "2023-03-31T00:00:00",
      "quarter_label": "2023-03 (Q1)",
      "revenue": 11369000,
      "gross_profit": 9832000,
      "operating_income": -26064000,
      "net_income": -26773000,
      "opex": 37433000,
      "cogs": 1537000,
      "rd": 9093000,
      "sga": 26803000,
      "fcf": -44809000,
      "ocf": -44795000,
      "capex": -14000,
      "gross_margin": 0.8648078107133433,
      "op_margin": -2.2925499164394405,
      "fcf_margin": -3.9413316914416394,
      "incr_op_margin_yoy": 0.15989358774424364,
      "rev_growth_yoy": 23.292735042735043,
      "rev_growth_yoy_accel": -18.640209563678955,
      "fcf_margin_change": -4.263415081364226
    },
    {
      "date": "2023-06-30T00:00:00",
      "quarter_label": "2023-06 (Q2)",
      "revenue": 22333000,
      "gross_profit": 18844000,
      "operating_income": -16624000,
      "net_income": -17121000,
      "opex": 35468000,
      "cogs": 3489000,
      "rd": 8282000,
      "sga": 27186000,
      "fcf": -14830000,
      "ocf": -14737000,
      "capex": -93000,
      "gross_margin": 0.8437737876684727,
      "op_margin": -0.7443693189450589,
      "fcf_margin": -0.6640397617874894,
      "incr_op_margin_yoy": 0.4842227495329934,
      "rev_growth_yoy": 7.841250989707047,
      "rev_growth_yoy_accel": -15.451484053027997,
      "op_leverage_ratio": null,
      "fcf_margin_change": 3.27729192965415
    },
    {
      "date": "2023-09-30T00:00:00",
      "quarter_label": "2023-09 (Q3)",
      "revenue": 56391000,
      "gross_profit": 48699000,
      "operating_income": 7398000,
      "net_income": 6629000,
      "opex": 41301000,
      "cogs": 7692000,
      "rd": 8637000,
      "sga": 32664000,
      "fcf": -21661000,
      "ocf": -21467000,
      "capex": -194000,
      "gross_margin": 0.8635952545618982,
      "op_margin": 0.131191147523541,
      "fcf_margin": -0.38412157968470145,
      "incr_op_margin_yoy": 0.5695554907110203,
      "rev_growth_yoy": 10.309867629362214,
      "rev_growth_yoy_accel": 2.468616639655168,
      "op_leverage_ratio": 9.27292609721304,
      "fcf_margin_change": 0.2799181821027879
    },
    {
      "date": "2023-12-31T00:00:00",
      "quarter_label": "2023-12 (Q4)",
      "revenue": 34363000,
      "gross_profit": 29286000,
      "operating_income": -27986000,
      "net_income": -28802000,
      "opex": 57272000,
      "cogs": 5077000,
      "rd": 9524000,
      "sga": 47748000,
      "fcf": -8761000,
      "ocf": -8718000,
      "capex": -43000,
      "gross_margin": 0.8522538777173122,
      "op_margin": -0.8144224893053575,
      "fcf_margin": -0.2549544568285656,
      "incr_op_margin_yoy": 4.088537952114111,
      "rev_growth_yoy": -0.222169405586491,
      "rev_growth_yoy_accel": -10.532037034948706,
      "fcf_margin_change": 0.12916712285613585
    },
    {
      "date": "2024-03-31T00:00:00",
      "quarter_label": "2024-03 (Q1)",
      "revenue": 46023000,
      "gross_profit": 38895000,
      "operating_income": -24678000,
      "net_income": -26518000,
      "opex": 63573000,
      "cogs": 7128000,
      "rd": 10579000,
      "sga": 52994000,
      "fcf": -35872000,
      "ocf": -35722000,
      "capex": -150000,
      "gross_margin": 0.8451209178019686,
      "op_margin": -0.5362101557916694,
      "fcf_margin": -0.7794363687721356,
      "incr_op_margin_yoy": 0.039995382928377676,
      "rev_growth_yoy": 3.0481132905268713,
      "rev_growth_yoy_accel": 3.2702826961133624,
      "op_leverage_ratio": 3.084184484920541,
      "fcf_margin_change": -0.52448191194357
    },
    {
      "date": "2024-06-30T00:00:00",
      "quarter_label": "2024-06 (Q2)",
      "revenue": 73222000,
      "gross_profit": 63786000,
      "operating_income": -13630000,
      "net_income": -16454000,
      "opex": 77416000,
      "cogs": 9436000,
      "rd": 12762000,
      "sga": 64654000,
      "fcf": -19529000,
      "ocf": -19398000,
      "capex": -131000,
      "gross_margin": 0.8711316271066073,
      "op_margin": -0.1861462402010325,
      "fcf_margin": -0.26670945890579334,
      "incr_op_margin_yoy": 0.05883393267700289,
      "rev_growth_yoy": 2.2786459499395515,
      "rev_growth_yoy_accel": -0.7694673405873198,
      "op_leverage_ratio": 2.714066594717428,
      "fcf_margin_change": 0.5127269098663423
    },
    {
      "date": "2024-09-30T00:00:00",
      "quarter_label": "2024-09 (Q3)",
      "revenue": 98241000,
      "gross_profit": 82513000,
      "operating_income": 2233000,
      "net_income": -809000,
      "opex": 80280000,
      "cogs": 15728000,
      "rd": 15310000,
      "sga": 64970000,
      "fcf": 364000,
      "ocf": 501000,
      "capex": -137000,
      "gross_margin": 0.8399039097729054,
      "op_margin": 0.02272981748964282,
      "fcf_margin": 0.003705174010850867,
      "incr_op_margin_yoy": -0.12341696535244923,
      "rev_growth_yoy": 0.7421397031441187,
      "rev_growth_yoy_accel": -1.5365062467954327,
      "op_leverage_ratio": 9.23604572701461,
      "fcf_margin_change": 0.2704146329166442
    },
    {
      "date": "2024-12-31T00:00:00",
      "quarter_label": "2024-12 (Q4)",
      "revenue": 116129000,
      "gross_profit": 97865000,
      "operating_income": 8125000,
      "net_income": 4645000,
      "opex": 89740000,
      "cogs": 18264000,
      "rd": 13666000,
      "sga": 76074000,
      "fcf": 9217000,
      "ocf": 9810000,
      "capex": -593000,
      "gross_margin": 0.8427266229796175,
      "op_margin": 0.06996529721258256,
      "fcf_margin": 0.07936863315795366,
      "incr_op_margin_yoy": 0.4416383337817675,
      "rev_growth_yoy": 2.379477926839915,
      "rev_growth_yoy_accel": 1.6373382236957963,
      "op_leverage_ratio": 1.5452019199538056,
      "fcf_margin_change": 0.07566345914710279
    },
    {
      "date": "2025-03-31T00:00:00",
      "quarter_label": "2025-03 (Q1)",
      "revenue": 74114000,
      "gross_profit": 61811000,
      "operating_income": -36349000,
      "net_income": -41144000,
      "opex": 98160000,
      "cogs": 12303000,
      "rd": 14938000,
      "sga": 83222000,
      "fcf": -38782000,
      "ocf": -38457000,
      "capex": -325000,
      "gross_margin": 0.8339989745527161,
      "op_margin": -0.49044714898669617,
      "fcf_margin": -0.5232749547993631,
      "incr_op_margin_yoy": -0.41547114734256524,
      "rev_growth_yoy": 0.6103687286791387,
      "rev_growth_yoy_accel": -1.7691091981607765,
      "fcf_margin_change": -0.6026435879573168
    },
    {
      "date": "2025-06-30T00:00:00",
      "quarter_label": "2025-06 (Q2)",
      "revenue": 97662000,
      "gross_profit": 85259000,
      "operating_income": -14395000,
      "net_income": -19079000,
      "opex": 99654000,
      "cogs": 12403000,
      "rd": 15666000,
      "sga": 83988000,
      "fcf": -25992000,
      "ocf": -25342000,
      "capex": -650000,
      "gross_margin": 0.8730007577153858,
      "op_margin": -0.1473961213163769,
      "fcf_margin": -0.26614240953492657,
      "incr_op_margin_yoy": -0.03130114566284779,
      "rev_growth_yoy": 0.33377946518805823,
      "rev_growth_yoy_accel": -0.2765892634910805,
      "op_leverage_ratio": 20.87554037289564,
      "fcf_margin_change": 0.2571325452644366
    },
    {
      "date": "2025-09-30T00:00:00",
      "quarter_label": "2025-09 (Q3)",
      "revenue": 110329000,
      "gross_profit": 106347000,
      "operating_income": 4668000,
      "net_income": -969000,
      "opex": 101679000,
      "cogs": 3982000,
      "rd": 18067000,
      "sga": 83612000,
      "fcf": 209000,
      "ocf": 365000,
      "capex": -156000,
      "gross_margin": 0.9639079480462979,
      "op_margin": 0.042309818814636226,
      "fcf_margin": 0.0018943342185644752,
      "incr_op_margin_yoy": 0.20143944407677036,
      "rev_growth_yoy": 0.12304435011858593,
      "rev_growth_yoy_accel": -0.2107351150694723,
      "op_leverage_ratio": 6.382897415652018,
      "fcf_margin_change": 0.26803674375349107
    },
    {
      "date": "2025-12-31T00:00:00",
      "quarter_label": "2025-12 (Q4)",
      "revenue": 125215000,
      "gross_profit": 114366000,
      "operating_income": 5099000,
      "net_income": -407000,
      "opex": 148804000,
      "cogs": 10849000,
      "rd": 22856000,
      "sga": 86411000,
      "fcf": 20590000,
      "ocf": 20951000,
      "capex": -361000,
      "gross_margin": 0.9133570259154254,
      "op_margin": 0.040721958231841236,
      "fcf_margin": 0.16443716807091802,
      "incr_op_margin_yoy": -0.3330398415144178,
      "rev_growth_yoy": 0.07824057728904925,
      "rev_growth_yoy_accel": -0.04480377282953668,
      "op_leverage_ratio": 0.29111744831283853,
      "fcf_margin_change": 0.16254283385235355
    }
  ],
  "signals": [
    {
      "quarter": "2025-12 (Q4)",
      "signal": "FCF MARGIN EXPANSION",
      "detail": "FCF margin: +0.2% -> +16.4% (+16.3%)",
      "severity": "MEDIUM"
    },
    {
      "quarter": "2025-09 (Q3)",
      "signal": "FCF TURNED POSITIVE",
      "detail": "FCF margin: -26.6% -> +0.2%",
      "severity": "HIGH"
    },
    {
      "quarter": "2025-09 (Q3)",
      "signal": "OPERATING LEVERAGE",
      "detail": "Rev growth +13.0% vs OpEx growth +2.0% (leverage: 6.4x)",
      "severity": "MEDIUM"
    },
    {
      "quarter": "2025-09 (Q3)",
      "signal": "YoY REVENUE GROWTH DECELERATION",
      "detail": "YoY growth: +12.3% vs prior quarter YoY: +33.4% (decel: -21.1%)",
      "severity": "WARNING"
    },
    {
      "quarter": "2025-09 (Q3)",
      "signal": "INCREMENTAL MARGIN (YoY)",
      "detail": "YoY Incr OPM: +20.1% vs year-ago OPM: +2.3%",
      "severity": "MEDIUM"
    },
    {
      "quarter": "2025-09 (Q3)",
      "signal": "OP MARGIN TURNED POSITIVE (QoQ)",
      "detail": "Op margin: -14.7% -> +4.2%",
      "severity": "HIGH"
    },
    {
      "quarter": "2025-06 (Q2)",
      "signal": "FCF MARGIN EXPANSION",
      "detail": "FCF margin: -52.3% -> -26.6% (+25.7%)",
      "severity": "MEDIUM"
    },
    {
      "quarter": "2025-06 (Q2)",
      "signal": "OPERATING LEVERAGE",
      "detail": "Rev growth +31.8% vs OpEx growth +1.5% (leverage: 20.9x)",
      "severity": "MEDIUM"
    },
    {
      "quarter": "2025-06 (Q2)",
      "signal": "GROSS MARGIN INFLECTION",
      "detail": "GM: +84.3% -> +83.4% -> +87.3% (reversal +3.9%)",
      "severity": "MEDIUM"
    },
    {
      "quarter": "2025-06 (Q2)",
      "signal": "YoY REVENUE GROWTH DECELERATION",
      "detail": "YoY growth: +33.4% vs prior quarter YoY: +61.0% (decel: -27.7%)",
      "severity": "WARNING"
    },
    {
      "quarter": "2025-03 (Q1)",
      "signal": "YoY REVENUE GROWTH DECELERATION",
      "detail": "YoY growth: +61.0% vs prior quarter YoY: +237.9% (decel: -176.9%)",
      "severity": "WARNING"
    },
    {
      "quarter": "2024-12 (Q4)",
      "signal": "FCF MARGIN EXPANSION",
      "detail": "FCF margin: +0.4% -> +7.9% (+7.6%)",
      "severity": "MEDIUM"
    },
    {
      "quarter": "2024-12 (Q4)",
      "signal": "OPERATING LEVERAGE",
      "detail": "Rev growth +18.2% vs OpEx growth +11.8% (leverage: 1.5x)",
      "severity": "MEDIUM"
    },
    {
      "quarter": "2024-12 (Q4)",
      "signal": "YoY REVENUE GROWTH ACCELERATION",
      "detail": "YoY growth: +237.9% vs prior quarter YoY: +74.2% (accel: +163.7%)",
      "severity": "HIGH"
    },
    {
      "quarter": "2024-12 (Q4)",
      "signal": "OP MARGIN TURNED POSITIVE (YoY)",
      "detail": "Op margin: -81.4% (year-ago) -> +7.0%",
      "severity": "HIGH"
    },
    {
      "quarter": "2024-09 (Q3)",
      "signal": "FCF TURNED POSITIVE",
      "detail": "FCF margin: -26.7% -> +0.4%",
      "severity": "HIGH"
    },
    {
      "quarter": "2024-09 (Q3)",
      "signal": "OPERATING LEVERAGE",
      "detail": "Rev growth +34.2% vs OpEx growth +3.7% (leverage: 9.2x)",
      "severity": "MEDIUM"
    },
    {
      "quarter": "2024-09 (Q3)",
      "signal": "YoY REVENUE GROWTH DECELERATION",
      "detail": "YoY growth: +74.2% vs prior quarter YoY: +227.9% (decel: -153.7%)",
      "severity": "WARNING"
    },
    {
      "quarter": "2024-09 (Q3)",
      "signal": "OP MARGIN TURNED POSITIVE (QoQ)",
      "detail": "Op margin: -18.6% -> +2.3%",
      "severity": "HIGH"
    },
    {
      "quarter": "2024-06 (Q2)",
      "signal": "FCF MARGIN EXPANSION",
      "detail": "FCF margin: -77.9% -> -26.7% (+51.3%)",
      "severity": "MEDIUM"
    },
    {
      "quarter": "2024-06 (Q2)",
      "signal": "OPERATING LEVERAGE",
      "detail": "Rev growth +59.1% vs OpEx growth +21.8% (leverage: 2.7x)",
      "severity": "MEDIUM"
    },
    {
      "quarter": "2024-06 (Q2)",
      "signal": "GROSS MARGIN INFLECTION",
      "detail": "GM: +85.2% -> +84.5% -> +87.1% (reversal +2.6%)",
      "severity": "MEDIUM"
    },
    {
      "quarter": "2024-06 (Q2)",
      "signal": "YoY REVENUE GROWTH DECELERATION",
      "detail": "YoY growth: +227.9% vs prior quarter YoY: +304.8% (decel: -76.9%)",
      "severity": "WARNING"
    },
    {
      "quarter": "2024-03 (Q1)",
      "signal": "OPERATING LEVERAGE",
      "detail": "Rev growth +33.9% vs OpEx growth +11.0% (leverage: 3.1x)",
      "severity": "MEDIUM"
    },
    {
      "quarter": "2024-03 (Q1)",
      "signal": "YoY REVENUE GROWTH ACCELERATION",
      "detail": "YoY growth: +304.8% vs prior quarter YoY: -22.2% (accel: +327.0%)",
      "severity": "HIGH"
    },
    {
      "quarter": "2023-12 (Q4)",
      "signal": "FCF MARGIN EXPANSION",
      "detail": "FCF margin: -38.4% -> -25.5% (+12.9%)",
      "severity": "MEDIUM"
    },
    {
      "quarter": "2023-12 (Q4)",
      "signal": "YoY REVENUE GROWTH DECELERATION",
      "detail": "YoY growth: -22.2% vs prior quarter YoY: +1031.0% (decel: -1053.2%)",
      "severity": "WARNING"
    },
    {
      "quarter": "2023-09 (Q3)",
      "signal": "FCF MARGIN EXPANSION",
      "detail": "FCF margin: -66.4% -> -38.4% (+28.0%)",
      "severity": "MEDIUM"
    },
    {
      "quarter": "2023-09 (Q3)",
      "signal": "OPERATING LEVERAGE",
      "detail": "Rev growth +152.5% vs OpEx growth +16.4% (leverage: 9.3x)",
      "severity": "MEDIUM"
    },
    {
      "quarter": "2023-09 (Q3)",
      "signal": "YoY REVENUE GROWTH ACCELERATION",
      "detail": "YoY growth: +1031.0% vs prior quarter YoY: +784.1% (accel: +246.9%)",
      "severity": "HIGH"
    },
    {
      "quarter": "2023-09 (Q3)",
      "signal": "OP MARGIN TURNED POSITIVE (YoY)",
      "detail": "Op margin: -438.8% (year-ago) -> +13.1%",
      "severity": "HIGH"
    },
    {
      "quarter": "2023-09 (Q3)",
      "signal": "OP MARGIN TURNED POSITIVE (QoQ)",
      "detail": "Op margin: -74.4% -> +13.1%",
      "severity": "HIGH"
    },
    {
      "quarter": "2023-06 (Q2)",
      "signal": "FCF MARGIN EXPANSION",
      "detail": "FCF margin: -394.1% -> -66.4% (+327.7%)",
      "severity": "MEDIUM"
    },
    {
      "quarter": "2023-06 (Q2)",
      "signal": "YoY REVENUE GROWTH DECELERATION",
      "detail": "YoY growth: +784.1% vs prior quarter YoY: +2329.3% (decel: -1545.1%)",
      "severity": "WARNING"
    },
    {
      "quarter": "2023-03 (Q1)",
      "signal": "YoY REVENUE GROWTH DECELERATION",
      "detail": "YoY growth: +2329.3% vs prior quarter YoY: +4193.3% (decel: -1864.0%)",
      "severity": "WARNING"
    },
    {
      "quarter": "2022-12 (Q4)",
      "signal": "FCF TURNED POSITIVE",
      "detail": "FCF margin: -510.0% -> +32.2%",
      "severity": "HIGH"
    },
    {
      "quarter": "2022-12 (Q4)",
      "signal": "OPERATING LEVERAGE",
      "detail": "Rev growth +786.0% vs OpEx growth +19.2% (leverage: 40.9x)",
      "severity": "MEDIUM"
    },
    {
      "quarter": "2022-12 (Q4)",
      "signal": "GROSS MARGIN INFLECTION",
      "detail": "GM: +94.5% -> +85.3% -> +92.8% (reversal +7.5%)",
      "severity": "HIGH"
    },
    {
      "quarter": "2022-12 (Q4)",
      "signal": "YoY REVENUE GROWTH ACCELERATION",
      "detail": "YoY growth: +4193.3% vs prior quarter YoY: +325.1% (accel: +3868.2%)",
      "severity": "HIGH"
    },
    {
      "quarter": "2022-12 (Q4)",
      "signal": "OP MARGIN TURNED POSITIVE (YoY)",
      "detail": "Op margin: -3427.9% (year-ago) -> +27.5%",
      "severity": "HIGH"
    },
    {
      "quarter": "2022-12 (Q4)",
      "signal": "OP MARGIN TURNED POSITIVE (QoQ)",
      "detail": "Op margin: -438.8% -> +27.5%",
      "severity": "HIGH"
    },
    {
      "quarter": "2022-09 (Q3)",
      "signal": "FCF MARGIN EXPANSION",
      "detail": "FCF margin: -1238.4% -> -510.0% (+728.4%)",
      "severity": "MEDIUM"
    },
    {
      "quarter": "2022-09 (Q3)",
      "signal": "YoY REVENUE GROWTH ACCELERATION",
      "detail": "YoY growth: +325.1% vs prior quarter YoY: +92.4% (accel: +232.7%)",
      "severity": "HIGH"
    },
    {
      "quarter": "2022-06 (Q2)",
      "signal": "FCF MARGIN EXPANSION",
      "detail": "FCF margin: -5901.7% -> -1238.4% (+4663.3%)",
      "severity": "MEDIUM"
    },
    {
      "quarter": "2022-06 (Q2)",
      "signal": "OPERATING LEVERAGE",
      "detail": "Rev growth +439.7% vs OpEx growth +1.6% (leverage: 266.8x)",
      "severity": "MEDIUM"
    },
    {
      "quarter": "2022-06 (Q2)",
      "signal": "GROSS MARGIN INFLECTION",
      "detail": "GM: +100.0% -> +81.8% -> +94.5% (reversal +12.7%)",
      "severity": "HIGH"
    },
    {
      "quarter": "2022-06 (Q2)",
      "signal": "YoY REVENUE GROWTH ACCELERATION",
      "detail": "YoY growth: +92.4% vs prior quarter YoY: -92.9% (accel: +185.3%)",
      "severity": "HIGH"
    }
  ],
  "data_quality": {
    "n_quarters": 20,
    "coverage": {
      "revenue": [
        20,
        20
      ],
      "gross_profit": [
        20,
        20
      ],
      "op_income": [
        20,
        20
      ],
      "fcf": [
        20,
        20
      ]
    },
    "gaps": [],
    "warnings": []
  },
  "market_cap": null,
  "source": "SEC EDGAR",
  "last_updated": "2026-02-24T10:20:23.425782"
}