{
  "ticker": "AREN",
  "name": "THE ARENA GROUP HOLDINGS, INC.",
  "quarters": [
    {
      "date": "2020-12-31T00:00:00",
      "quarter_label": "2020-12 (Q4)",
      "revenue": 42438611,
      "gross_profit": 15697119,
      "operating_income": -15351770,
      "net_income": -22029579,
      "opex": 31048889,
      "cogs": 26741492,
      "rd": null,
      "sga": null,
      "fcf": -12147791,
      "ocf": -12021180,
      "capex": -126611,
      "gross_margin": 0.36987824601516767,
      "op_margin": -0.36174063284022184,
      "fcf_margin": -0.2862438405441686
    },
    {
      "date": "2021-03-31T00:00:00",
      "quarter_label": "2021-03 (Q1)",
      "revenue": 33615481,
      "gross_profit": 5407109,
      "operating_income": -21723664,
      "net_income": -25463305,
      "opex": 27130773,
      "cogs": 28208372,
      "rd": null,
      "sga": null,
      "fcf": -1609000,
      "ocf": -1511000,
      "capex": -98000,
      "gross_margin": 0.16085175160813556,
      "op_margin": -0.6462398678751614,
      "fcf_margin": -0.04786485131657048,
      "fcf_margin_change": 0.23837898922759815
    },
    {
      "date": "2021-06-30T00:00:00",
      "quarter_label": "2021-06 (Q2)",
      "revenue": 34746512,
      "gross_profit": 11150693,
      "operating_income": -23261741,
      "net_income": -20656558,
      "opex": 34412434,
      "cogs": 23595819,
      "rd": null,
      "sga": null,
      "fcf": -8506000,
      "ocf": -8422000,
      "capex": -84000,
      "gross_margin": 0.32091546339960686,
      "op_margin": -0.6694698161357894,
      "fcf_margin": -0.24480155015271748,
      "op_leverage_ratio": 0.1253622822424462,
      "fcf_margin_change": -0.196936698836147
    },
    {
      "date": "2021-09-30T00:00:00",
      "quarter_label": "2021-09 (Q3)",
      "revenue": 59573508,
      "gross_profit": 27399649,
      "operating_income": -22391859,
      "net_income": -24706654,
      "opex": 49791508,
      "cogs": 32173859,
      "rd": null,
      "sga": null,
      "fcf": 1553000,
      "ocf": 1671000,
      "capex": -118000,
      "gross_margin": 0.4599300917448071,
      "op_margin": -0.37586940490393816,
      "fcf_margin": 0.026068634400378102,
      "op_leverage_ratio": 1.5988148163851843,
      "fcf_margin_change": 0.2708701845530956
    },
    {
      "date": "2021-12-31T00:00:00",
      "quarter_label": "2021-12 (Q4)",
      "revenue": 61204833,
      "gross_profit": 34205147,
      "operating_income": -16902514,
      "net_income": -19113136,
      "opex": 51107661,
      "cogs": 26999686,
      "rd": null,
      "sga": null,
      "fcf": -6544000,
      "ocf": -6467000,
      "capex": -77000,
      "gross_margin": 0.5588634969398577,
      "op_margin": -0.27616306052170747,
      "fcf_margin": -0.10691966106663504,
      "incr_op_margin_yoy": -0.08263485319527819,
      "rev_growth_yoy": 0.4421968947098669,
      "op_leverage_ratio": 1.0359438559730627,
      "fcf_margin_change": -0.13298829546701316
    },
    {
      "date": "2022-03-31T00:00:00",
      "quarter_label": "2022-03 (Q1)",
      "revenue": 48243000,
      "gross_profit": 19746000,
      "operating_income": -15443000,
      "net_income": -18449000,
      "opex": 35189000,
      "cogs": 28497000,
      "rd": null,
      "sga": null,
      "fcf": -13382000,
      "ocf": -13311000,
      "capex": -71000,
      "gross_margin": 0.4093029040482557,
      "op_margin": -0.3201086167941463,
      "fcf_margin": -0.27738739298965653,
      "incr_op_margin_yoy": 0.4293731561722805,
      "rev_growth_yoy": 0.4351423381387879,
      "rev_growth_yoy_accel": -0.007054556571079007,
      "fcf_margin_change": -0.1704677319230215
    },
    {
      "date": "2022-06-30T00:00:00",
      "quarter_label": "2022-06 (Q2)",
      "revenue": 17427000,
      "gross_profit": 18346000,
      "operating_income": -21369000,
      "net_income": -22207000,
      "opex": 39715000,
      "cogs": 46729000,
      "rd": null,
      "sga": null,
      "fcf": 5538000,
      "ocf": 5846000,
      "capex": -308000,
      "gross_margin": 1.0527342629253458,
      "op_margin": -1.2262007230160097,
      "fcf_margin": 0.31778275090377,
      "incr_op_margin_yoy": -0.1092837373247006,
      "rev_growth_yoy": -0.49845325481878583,
      "rev_growth_yoy_accel": -0.9335955929575737,
      "fcf_margin_change": 0.5951701438934265
    },
    {
      "date": "2022-09-30T00:00:00",
      "quarter_label": "2022-09 (Q3)",
      "revenue": 66706000,
      "gross_profit": 26202000,
      "operating_income": -12435000,
      "net_income": -16505000,
      "opex": 38637000,
      "cogs": 40504000,
      "rd": null,
      "sga": null,
      "fcf": -7276000,
      "ocf": -7211000,
      "capex": -65000,
      "gross_margin": 0.3927982490330705,
      "op_margin": -0.18641501514106676,
      "fcf_margin": -0.10907564536923216,
      "incr_op_margin_yoy": 1.3959860032089766,
      "rev_growth_yoy": 0.11972590232557734,
      "rev_growth_yoy_accel": 0.6181791571443631,
      "op_leverage_ratio": Infinity,
      "fcf_margin_change": -0.42685839627300215
    },
    {
      "date": "2022-12-31T00:00:00",
      "quarter_label": "2022-12 (Q4)",
      "revenue": -166771000,
      "gross_profit": 23718000,
      "operating_income": -6636000,
      "net_income": -13697000,
      "opex": 30354000,
      "cogs": 17193000,
      "rd": null,
      "sga": null,
      "fcf": 3286000,
      "ocf": 3372000,
      "capex": -86000,
      "gross_margin": -0.14221897092420144,
      "op_margin": 0.039791090777173486,
      "fcf_margin": -0.019703665505393625,
      "incr_op_margin_yoy": -0.04503334351233624,
      "rev_growth_yoy": -3.724801160718795,
      "rev_growth_yoy_accel": -3.844527063044372,
      "fcf_margin_change": 0.08937197986383853
    },
    {
      "date": "2023-03-31T00:00:00",
      "quarter_label": "2023-03 (Q1)",
      "revenue": 51380000,
      "gross_profit": 21345000,
      "operating_income": -14562000,
      "net_income": -19377000,
      "opex": 35907000,
      "cogs": 30035000,
      "rd": null,
      "sga": null,
      "fcf": -1672000,
      "ocf": -1672000,
      "capex": null,
      "gross_margin": 0.4154340210198521,
      "op_margin": -0.2834176722460101,
      "fcf_margin": -0.03254184507590502,
      "incr_op_margin_yoy": 0.2808415683774307,
      "rev_growth_yoy": 0.06502497771697448,
      "rev_growth_yoy_accel": 3.7898261384357697,
      "fcf_margin_change": -0.012838179570511393
    },
    {
      "date": "2023-06-30T00:00:00",
      "quarter_label": "2023-06 (Q2)",
      "revenue": 58806000,
      "gross_profit": 21664000,
      "operating_income": -14296000,
      "net_income": -19484000,
      "opex": 35960000,
      "cogs": 37142000,
      "rd": null,
      "sga": null,
      "fcf": -14728000,
      "ocf": -14728000,
      "capex": null,
      "gross_margin": 0.3683977825391967,
      "op_margin": -0.24310444512464716,
      "fcf_margin": -0.25045063428901815,
      "incr_op_margin_yoy": 0.17093211532419827,
      "rev_growth_yoy": 2.3744190049922533,
      "rev_growth_yoy_accel": 2.3093940272752786,
      "op_leverage_ratio": 97.91835234325082,
      "fcf_margin_change": -0.21790878921311313
    },
    {
      "date": "2023-09-30T00:00:00",
      "quarter_label": "2023-09 (Q3)",
      "revenue": 63418000,
      "gross_profit": 28173000,
      "operating_income": -6852000,
      "net_income": -11166000,
      "opex": 35025000,
      "cogs": 35245000,
      "rd": null,
      "sga": null,
      "fcf": -5865000,
      "ocf": -5865000,
      "capex": null,
      "gross_margin": 0.4442429594121543,
      "op_margin": -0.1080450345327825,
      "fcf_margin": -0.09248162982118642,
      "incr_op_margin_yoy": -1.697992700729927,
      "rev_growth_yoy": -0.04929091835816868,
      "rev_growth_yoy_accel": -2.423709923350422,
      "op_leverage_ratio": Infinity,
      "fcf_margin_change": 0.15796900446783174
    },
    {
      "date": "2023-12-31T00:00:00",
      "quarter_label": "2023-12 (Q4)",
      "revenue": 70599000,
      "gross_profit": 30781000,
      "operating_income": -92000,
      "net_income": -5555000,
      "opex": 30873000,
      "cogs": 39818000,
      "rd": null,
      "sga": null,
      "fcf": -2507000,
      "ocf": -2507000,
      "capex": null,
      "gross_margin": 0.43599767702092096,
      "op_margin": -0.0013031346053060241,
      "fcf_margin": -0.03551041799458916,
      "incr_op_margin_yoy": 0.02756877448708767,
      "op_leverage_ratio": Infinity,
      "fcf_margin_change": 0.056971211826597264
    },
    {
      "date": "2024-03-31T00:00:00",
      "quarter_label": "2024-03 (Q1)",
      "revenue": 28941000,
      "gross_profit": 8933000,
      "operating_income": -7951000,
      "net_income": -103358000,
      "opex": 16884000,
      "cogs": 20008000,
      "rd": null,
      "sga": null,
      "fcf": -1965000,
      "ocf": -1965000,
      "capex": null,
      "gross_margin": 0.3086624511938081,
      "op_margin": -0.27473134998790644,
      "fcf_margin": -0.06789675546802115,
      "incr_op_margin_yoy": -0.29462097241410046,
      "rev_growth_yoy": -0.43672635266640714,
      "fcf_margin_change": -0.032386337473431996
    },
    {
      "date": "2024-06-30T00:00:00",
      "quarter_label": "2024-06 (Q2)",
      "revenue": 27183000,
      "gross_profit": 10718000,
      "operating_income": -2578000,
      "net_income": -8187000,
      "opex": 13296000,
      "cogs": 16465000,
      "rd": null,
      "sga": null,
      "fcf": -3196000,
      "ocf": -3196000,
      "capex": null,
      "gross_margin": 0.394290549240334,
      "op_margin": -0.09483868594342051,
      "fcf_margin": -0.11757348342714197,
      "incr_op_margin_yoy": -0.3705530784555545,
      "rev_growth_yoy": -0.537751249872462,
      "rev_growth_yoy_accel": -0.1010248972060549,
      "fcf_margin_change": -0.049676727959120814
    },
    {
      "date": "2024-09-30T00:00:00",
      "quarter_label": "2024-09 (Q3)",
      "revenue": 33555000,
      "gross_profit": 16993000,
      "operating_income": 8054000,
      "net_income": 3956000,
      "opex": 8939000,
      "cogs": 16562000,
      "rd": null,
      "sga": null,
      "fcf": -2373000,
      "ocf": -2346000,
      "capex": -27000,
      "gross_margin": 0.5064222917597974,
      "op_margin": 0.2400238414543287,
      "fcf_margin": -0.07071971390254805,
      "incr_op_margin_yoy": -0.49914610052573416,
      "rev_growth_yoy": -0.47089154498722763,
      "rev_growth_yoy_accel": 0.0668597048852344,
      "op_leverage_ratio": Infinity,
      "fcf_margin_change": 0.04685376952459391
    },
    {
      "date": "2024-12-31T00:00:00",
      "quarter_label": "2024-12 (Q4)",
      "revenue": -72787000,
      "gross_profit": 19074000,
      "operating_income": 10344000,
      "net_income": 6879000,
      "opex": 8730000,
      "cogs": 17154000,
      "rd": null,
      "sga": null,
      "fcf": -8569000,
      "ocf": -8569000,
      "capex": null,
      "gross_margin": -0.26205228955720117,
      "op_margin": -0.14211328946103013,
      "fcf_margin": 0.11772706664651655,
      "incr_op_margin_yoy": -0.07278255896670525,
      "rev_growth_yoy": -2.030991940395756,
      "rev_growth_yoy_accel": -1.5601003954085284,
      "fcf_margin_change": 0.1884467805490646
    },
    {
      "date": "2025-03-31T00:00:00",
      "quarter_label": "2025-03 (Q1)",
      "revenue": 31815000,
      "gross_profit": 15669000,
      "operating_income": 7362000,
      "net_income": 4020000,
      "opex": 8307000,
      "cogs": 16146000,
      "rd": null,
      "sga": null,
      "fcf": 3662000,
      "ocf": 3662000,
      "capex": null,
      "gross_margin": 0.4925035360678925,
      "op_margin": 0.2314002828854314,
      "fcf_margin": 0.1151029388653151,
      "incr_op_margin_yoy": 5.328114126652749,
      "rev_growth_yoy": 0.09930548357002177,
      "rev_growth_yoy_accel": 2.1302974239657777,
      "fcf_margin_change": -0.0026241277812014546
    },
    {
      "date": "2025-06-30T00:00:00",
      "quarter_label": "2025-06 (Q2)",
      "revenue": 45012000,
      "gross_profit": 25435000,
      "operating_income": 16412000,
      "net_income": 108639000,
      "opex": 9023000,
      "cogs": 19577000,
      "rd": null,
      "sga": null,
      "fcf": 10308000,
      "ocf": 10308000,
      "capex": null,
      "gross_margin": 0.5650715364791611,
      "op_margin": 0.364613880742913,
      "fcf_margin": 0.22900559850706478,
      "incr_op_margin_yoy": 1.0651186269560828,
      "rev_growth_yoy": 0.6558878710959055,
      "rev_growth_yoy_accel": 0.5565823875258837,
      "op_leverage_ratio": 4.8125413858225405,
      "fcf_margin_change": 0.11390265964174968
    },
    {
      "date": "2025-09-30T00:00:00",
      "quarter_label": "2025-09 (Q3)",
      "revenue": 29760000,
      "gross_profit": 14927000,
      "operating_income": 9495000,
      "net_income": 6865000,
      "opex": 5432000,
      "cogs": 14833000,
      "rd": null,
      "sga": null,
      "fcf": 12161000,
      "ocf": 12161000,
      "capex": null,
      "gross_margin": 0.5015793010752688,
      "op_margin": 0.3190524193548387,
      "fcf_margin": 0.40863575268817204,
      "incr_op_margin_yoy": -0.37971014492753624,
      "rev_growth_yoy": -0.11309789897183728,
      "rev_growth_yoy_accel": -0.7689857700677428,
      "fcf_margin_change": 0.17963015418110725
    }
  ],
  "signals": [
    {
      "quarter": "2025-09 (Q3)",
      "signal": "FCF MARGIN EXPANSION",
      "detail": "FCF margin: +22.9% -> +40.9% (+18.0%)",
      "severity": "MEDIUM"
    },
    {
      "quarter": "2025-09 (Q3)",
      "signal": "YoY REVENUE GROWTH DECELERATION",
      "detail": "YoY growth: -11.3% vs prior quarter YoY: +65.6% (decel: -76.9%)",
      "severity": "WARNING"
    },
    {
      "quarter": "2025-06 (Q2)",
      "signal": "FCF MARGIN EXPANSION",
      "detail": "FCF margin: +11.5% -> +22.9% (+11.4%)",
      "severity": "MEDIUM"
    },
    {
      "quarter": "2025-06 (Q2)",
      "signal": "OPERATING LEVERAGE",
      "detail": "Rev growth +41.5% vs OpEx growth +8.6% (leverage: 4.8x)",
      "severity": "MEDIUM"
    },
    {
      "quarter": "2025-06 (Q2)",
      "signal": "YoY REVENUE GROWTH ACCELERATION",
      "detail": "YoY growth: +65.6% vs prior quarter YoY: +9.9% (accel: +55.7%)",
      "severity": "HIGH"
    },
    {
      "quarter": "2025-06 (Q2)",
      "signal": "OP MARGIN TURNED POSITIVE (YoY)",
      "detail": "Op margin: -9.5% (year-ago) -> +36.5%",
      "severity": "HIGH"
    },
    {
      "quarter": "2025-03 (Q1)",
      "signal": "GROSS MARGIN INFLECTION",
      "detail": "GM: +50.6% -> -26.2% -> +49.3% (reversal +75.5%)",
      "severity": "HIGH"
    },
    {
      "quarter": "2025-03 (Q1)",
      "signal": "YoY REVENUE GROWTH ACCELERATION",
      "detail": "YoY growth: +9.9% vs prior quarter YoY: -203.1% (accel: +213.0%)",
      "severity": "HIGH"
    },
    {
      "quarter": "2025-03 (Q1)",
      "signal": "OP MARGIN TURNED POSITIVE (YoY)",
      "detail": "Op margin: -27.5% (year-ago) -> +23.1%",
      "severity": "HIGH"
    },
    {
      "quarter": "2025-03 (Q1)",
      "signal": "OP MARGIN TURNED POSITIVE (QoQ)",
      "detail": "Op margin: -14.2% -> +23.1%",
      "severity": "HIGH"
    },
    {
      "quarter": "2024-12 (Q4)",
      "signal": "FCF TURNED POSITIVE",
      "detail": "FCF margin: -7.1% -> +11.8%",
      "severity": "HIGH"
    },
    {
      "quarter": "2024-12 (Q4)",
      "signal": "YoY REVENUE GROWTH DECELERATION",
      "detail": "YoY growth: -203.1% vs prior quarter YoY: -47.1% (decel: -156.0%)",
      "severity": "WARNING"
    },
    {
      "quarter": "2024-09 (Q3)",
      "signal": "YoY REVENUE GROWTH ACCELERATION",
      "detail": "YoY growth: -47.1% vs prior quarter YoY: -53.8% (accel: +6.7%)",
      "severity": "MEDIUM"
    },
    {
      "quarter": "2024-09 (Q3)",
      "signal": "OP MARGIN TURNED POSITIVE (YoY)",
      "detail": "Op margin: -10.8% (year-ago) -> +24.0%",
      "severity": "HIGH"
    },
    {
      "quarter": "2024-09 (Q3)",
      "signal": "OP MARGIN TURNED POSITIVE (QoQ)",
      "detail": "Op margin: -9.5% -> +24.0%",
      "severity": "HIGH"
    },
    {
      "quarter": "2024-06 (Q2)",
      "signal": "GROSS MARGIN INFLECTION",
      "detail": "GM: +43.6% -> +30.9% -> +39.4% (reversal +8.6%)",
      "severity": "HIGH"
    },
    {
      "quarter": "2024-06 (Q2)",
      "signal": "YoY REVENUE GROWTH DECELERATION",
      "detail": "YoY growth: -53.8% vs prior quarter YoY: -43.7% (decel: -10.1%)",
      "severity": "WARNING"
    },
    {
      "quarter": "2023-12 (Q4)",
      "signal": "FCF MARGIN EXPANSION",
      "detail": "FCF margin: -9.2% -> -3.6% (+5.7%)",
      "severity": "MEDIUM"
    },
    {
      "quarter": "2023-09 (Q3)",
      "signal": "FCF MARGIN EXPANSION",
      "detail": "FCF margin: -25.0% -> -9.2% (+15.8%)",
      "severity": "MEDIUM"
    },
    {
      "quarter": "2023-09 (Q3)",
      "signal": "GROSS MARGIN INFLECTION",
      "detail": "GM: +41.5% -> +36.8% -> +44.4% (reversal +7.6%)",
      "severity": "HIGH"
    },
    {
      "quarter": "2023-09 (Q3)",
      "signal": "YoY REVENUE GROWTH DECELERATION",
      "detail": "YoY growth: -4.9% vs prior quarter YoY: +237.4% (decel: -242.4%)",
      "severity": "WARNING"
    },
    {
      "quarter": "2023-06 (Q2)",
      "signal": "OPERATING LEVERAGE",
      "detail": "Rev growth +14.5% vs OpEx growth +0.1% (leverage: 97.9x)",
      "severity": "MEDIUM"
    },
    {
      "quarter": "2023-06 (Q2)",
      "signal": "YoY REVENUE GROWTH ACCELERATION",
      "detail": "YoY growth: +237.4% vs prior quarter YoY: +6.5% (accel: +230.9%)",
      "severity": "HIGH"
    },
    {
      "quarter": "2023-03 (Q1)",
      "signal": "GROSS MARGIN INFLECTION",
      "detail": "GM: +39.3% -> -14.2% -> +41.5% (reversal +55.8%)",
      "severity": "HIGH"
    },
    {
      "quarter": "2023-03 (Q1)",
      "signal": "YoY REVENUE GROWTH ACCELERATION",
      "detail": "YoY growth: +6.5% vs prior quarter YoY: -372.5% (accel: +379.0%)",
      "severity": "HIGH"
    },
    {
      "quarter": "2022-12 (Q4)",
      "signal": "FCF MARGIN EXPANSION",
      "detail": "FCF margin: -10.9% -> -2.0% (+8.9%)",
      "severity": "MEDIUM"
    },
    {
      "quarter": "2022-12 (Q4)",
      "signal": "YoY REVENUE GROWTH DECELERATION",
      "detail": "YoY growth: -372.5% vs prior quarter YoY: +12.0% (decel: -384.5%)",
      "severity": "WARNING"
    },
    {
      "quarter": "2022-12 (Q4)",
      "signal": "OP MARGIN TURNED POSITIVE (YoY)",
      "detail": "Op margin: -27.6% (year-ago) -> +4.0%",
      "severity": "HIGH"
    },
    {
      "quarter": "2022-12 (Q4)",
      "signal": "OP MARGIN TURNED POSITIVE (QoQ)",
      "detail": "Op margin: -18.6% -> +4.0%",
      "severity": "HIGH"
    },
    {
      "quarter": "2022-09 (Q3)",
      "signal": "YoY REVENUE GROWTH ACCELERATION",
      "detail": "YoY growth: +12.0% vs prior quarter YoY: -49.8% (accel: +61.8%)",
      "severity": "HIGH"
    },
    {
      "quarter": "2022-06 (Q2)",
      "signal": "FCF TURNED POSITIVE",
      "detail": "FCF margin: -27.7% -> +31.8%",
      "severity": "HIGH"
    },
    {
      "quarter": "2022-06 (Q2)",
      "signal": "GROSS MARGIN INFLECTION",
      "detail": "GM: +55.9% -> +40.9% -> +105.3% (reversal +64.3%)",
      "severity": "HIGH"
    },
    {
      "quarter": "2022-06 (Q2)",
      "signal": "YoY REVENUE GROWTH DECELERATION",
      "detail": "YoY growth: -49.8% vs prior quarter YoY: +43.5% (decel: -93.4%)",
      "severity": "WARNING"
    },
    {
      "quarter": "2021-09 (Q3)",
      "signal": "FCF TURNED POSITIVE",
      "detail": "FCF margin: -24.5% -> +2.6%",
      "severity": "HIGH"
    },
    {
      "quarter": "2021-09 (Q3)",
      "signal": "OPERATING LEVERAGE",
      "detail": "Rev growth +71.5% vs OpEx growth +44.7% (leverage: 1.6x)",
      "severity": "MEDIUM"
    },
    {
      "quarter": "2021-06 (Q2)",
      "signal": "GROSS MARGIN INFLECTION",
      "detail": "GM: +37.0% -> +16.1% -> +32.1% (reversal +16.0%)",
      "severity": "HIGH"
    },
    {
      "quarter": "2021-03 (Q1)",
      "signal": "FCF MARGIN EXPANSION",
      "detail": "FCF margin: -28.6% -> -4.8% (+23.8%)",
      "severity": "MEDIUM"
    }
  ],
  "data_quality": {
    "n_quarters": 20,
    "coverage": {
      "revenue": [
        20,
        20
      ],
      "gross_profit": [
        20,
        20
      ],
      "op_income": [
        20,
        20
      ],
      "fcf": [
        20,
        20
      ]
    },
    "gaps": [],
    "warnings": []
  },
  "market_cap": null,
  "source": "SEC EDGAR",
  "last_updated": "2026-02-02T23:03:21.926240"
}