{
  "ticker": "ARHS",
  "name": "Arhaus, Inc.",
  "quarters": [
    {
      "date": "2020-12-31T00:00:00",
      "quarter_label": "2020-12 (Q4)",
      "revenue": 162823000,
      "gross_profit": 69715000,
      "operating_income": 6213000,
      "net_income": -8350000,
      "opex": 63502000,
      "cogs": 93108000,
      "rd": null,
      "sga": 63494000,
      "fcf": 31260000,
      "ocf": 33142000,
      "capex": -1882000,
      "gross_margin": 0.4281643256788046,
      "op_margin": 0.03815799979118429,
      "fcf_margin": 0.19198761845685192
    },
    {
      "date": "2021-03-31T00:00:00",
      "quarter_label": "2021-03 (Q1)",
      "revenue": 171314000,
      "gross_profit": 70335000,
      "operating_income": 11283000,
      "net_income": 9212000,
      "opex": 59052000,
      "cogs": 100979000,
      "rd": null,
      "sga": 59038000,
      "fcf": 66093000,
      "ocf": 73099000,
      "capex": -7006000,
      "gross_margin": 0.4105618921979523,
      "op_margin": 0.06586151744749408,
      "fcf_margin": 0.38580034322939166,
      "op_leverage_ratio": Infinity,
      "fcf_margin_change": 0.19381272477253975
    },
    {
      "date": "2021-06-30T00:00:00",
      "quarter_label": "2021-06 (Q2)",
      "revenue": 184043000,
      "gross_profit": 77834000,
      "operating_income": 8695000,
      "net_income": 2885000,
      "opex": 69139000,
      "cogs": 106209000,
      "rd": null,
      "sga": 69139000,
      "fcf": 29719000,
      "ocf": 36404000,
      "capex": -6685000,
      "gross_margin": 0.42291203686095097,
      "op_margin": 0.04724439397314758,
      "fcf_margin": 0.16147856750868003,
      "op_leverage_ratio": 0.4349847397837397,
      "fcf_margin_change": -0.22432177572071163
    },
    {
      "date": "2021-09-30T00:00:00",
      "quarter_label": "2021-09 (Q3)",
      "revenue": 203333000,
      "gross_profit": 84811000,
      "operating_income": 16222000,
      "net_income": 14383000,
      "opex": 68589000,
      "cogs": 118522000,
      "rd": null,
      "sga": 68137000,
      "fcf": 15845000,
      "ocf": 31687000,
      "capex": -15842000,
      "gross_margin": 0.41710396246551223,
      "op_margin": 0.0797804586564896,
      "fcf_margin": 0.07792635725632337,
      "op_leverage_ratio": Infinity,
      "fcf_margin_change": -0.08355221025235667
    },
    {
      "date": "2021-12-31T00:00:00",
      "quarter_label": "2021-12 (Q4)",
      "revenue": 238232000,
      "gross_profit": 96953000,
      "operating_income": -2952000,
      "net_income": -9463000,
      "opex": 99905000,
      "cogs": 141279000,
      "rd": null,
      "sga": 99905000,
      "fcf": -13284000,
      "ocf": 160000,
      "capex": -13444000,
      "gross_margin": 0.4069688370999698,
      "op_margin": -0.012391282447362236,
      "fcf_margin": -0.05576077101313006,
      "incr_op_margin_yoy": -0.12153721704305852,
      "rev_growth_yoy": 0.463134815105974,
      "op_leverage_ratio": 0.3759181555572576,
      "fcf_margin_change": -0.13368712826945342
    },
    {
      "date": "2022-03-31T00:00:00",
      "quarter_label": "2022-03 (Q1)",
      "revenue": 246300000,
      "gross_profit": 97717000,
      "operating_income": 22869000,
      "net_income": 16058000,
      "opex": 74848000,
      "cogs": 148583000,
      "rd": null,
      "sga": 74848000,
      "fcf": 25068000,
      "ocf": 36926000,
      "capex": -11858000,
      "gross_margin": 0.396739748274462,
      "op_margin": 0.09285018270401948,
      "fcf_margin": 0.10177831912302071,
      "incr_op_margin_yoy": 0.1545088416504414,
      "rev_growth_yoy": 0.43771087009818227,
      "rev_growth_yoy_accel": -0.025423945007791715,
      "op_leverage_ratio": Infinity,
      "fcf_margin_change": 0.15753909013615078
    },
    {
      "date": "2022-06-30T00:00:00",
      "quarter_label": "2022-06 (Q2)",
      "revenue": 306265000,
      "gross_profit": 133026000,
      "operating_income": 50252000,
      "net_income": 36639000,
      "opex": 82774000,
      "cogs": 173239000,
      "rd": null,
      "sga": 82774000,
      "fcf": -4313000,
      "ocf": 7717000,
      "capex": -12030000,
      "gross_margin": 0.4343493379916086,
      "op_margin": 0.16408012668767244,
      "fcf_margin": -0.014082575547320132,
      "incr_op_margin_yoy": 0.34001243638624795,
      "rev_growth_yoy": 0.6640948039316898,
      "rev_growth_yoy_accel": 0.22638393383350758,
      "op_leverage_ratio": 2.299108983021901,
      "fcf_margin_change": -0.11586089467034084
    },
    {
      "date": "2022-09-30T00:00:00",
      "quarter_label": "2022-09 (Q3)",
      "revenue": 320030000,
      "gross_profit": 136291000,
      "operating_income": 47146000,
      "net_income": 36936000,
      "opex": 89145000,
      "cogs": 183739000,
      "rd": null,
      "sga": 89145000,
      "fcf": 532000,
      "ocf": 17238000,
      "capex": -16706000,
      "gross_margin": 0.42586944973908697,
      "op_margin": 0.14731743899009467,
      "fcf_margin": 0.0016623441552354467,
      "incr_op_margin_yoy": 0.2649939587135916,
      "rev_growth_yoy": 0.5739206129846115,
      "rev_growth_yoy_accel": -0.09017419094707835,
      "op_leverage_ratio": 0.5839359117247969,
      "fcf_margin_change": 0.01574491970255558
    },
    {
      "date": "2022-12-31T00:00:00",
      "quarter_label": "2022-12 (Q4)",
      "revenue": 356333000,
      "gross_profit": 158025000,
      "operating_income": 64404000,
      "net_income": 47001000,
      "opex": 93621000,
      "cogs": 198308000,
      "rd": null,
      "sga": 93621000,
      "fcf": 509000,
      "ocf": 15581000,
      "capex": -15072000,
      "gross_margin": 0.4434756253279938,
      "op_margin": 0.1807410484013549,
      "fcf_margin": 0.0014284391285679407,
      "incr_op_margin_yoy": 0.5703253994462367,
      "rev_growth_yoy": 0.495739447261493,
      "rev_growth_yoy_accel": -0.0781811657231185,
      "op_leverage_ratio": 2.259221100585493,
      "fcf_margin_change": -0.00023390502666750606
    },
    {
      "date": "2023-03-31T00:00:00",
      "quarter_label": "2023-03 (Q1)",
      "revenue": 304568000,
      "gross_profit": 128238000,
      "operating_income": 45456000,
      "net_income": null,
      "opex": 82782000,
      "cogs": 176330000,
      "rd": null,
      "sga": 82782000,
      "fcf": -828000,
      "ocf": 10865000,
      "capex": -11693000,
      "gross_margin": 0.4210488298179717,
      "op_margin": 0.14924745869559508,
      "fcf_margin": -0.002718604712248168,
      "incr_op_margin_yoy": 0.3876398709411684,
      "rev_growth_yoy": 0.23657328461226146,
      "rev_growth_yoy_accel": -0.25916616264923154,
      "fcf_margin_change": -0.004147043840816109
    },
    {
      "date": "2023-06-30T00:00:00",
      "quarter_label": "2023-06 (Q2)",
      "revenue": 312899000,
      "gross_profit": 140120000,
      "operating_income": 53989000,
      "net_income": null,
      "opex": 86131000,
      "cogs": 172779000,
      "rd": null,
      "sga": 86131000,
      "fcf": 29808000,
      "ocf": 53331000,
      "capex": -23523000,
      "gross_margin": 0.4478122333404709,
      "op_margin": 0.17254449518854326,
      "fcf_margin": 0.09526396696697656,
      "incr_op_margin_yoy": 0.563310220078384,
      "rev_growth_yoy": 0.021660979870373697,
      "rev_growth_yoy_accel": -0.21491230474188777,
      "op_leverage_ratio": 0.6761353307914362,
      "fcf_margin_change": 0.09798257167922472
    },
    {
      "date": "2023-09-30T00:00:00",
      "quarter_label": "2023-09 (Q3)",
      "revenue": 326229000,
      "gross_profit": 130857000,
      "operating_income": 23880000,
      "net_income": null,
      "opex": 106977000,
      "cogs": 195372000,
      "rd": null,
      "sga": 106977000,
      "fcf": 60082000,
      "ocf": 83674000,
      "capex": -23592000,
      "gross_margin": 0.4011200720965947,
      "op_margin": 0.07320011403032839,
      "fcf_margin": 0.18417124167379356,
      "incr_op_margin_yoy": -3.7531859977415714,
      "rev_growth_yoy": 0.019370059056963408,
      "rev_growth_yoy_accel": -0.002290920813410289,
      "op_leverage_ratio": 0.17602028924326946,
      "fcf_margin_change": 0.088907274706817
    },
    {
      "date": "2023-12-31T00:00:00",
      "quarter_label": "2023-12 (Q4)",
      "revenue": 344008000,
      "gross_profit": 141208000,
      "operating_income": 40986000,
      "net_income": null,
      "opex": 100222000,
      "cogs": 202800000,
      "rd": null,
      "sga": 100222000,
      "fcf": -13818000,
      "ocf": 20815000,
      "capex": -34633000,
      "gross_margin": 0.41047882607381225,
      "op_margin": 0.11914257807957955,
      "fcf_margin": -0.04016767051929025,
      "incr_op_margin_yoy": 1.9000405679513184,
      "rev_growth_yoy": -0.03458843273005868,
      "rev_growth_yoy_accel": -0.05395849178702209,
      "op_leverage_ratio": Infinity,
      "fcf_margin_change": -0.22433891219308383
    },
    {
      "date": "2024-03-31T00:00:00",
      "quarter_label": "2024-03 (Q1)",
      "revenue": 295162000,
      "gross_profit": 115054000,
      "operating_income": 18361000,
      "net_income": 15099000,
      "opex": 96693000,
      "cogs": 180108000,
      "rd": null,
      "sga": 96693000,
      "fcf": 10896000,
      "ocf": 36828000,
      "capex": -25932000,
      "gross_margin": 0.38979949993562857,
      "op_margin": 0.06220651709908457,
      "fcf_margin": 0.036915321077916535,
      "incr_op_margin_yoy": 2.880608122475016,
      "rev_growth_yoy": -0.03088308686401723,
      "rev_growth_yoy_accel": 0.0037053458660414526,
      "fcf_margin_change": 0.07708299159720679
    },
    {
      "date": "2024-06-30T00:00:00",
      "quarter_label": "2024-06 (Q2)",
      "revenue": 309801000,
      "gross_profit": 124372000,
      "operating_income": 29381000,
      "net_income": 22234000,
      "opex": 94991000,
      "cogs": 185429000,
      "rd": null,
      "sga": 94991000,
      "fcf": 11250000,
      "ocf": 47476000,
      "capex": -36226000,
      "gross_margin": 0.40145770994929003,
      "op_margin": 0.09483829942446925,
      "fcf_margin": 0.03631363359059525,
      "incr_op_margin_yoy": 7.943189154293092,
      "rev_growth_yoy": -0.009900958456243069,
      "rev_growth_yoy_accel": 0.02098212840777416,
      "op_leverage_ratio": Infinity,
      "fcf_margin_change": -0.0006016874873212841
    },
    {
      "date": "2024-09-30T00:00:00",
      "quarter_label": "2024-09 (Q3)",
      "revenue": 319133000,
      "gross_profit": 123072000,
      "operating_income": 10671000,
      "net_income": 9923000,
      "opex": 112401000,
      "cogs": 196061000,
      "rd": null,
      "sga": 112401000,
      "fcf": 4594000,
      "ocf": 31122000,
      "capex": -26528000,
      "gross_margin": 0.38564485653316954,
      "op_margin": 0.033437469644317576,
      "fcf_margin": 0.01439525213625667,
      "incr_op_margin_yoy": 1.8614712514092446,
      "rev_growth_yoy": -0.02175159167333376,
      "rev_growth_yoy_accel": -0.011850633217090692,
      "op_leverage_ratio": 0.1643522308453548,
      "fcf_margin_change": -0.02191838145433858
    },
    {
      "date": "2024-12-31T00:00:00",
      "quarter_label": "2024-12 (Q4)",
      "revenue": 347011000,
      "gross_profit": 138731000,
      "operating_income": 28592000,
      "net_income": 21294000,
      "opex": 110139000,
      "cogs": 208280000,
      "rd": null,
      "sga": 111341000,
      "fcf": 12999000,
      "ocf": 31683000,
      "capex": -18684000,
      "gross_margin": 0.39978847932774464,
      "op_margin": 0.08239508257663301,
      "fcf_margin": 0.03745990761099792,
      "incr_op_margin_yoy": -4.127206127206128,
      "rev_growth_yoy": 0.008729448152368549,
      "rev_growth_yoy_accel": 0.03048103982570231,
      "op_leverage_ratio": Infinity,
      "fcf_margin_change": 0.02306465547474125
    },
    {
      "date": "2025-03-31T00:00:00",
      "quarter_label": "2025-03 (Q1)",
      "revenue": 311372000,
      "gross_profit": 115587000,
      "operating_income": 5421000,
      "net_income": 4882000,
      "opex": 110166000,
      "cogs": 195785000,
      "rd": null,
      "sga": 110058000,
      "fcf": 18894000,
      "ocf": 46515000,
      "capex": -27621000,
      "gross_margin": 0.3712183497552766,
      "op_margin": 0.01741004329226777,
      "fcf_margin": 0.060679829914057785,
      "incr_op_margin_yoy": -0.7982726711906231,
      "rev_growth_yoy": 0.054918993637392347,
      "rev_growth_yoy_accel": 0.0461895454850238,
      "fcf_margin_change": 0.023219922303059866
    },
    {
      "date": "2025-06-30T00:00:00",
      "quarter_label": "2025-06 (Q2)",
      "revenue": 358435000,
      "gross_profit": 148227000,
      "operating_income": 46765000,
      "net_income": 35066000,
      "opex": 101462000,
      "cogs": 210208000,
      "rd": null,
      "sga": 101462000,
      "fcf": 20912000,
      "ocf": 34913000,
      "capex": -14001000,
      "gross_margin": 0.4135394143987055,
      "op_margin": 0.13046995968585656,
      "fcf_margin": 0.05834251677431054,
      "incr_op_margin_yoy": 0.3574454085619114,
      "rev_growth_yoy": 0.15698464498177864,
      "rev_growth_yoy_accel": 0.10206565134438629,
      "op_leverage_ratio": Infinity,
      "fcf_margin_change": -0.002337313139747242
    },
    {
      "date": "2025-09-30T00:00:00",
      "quarter_label": "2025-09 (Q3)",
      "revenue": 344570000,
      "gross_profit": 133421000,
      "operating_income": 16434000,
      "net_income": 12218000,
      "opex": 116987000,
      "cogs": 211149000,
      "rd": null,
      "sga": 117014000,
      "fcf": 27981000,
      "ocf": 46110000,
      "capex": -18129000,
      "gross_margin": 0.38721014597904635,
      "op_margin": 0.047694227588008245,
      "fcf_margin": 0.08120556055373364,
      "incr_op_margin_yoy": 0.22655973581790306,
      "rev_growth_yoy": 0.07970658001522876,
      "rev_growth_yoy_accel": -0.07727806496654988,
      "fcf_margin_change": 0.022863043779423095
    }
  ],
  "signals": [
    {
      "quarter": "2025-09 (Q3)",
      "signal": "YoY REVENUE GROWTH DECELERATION",
      "detail": "YoY growth: +8.0% vs prior quarter YoY: +15.7% (decel: -7.7%)",
      "severity": "WARNING"
    },
    {
      "quarter": "2025-09 (Q3)",
      "signal": "INCREMENTAL MARGIN (YoY)",
      "detail": "YoY Incr OPM: +22.7% vs year-ago OPM: +3.3%",
      "severity": "MEDIUM"
    },
    {
      "quarter": "2025-06 (Q2)",
      "signal": "GROSS MARGIN INFLECTION",
      "detail": "GM: +40.0% -> +37.1% -> +41.4% (reversal +4.2%)",
      "severity": "MEDIUM"
    },
    {
      "quarter": "2025-06 (Q2)",
      "signal": "YoY REVENUE GROWTH ACCELERATION",
      "detail": "YoY growth: +15.7% vs prior quarter YoY: +5.5% (accel: +10.2%)",
      "severity": "MEDIUM"
    },
    {
      "quarter": "2025-06 (Q2)",
      "signal": "INCREMENTAL MARGIN (YoY)",
      "detail": "YoY Incr OPM: +35.7% vs year-ago OPM: +9.5%",
      "severity": "HIGH"
    },
    {
      "quarter": "2024-09 (Q3)",
      "signal": "INCREMENTAL MARGIN (YoY)",
      "detail": "YoY Incr OPM: +186.1% vs year-ago OPM: +7.3%",
      "severity": "HIGH"
    },
    {
      "quarter": "2024-06 (Q2)",
      "signal": "INCREMENTAL MARGIN (YoY)",
      "detail": "YoY Incr OPM: +794.3% vs year-ago OPM: +17.3%",
      "severity": "HIGH"
    },
    {
      "quarter": "2024-03 (Q1)",
      "signal": "FCF TURNED POSITIVE",
      "detail": "FCF margin: -4.0% -> +3.7%",
      "severity": "HIGH"
    },
    {
      "quarter": "2024-03 (Q1)",
      "signal": "INCREMENTAL MARGIN (YoY)",
      "detail": "YoY Incr OPM: +288.1% vs year-ago OPM: +14.9%",
      "severity": "HIGH"
    },
    {
      "quarter": "2023-12 (Q4)",
      "signal": "YoY REVENUE GROWTH DECELERATION",
      "detail": "YoY growth: -3.5% vs prior quarter YoY: +1.9% (decel: -5.4%)",
      "severity": "WARNING"
    },
    {
      "quarter": "2023-12 (Q4)",
      "signal": "INCREMENTAL MARGIN (YoY)",
      "detail": "YoY Incr OPM: +190.0% vs year-ago OPM: +18.1%",
      "severity": "HIGH"
    },
    {
      "quarter": "2023-09 (Q3)",
      "signal": "FCF MARGIN EXPANSION",
      "detail": "FCF margin: +9.5% -> +18.4% (+8.9%)",
      "severity": "MEDIUM"
    },
    {
      "quarter": "2023-06 (Q2)",
      "signal": "FCF TURNED POSITIVE",
      "detail": "FCF margin: -0.3% -> +9.5%",
      "severity": "HIGH"
    },
    {
      "quarter": "2023-06 (Q2)",
      "signal": "GROSS MARGIN INFLECTION",
      "detail": "GM: +44.3% -> +42.1% -> +44.8% (reversal +2.7%)",
      "severity": "MEDIUM"
    },
    {
      "quarter": "2023-06 (Q2)",
      "signal": "YoY REVENUE GROWTH DECELERATION",
      "detail": "YoY growth: +2.2% vs prior quarter YoY: +23.7% (decel: -21.5%)",
      "severity": "WARNING"
    },
    {
      "quarter": "2023-06 (Q2)",
      "signal": "INCREMENTAL MARGIN (YoY)",
      "detail": "YoY Incr OPM: +56.3% vs year-ago OPM: +16.4%",
      "severity": "HIGH"
    },
    {
      "quarter": "2023-03 (Q1)",
      "signal": "YoY REVENUE GROWTH DECELERATION",
      "detail": "YoY growth: +23.7% vs prior quarter YoY: +49.6% (decel: -25.9%)",
      "severity": "WARNING"
    },
    {
      "quarter": "2023-03 (Q1)",
      "signal": "INCREMENTAL MARGIN (YoY)",
      "detail": "YoY Incr OPM: +38.8% vs year-ago OPM: +9.3%",
      "severity": "HIGH"
    },
    {
      "quarter": "2022-12 (Q4)",
      "signal": "OPERATING LEVERAGE",
      "detail": "Rev growth +11.3% vs OpEx growth +5.0% (leverage: 2.3x)",
      "severity": "MEDIUM"
    },
    {
      "quarter": "2022-12 (Q4)",
      "signal": "YoY REVENUE GROWTH DECELERATION",
      "detail": "YoY growth: +49.6% vs prior quarter YoY: +57.4% (decel: -7.8%)",
      "severity": "WARNING"
    },
    {
      "quarter": "2022-12 (Q4)",
      "signal": "OP MARGIN TURNED POSITIVE (YoY)",
      "detail": "Op margin: -1.2% (year-ago) -> +18.1%",
      "severity": "HIGH"
    },
    {
      "quarter": "2022-09 (Q3)",
      "signal": "FCF TURNED POSITIVE",
      "detail": "FCF margin: -1.4% -> +0.2%",
      "severity": "HIGH"
    },
    {
      "quarter": "2022-09 (Q3)",
      "signal": "YoY REVENUE GROWTH DECELERATION",
      "detail": "YoY growth: +57.4% vs prior quarter YoY: +66.4% (decel: -9.0%)",
      "severity": "WARNING"
    },
    {
      "quarter": "2022-09 (Q3)",
      "signal": "INCREMENTAL MARGIN (YoY)",
      "detail": "YoY Incr OPM: +26.5% vs year-ago OPM: +8.0%",
      "severity": "MEDIUM"
    },
    {
      "quarter": "2022-06 (Q2)",
      "signal": "OPERATING LEVERAGE",
      "detail": "Rev growth +24.3% vs OpEx growth +10.6% (leverage: 2.3x)",
      "severity": "MEDIUM"
    },
    {
      "quarter": "2022-06 (Q2)",
      "signal": "GROSS MARGIN INFLECTION",
      "detail": "GM: +40.7% -> +39.7% -> +43.4% (reversal +3.8%)",
      "severity": "MEDIUM"
    },
    {
      "quarter": "2022-06 (Q2)",
      "signal": "YoY REVENUE GROWTH ACCELERATION",
      "detail": "YoY growth: +66.4% vs prior quarter YoY: +43.8% (accel: +22.6%)",
      "severity": "HIGH"
    },
    {
      "quarter": "2022-06 (Q2)",
      "signal": "INCREMENTAL MARGIN (YoY)",
      "detail": "YoY Incr OPM: +34.0% vs year-ago OPM: +4.7%",
      "severity": "HIGH"
    },
    {
      "quarter": "2022-03 (Q1)",
      "signal": "FCF TURNED POSITIVE",
      "detail": "FCF margin: -5.6% -> +10.2%",
      "severity": "HIGH"
    },
    {
      "quarter": "2022-03 (Q1)",
      "signal": "OP MARGIN TURNED POSITIVE (QoQ)",
      "detail": "Op margin: -1.2% -> +9.3%",
      "severity": "HIGH"
    },
    {
      "quarter": "2021-03 (Q1)",
      "signal": "FCF MARGIN EXPANSION",
      "detail": "FCF margin: +19.2% -> +38.6% (+19.4%)",
      "severity": "MEDIUM"
    }
  ],
  "data_quality": {
    "n_quarters": 20,
    "coverage": {
      "revenue": [
        20,
        20
      ],
      "gross_profit": [
        20,
        20
      ],
      "op_income": [
        20,
        20
      ],
      "fcf": [
        20,
        20
      ]
    },
    "gaps": [],
    "warnings": []
  },
  "market_cap": null,
  "source": "SEC EDGAR",
  "last_updated": "2026-02-02T21:49:14.762321"
}