{
  "ticker": "ARLO",
  "name": "ARLO TECHNOLOGIES, INC.",
  "quarters": [
    {
      "date": "2020-12-31T00:00:00",
      "quarter_label": "2020-12 (Q4)",
      "revenue": 114836000,
      "gross_profit": 24538000,
      "operating_income": -15669000,
      "net_income": -15210000,
      "opex": 40207000,
      "cogs": 90298000,
      "rd": 15266000,
      "sga": null,
      "fcf": 10965000,
      "ocf": 12787000,
      "capex": -1822000,
      "gross_margin": 0.21367863736110626,
      "op_margin": -0.13644675885610785,
      "fcf_margin": 0.09548399456616392
    },
    {
      "date": "2021-03-28T00:00:00",
      "quarter_label": "2021-03 (Q1)",
      "revenue": 82556000,
      "gross_profit": 25807000,
      "operating_income": -11472000,
      "net_income": -10719000,
      "opex": 37279000,
      "cogs": 56749000,
      "rd": 14791000,
      "sga": null,
      "fcf": -30971000,
      "ocf": -30168000,
      "capex": -803000,
      "gross_margin": 0.3125999321672562,
      "op_margin": -0.13896022094093707,
      "fcf_margin": -0.37515141237463057,
      "fcf_margin_change": -0.4706354069407945
    },
    {
      "date": "2021-06-27T00:00:00",
      "quarter_label": "2021-06 (Q2)",
      "revenue": 98571000,
      "gross_profit": 26169000,
      "operating_income": -25821000,
      "net_income": -23320000,
      "opex": 51990000,
      "cogs": 72402000,
      "rd": 16251000,
      "sga": null,
      "fcf": 6439000,
      "ocf": 6702000,
      "capex": -263000,
      "gross_margin": 0.2654837629728825,
      "op_margin": -0.2619533128404906,
      "fcf_margin": 0.06532347242089459,
      "op_leverage_ratio": 0.4915869656738301,
      "fcf_margin_change": 0.44047488479552516
    },
    {
      "date": "2021-10-03T00:00:00",
      "quarter_label": "2021-10 (Q4)",
      "revenue": 111149000,
      "gross_profit": 24343000,
      "operating_income": -15615000,
      "net_income": -15198000,
      "opex": 39958000,
      "cogs": 86806000,
      "rd": 14377000,
      "sga": null,
      "fcf": -10062000,
      "ocf": -9190000,
      "capex": -872000,
      "gross_margin": 0.2190123167999712,
      "op_margin": -0.14048709390097977,
      "fcf_margin": -0.09052713024858523,
      "op_leverage_ratio": Infinity,
      "fcf_margin_change": -0.1558506026694798
    },
    {
      "date": "2021-12-31T00:00:00",
      "quarter_label": "2021-12 (Q4)",
      "revenue": 142861000,
      "gross_profit": 31716000,
      "operating_income": -7230000,
      "net_income": -6792000,
      "opex": 38946000,
      "cogs": 111145000,
      "rd": 13644000,
      "sga": null,
      "fcf": 9129000,
      "ocf": 9459000,
      "capex": -330000,
      "gross_margin": 0.22200600583784239,
      "op_margin": -0.05060863356689369,
      "fcf_margin": 0.06390127466558403,
      "incr_op_margin_yoy": 0.30112399643175736,
      "rev_growth_yoy": 0.2440436796823296,
      "op_leverage_ratio": Infinity,
      "fcf_margin_change": 0.15442840491416926
    },
    {
      "date": "2022-04-03T00:00:00",
      "quarter_label": "2022-04 (Q2)",
      "revenue": 124751000,
      "gross_profit": 33575000,
      "operating_income": -8672000,
      "net_income": -8479000,
      "opex": 42247000,
      "cogs": 91176000,
      "rd": 16379000,
      "sga": null,
      "fcf": -24855000,
      "ocf": -24557000,
      "capex": -298000,
      "gross_margin": 0.2691361191493455,
      "op_margin": -0.06951447282987712,
      "fcf_margin": -0.19923687986469046,
      "incr_op_margin_yoy": 0.06635857329067425,
      "rev_growth_yoy": 0.5111076118028974,
      "rev_growth_yoy_accel": 0.26706393212056784,
      "fcf_margin_change": -0.2631381545302745
    },
    {
      "date": "2022-07-03T00:00:00",
      "quarter_label": "2022-07 (Q3)",
      "revenue": 118979000,
      "gross_profit": 33740000,
      "operating_income": -11342000,
      "net_income": -11557000,
      "opex": 45082000,
      "cogs": 85239000,
      "rd": 17402000,
      "sga": null,
      "fcf": -4977000,
      "ocf": -4824000,
      "capex": -153000,
      "gross_margin": 0.2835794551979761,
      "op_margin": -0.09532774691332084,
      "fcf_margin": -0.041830911337294815,
      "incr_op_margin_yoy": 0.7094766758134065,
      "rev_growth_yoy": 0.20703858132716518,
      "rev_growth_yoy_accel": -0.30406903047573225,
      "fcf_margin_change": 0.15740596852739563
    },
    {
      "date": "2022-10-02T00:00:00",
      "quarter_label": "2022-10 (Q4)",
      "revenue": 128157000,
      "gross_profit": 36750000,
      "operating_income": -14440000,
      "net_income": -14435000,
      "opex": 51190000,
      "cogs": 91407000,
      "rd": 16471000,
      "sga": null,
      "fcf": -5766000,
      "ocf": -5402000,
      "capex": -364000,
      "gross_margin": 0.28675764882136756,
      "op_margin": -0.11267429793144347,
      "fcf_margin": -0.044991689880381096,
      "incr_op_margin_yoy": 0.06908513640639699,
      "rev_growth_yoy": 0.1530198202412977,
      "rev_growth_yoy_accel": -0.05401876108586748,
      "op_leverage_ratio": 0.5693533564141262,
      "fcf_margin_change": -0.0031607785430862803
    },
    {
      "date": "2022-12-31T00:00:00",
      "quarter_label": "2022-12 (Q4)",
      "revenue": 118527000,
      "gross_profit": 31970000,
      "operating_income": -22425000,
      "net_income": -22155000,
      "opex": 54395000,
      "cogs": 86557000,
      "rd": 14457000,
      "sga": null,
      "fcf": -12374000,
      "ocf": -11179000,
      "capex": -1195000,
      "gross_margin": 0.26972757262058433,
      "op_margin": -0.18919739806120126,
      "fcf_margin": -0.10439815400710387,
      "incr_op_margin_yoy": 0.6244349469877538,
      "rev_growth_yoy": -0.17033340099817304,
      "rev_growth_yoy_accel": -0.32335322123947075,
      "fcf_margin_change": -0.05940646412672277
    },
    {
      "date": "2023-04-02T00:00:00",
      "quarter_label": "2023-04 (Q2)",
      "revenue": 111004000,
      "gross_profit": 35217000,
      "operating_income": -14140000,
      "net_income": -14245000,
      "opex": 49357000,
      "cogs": 75787000,
      "rd": 17750000,
      "sga": null,
      "fcf": 9406000,
      "ocf": 10329000,
      "capex": -923000,
      "gross_margin": 0.3172588375193687,
      "op_margin": -0.12738279701632374,
      "fcf_margin": 0.08473568520053332,
      "incr_op_margin_yoy": 0.3977595111660726,
      "rev_growth_yoy": -0.11019550945483403,
      "rev_growth_yoy_accel": 0.06013789154333901,
      "fcf_margin_change": 0.18913383920763718
    },
    {
      "date": "2023-07-02T00:00:00",
      "quarter_label": "2023-07 (Q3)",
      "revenue": 115076000,
      "gross_profit": 41858000,
      "operating_income": -8029000,
      "net_income": -7363000,
      "opex": 49887000,
      "cogs": 73218000,
      "rd": 17618000,
      "sga": null,
      "fcf": 11548000,
      "ocf": 12579000,
      "capex": -1031000,
      "gross_margin": 0.36374222253119676,
      "op_margin": -0.06977128158782023,
      "fcf_margin": 0.10035107233480482,
      "incr_op_margin_yoy": -0.848834230079426,
      "rev_growth_yoy": -0.03280410828801721,
      "rev_growth_yoy_accel": 0.07739140116681681,
      "op_leverage_ratio": 3.416190067602527,
      "fcf_margin_change": 0.015615387134271505
    },
    {
      "date": "2023-10-01T00:00:00",
      "quarter_label": "2023-10 (Q4)",
      "revenue": 130003000,
      "gross_profit": 43139000,
      "operating_income": -2276000,
      "net_income": -1120000,
      "opex": 45415000,
      "cogs": 86864000,
      "rd": 16829000,
      "sga": null,
      "fcf": 6965000,
      "ocf": 7459000,
      "capex": -494000,
      "gross_margin": 0.3318308039045253,
      "op_margin": -0.017507288293347075,
      "fcf_margin": 0.053575686714921966,
      "incr_op_margin_yoy": 6.589382448537378,
      "rev_growth_yoy": 0.014404207339435223,
      "rev_growth_yoy_accel": 0.04720831562745244,
      "op_leverage_ratio": Infinity,
      "fcf_margin_change": -0.046775385619882856
    },
    {
      "date": "2023-12-31T00:00:00",
      "quarter_label": "2023-12 (Q4)",
      "revenue": 135093000,
      "gross_profit": 47349000,
      "operating_income": -458000,
      "net_income": 692000,
      "opex": 47807000,
      "cogs": 87744000,
      "rd": 16450000,
      "sga": null,
      "fcf": 7536000,
      "ocf": 7935000,
      "capex": -399000,
      "gross_margin": 0.35049188336923454,
      "op_margin": -0.003390257082158217,
      "fcf_margin": 0.055783793386778,
      "incr_op_margin_yoy": 1.3260292164674634,
      "rev_growth_yoy": 0.13976562302260245,
      "rev_growth_yoy_accel": 0.12536141568316722,
      "op_leverage_ratio": 0.7433657563909575,
      "fcf_margin_change": 0.0022081066718560305
    },
    {
      "date": "2024-03-31T00:00:00",
      "quarter_label": "2024-03 (Q1)",
      "revenue": 124200000,
      "gross_profit": 47380000,
      "operating_income": -10610000,
      "net_income": -9644000,
      "opex": 57990000,
      "cogs": 76820000,
      "rd": 20793000,
      "sga": null,
      "fcf": 19450000,
      "ocf": 19806000,
      "capex": -356000,
      "gross_margin": 0.3814814814814815,
      "op_margin": -0.08542673107890499,
      "fcf_margin": 0.1566022544283414,
      "incr_op_margin_yoy": 0.267505304637769,
      "rev_growth_yoy": 0.1188785989694065,
      "rev_growth_yoy_accel": -0.02088702405319595,
      "fcf_margin_change": 0.10081846104156339
    },
    {
      "date": "2024-06-30T00:00:00",
      "quarter_label": "2024-06 (Q2)",
      "revenue": 127447000,
      "gross_profit": 46854000,
      "operating_income": -12801000,
      "net_income": -11560000,
      "opex": 59655000,
      "cogs": 80593000,
      "rd": 19561000,
      "sga": null,
      "fcf": 6167000,
      "ocf": 6462000,
      "capex": -295000,
      "gross_margin": 0.36763517383696753,
      "op_margin": -0.10044175225780128,
      "fcf_margin": 0.04838874198686513,
      "incr_op_margin_yoy": -0.38574084552582655,
      "rev_growth_yoy": 0.10750286767006152,
      "rev_growth_yoy_accel": -0.01137573129934498,
      "op_leverage_ratio": 0.9105411208309759,
      "fcf_margin_change": -0.10821351244147626
    },
    {
      "date": "2024-09-29T00:00:00",
      "quarter_label": "2024-09 (Q3)",
      "revenue": 137667000,
      "gross_profit": 48416000,
      "operating_income": -5453000,
      "net_income": -4439000,
      "opex": 53869000,
      "cogs": 89251000,
      "rd": 17562000,
      "sga": null,
      "fcf": 17405000,
      "ocf": 18366000,
      "capex": -961000,
      "gross_margin": 0.3516892210914744,
      "op_margin": -0.03961007358335694,
      "fcf_margin": 0.12642826530686366,
      "incr_op_margin_yoy": -0.414535490605428,
      "rev_growth_yoy": 0.05895248571186819,
      "rev_growth_yoy_accel": -0.048550381958193334,
      "op_leverage_ratio": Infinity,
      "fcf_margin_change": 0.07803952331999853
    },
    {
      "date": "2024-12-31T00:00:00",
      "quarter_label": "2024-12 (Q4)",
      "revenue": 121572000,
      "gross_profit": 44854000,
      "operating_income": -6028000,
      "net_income": -4861000,
      "opex": 50882000,
      "cogs": 76718000,
      "rd": 15267000,
      "sga": null,
      "fcf": 5596000,
      "ocf": 6672000,
      "capex": -1076000,
      "gross_margin": 0.36895008719112954,
      "op_margin": -0.04958378574013753,
      "fcf_margin": 0.046030335932616066,
      "incr_op_margin_yoy": 0.4119517787145921,
      "rev_growth_yoy": -0.10008660700406387,
      "rev_growth_yoy_accel": -0.15903909271593206,
      "fcf_margin_change": -0.08039792937424758
    },
    {
      "date": "2025-03-30T00:00:00",
      "quarter_label": "2025-03 (Q1)",
      "revenue": 119066000,
      "gross_profit": 52727000,
      "operating_income": -1451000,
      "net_income": -835000,
      "opex": 54178000,
      "cogs": 66339000,
      "rd": 16165000,
      "sga": null,
      "fcf": 28116000,
      "ocf": 30919000,
      "capex": -2803000,
      "gross_margin": 0.44283842574706467,
      "op_margin": -0.012186518401558799,
      "fcf_margin": 0.23613794030201737,
      "incr_op_margin_yoy": -1.783989092325672,
      "rev_growth_yoy": -0.0413365539452496,
      "rev_growth_yoy_accel": 0.05875005305881427,
      "fcf_margin_change": 0.1901076043694013
    },
    {
      "date": "2025-06-29T00:00:00",
      "quarter_label": "2025-06 (Q2)",
      "revenue": 129405000,
      "gross_profit": 58075000,
      "operating_income": 1933000,
      "net_income": 3124000,
      "opex": 56142000,
      "cogs": 71330000,
      "rd": 18489000,
      "sga": null,
      "fcf": 8830000,
      "ocf": 8830000,
      "capex": null,
      "gross_margin": 0.44878482284301224,
      "op_margin": 0.014937599010857385,
      "fcf_margin": 0.06823538503149028,
      "incr_op_margin_yoy": 7.5250255362614915,
      "rev_growth_yoy": 0.015363249036854536,
      "rev_growth_yoy_accel": 0.056699802982104135,
      "op_leverage_ratio": 2.3953680741102943,
      "fcf_margin_change": -0.1679025552705271
    },
    {
      "date": "2025-09-28T00:00:00",
      "quarter_label": "2025-09 (Q3)",
      "revenue": 139529000,
      "gross_profit": 56506000,
      "operating_income": 872000,
      "net_income": 6873000,
      "opex": 55634000,
      "cogs": 83023000,
      "rd": 18144000,
      "sga": null,
      "fcf": 19203000,
      "ocf": 19203000,
      "capex": null,
      "gross_margin": 0.40497674318600435,
      "op_margin": 0.006249596858000845,
      "fcf_margin": 0.13762730328462183,
      "incr_op_margin_yoy": 3.3968850698174005,
      "rev_growth_yoy": 0.013525390979682857,
      "rev_growth_yoy_accel": -0.0018378580571716784,
      "op_leverage_ratio": Infinity,
      "fcf_margin_change": 0.06939191825313155
    }
  ],
  "signals": [
    {
      "quarter": "2025-09 (Q3)",
      "signal": "FCF MARGIN EXPANSION",
      "detail": "FCF margin: +6.8% -> +13.8% (+6.9%)",
      "severity": "MEDIUM"
    },
    {
      "quarter": "2025-09 (Q3)",
      "signal": "OP MARGIN TURNED POSITIVE (YoY)",
      "detail": "Op margin: -4.0% (year-ago) -> +0.6%",
      "severity": "HIGH"
    },
    {
      "quarter": "2025-06 (Q2)",
      "signal": "OPERATING LEVERAGE",
      "detail": "Rev growth +8.7% vs OpEx growth +3.6% (leverage: 2.4x)",
      "severity": "MEDIUM"
    },
    {
      "quarter": "2025-06 (Q2)",
      "signal": "YoY REVENUE GROWTH ACCELERATION",
      "detail": "YoY growth: +1.5% vs prior quarter YoY: -4.1% (accel: +5.7%)",
      "severity": "MEDIUM"
    },
    {
      "quarter": "2025-06 (Q2)",
      "signal": "OP MARGIN TURNED POSITIVE (YoY)",
      "detail": "Op margin: -10.0% (year-ago) -> +1.5%",
      "severity": "HIGH"
    },
    {
      "quarter": "2025-06 (Q2)",
      "signal": "OP MARGIN TURNED POSITIVE (QoQ)",
      "detail": "Op margin: -1.2% -> +1.5%",
      "severity": "HIGH"
    },
    {
      "quarter": "2025-03 (Q1)",
      "signal": "FCF MARGIN EXPANSION",
      "detail": "FCF margin: +4.6% -> +23.6% (+19.0%)",
      "severity": "MEDIUM"
    },
    {
      "quarter": "2025-03 (Q1)",
      "signal": "YoY REVENUE GROWTH ACCELERATION",
      "detail": "YoY growth: -4.1% vs prior quarter YoY: -10.0% (accel: +5.9%)",
      "severity": "MEDIUM"
    },
    {
      "quarter": "2024-12 (Q4)",
      "signal": "YoY REVENUE GROWTH DECELERATION",
      "detail": "YoY growth: -10.0% vs prior quarter YoY: +5.9% (decel: -15.9%)",
      "severity": "WARNING"
    },
    {
      "quarter": "2024-09 (Q3)",
      "signal": "FCF MARGIN EXPANSION",
      "detail": "FCF margin: +4.8% -> +12.6% (+7.8%)",
      "severity": "MEDIUM"
    },
    {
      "quarter": "2024-03 (Q1)",
      "signal": "FCF MARGIN EXPANSION",
      "detail": "FCF margin: +5.6% -> +15.7% (+10.1%)",
      "severity": "MEDIUM"
    },
    {
      "quarter": "2023-12 (Q4)",
      "signal": "YoY REVENUE GROWTH ACCELERATION",
      "detail": "YoY growth: +14.0% vs prior quarter YoY: +1.4% (accel: +12.5%)",
      "severity": "MEDIUM"
    },
    {
      "quarter": "2023-07 (Q3)",
      "signal": "OPERATING LEVERAGE",
      "detail": "Rev growth +3.7% vs OpEx growth +1.1% (leverage: 3.4x)",
      "severity": "MEDIUM"
    },
    {
      "quarter": "2023-07 (Q3)",
      "signal": "YoY REVENUE GROWTH ACCELERATION",
      "detail": "YoY growth: -3.3% vs prior quarter YoY: -11.0% (accel: +7.7%)",
      "severity": "MEDIUM"
    },
    {
      "quarter": "2023-04 (Q2)",
      "signal": "FCF TURNED POSITIVE",
      "detail": "FCF margin: -10.4% -> +8.5%",
      "severity": "HIGH"
    },
    {
      "quarter": "2023-04 (Q2)",
      "signal": "GROSS MARGIN INFLECTION",
      "detail": "GM: +28.7% -> +27.0% -> +31.7% (reversal +4.8%)",
      "severity": "MEDIUM"
    },
    {
      "quarter": "2023-04 (Q2)",
      "signal": "YoY REVENUE GROWTH ACCELERATION",
      "detail": "YoY growth: -11.0% vs prior quarter YoY: -17.0% (accel: +6.0%)",
      "severity": "MEDIUM"
    },
    {
      "quarter": "2022-12 (Q4)",
      "signal": "YoY REVENUE GROWTH DECELERATION",
      "detail": "YoY growth: -17.0% vs prior quarter YoY: +15.3% (decel: -32.3%)",
      "severity": "WARNING"
    },
    {
      "quarter": "2022-10 (Q4)",
      "signal": "YoY REVENUE GROWTH DECELERATION",
      "detail": "YoY growth: +15.3% vs prior quarter YoY: +20.7% (decel: -5.4%)",
      "severity": "WARNING"
    },
    {
      "quarter": "2022-07 (Q3)",
      "signal": "FCF MARGIN EXPANSION",
      "detail": "FCF margin: -19.9% -> -4.2% (+15.7%)",
      "severity": "MEDIUM"
    },
    {
      "quarter": "2022-07 (Q3)",
      "signal": "YoY REVENUE GROWTH DECELERATION",
      "detail": "YoY growth: +20.7% vs prior quarter YoY: +51.1% (decel: -30.4%)",
      "severity": "WARNING"
    },
    {
      "quarter": "2022-04 (Q2)",
      "signal": "YoY REVENUE GROWTH ACCELERATION",
      "detail": "YoY growth: +51.1% vs prior quarter YoY: +24.4% (accel: +26.7%)",
      "severity": "HIGH"
    },
    {
      "quarter": "2021-12 (Q4)",
      "signal": "FCF TURNED POSITIVE",
      "detail": "FCF margin: -9.1% -> +6.4%",
      "severity": "HIGH"
    },
    {
      "quarter": "2021-06 (Q2)",
      "signal": "FCF TURNED POSITIVE",
      "detail": "FCF margin: -37.5% -> +6.5%",
      "severity": "HIGH"
    }
  ],
  "data_quality": {
    "n_quarters": 20,
    "coverage": {
      "revenue": [
        20,
        20
      ],
      "gross_profit": [
        20,
        20
      ],
      "op_income": [
        20,
        20
      ],
      "fcf": [
        20,
        20
      ]
    },
    "gaps": [],
    "warnings": []
  },
  "market_cap": null,
  "source": "SEC EDGAR",
  "last_updated": "2026-02-02T21:51:02.732242",
  "sector": "Industrials",
  "industry": "Building Products & Equipment"
}