{
  "ticker": "ARQ",
  "name": "ARQ, INC.",
  "quarters": [
    {
      "date": "2020-12-31T00:00:00",
      "quarter_label": "2020-12 (Q4)",
      "revenue": 18360000,
      "gross_profit": 7667000,
      "operating_income": 1550000,
      "net_income": 430000,
      "opex": 16810000,
      "cogs": 10693000,
      "rd": null,
      "sga": null,
      "fcf": 19130000,
      "ocf": 19130000,
      "capex": null,
      "gross_margin": 0.41759259259259257,
      "op_margin": 0.08442265795206971,
      "fcf_margin": 1.0419389978213507
    },
    {
      "date": "2021-03-31T00:00:00",
      "quarter_label": "2021-03 (Q1)",
      "revenue": 21097000,
      "gross_profit": 7113000,
      "operating_income": 330000,
      "net_income": 13737000,
      "opex": 20767000,
      "cogs": 13984000,
      "rd": null,
      "sga": null,
      "fcf": 21947000,
      "ocf": 21947000,
      "capex": null,
      "gross_margin": 0.33715694174527183,
      "op_margin": 0.01564203441247571,
      "fcf_margin": 1.040290088638195,
      "op_leverage_ratio": 0.6332916818764683,
      "fcf_margin_change": -0.0016489091831557445
    },
    {
      "date": "2021-06-30T00:00:00",
      "quarter_label": "2021-06 (Q2)",
      "revenue": 19633000,
      "gross_profit": 4901000,
      "operating_income": 439000,
      "net_income": 16590000,
      "opex": 19194000,
      "cogs": 14732000,
      "rd": null,
      "sga": null,
      "fcf": -3796000,
      "ocf": -3796000,
      "capex": null,
      "gross_margin": 0.24963072378138848,
      "op_margin": 0.02236031172006316,
      "fcf_margin": -0.19334793459990832,
      "fcf_margin_change": -1.2336380232381032
    },
    {
      "date": "2021-09-30T00:00:00",
      "quarter_label": "2021-09 (Q3)",
      "revenue": 28854000,
      "gross_profit": 8898000,
      "operating_income": 3299000,
      "net_income": 24253000,
      "opex": 25555000,
      "cogs": 19956000,
      "rd": null,
      "sga": null,
      "fcf": 6537000,
      "ocf": 6537000,
      "capex": null,
      "gross_margin": 0.30838012060719483,
      "op_margin": 0.11433423442157066,
      "fcf_margin": 0.22655437720939905,
      "op_leverage_ratio": 1.4172010007277627,
      "fcf_margin_change": 0.41990231180930737
    },
    {
      "date": "2021-12-31T00:00:00",
      "quarter_label": "2021-12 (Q4)",
      "revenue": 25764000,
      "gross_profit": 8860000,
      "operating_income": 784000,
      "net_income": 5821000,
      "opex": 29926000,
      "cogs": 16904000,
      "rd": null,
      "sga": null,
      "fcf": 1311000,
      "ocf": 1311000,
      "capex": null,
      "gross_margin": 0.343890700201832,
      "op_margin": 0.030430057444496197,
      "fcf_margin": 0.05088495575221239,
      "incr_op_margin_yoy": -0.10345759049162614,
      "rev_growth_yoy": 0.40326797385620916,
      "fcf_margin_change": -0.17566942145718667
    },
    {
      "date": "2022-03-31T00:00:00",
      "quarter_label": "2022-03 (Q1)",
      "revenue": 26402000,
      "gross_profit": null,
      "operating_income": -3335000,
      "net_income": -3033000,
      "opex": 29737000,
      "cogs": null,
      "rd": null,
      "sga": null,
      "fcf": 2094000,
      "ocf": 2094000,
      "capex": null,
      "gross_margin": null,
      "op_margin": -0.12631618816756307,
      "fcf_margin": 0.07931217332020302,
      "incr_op_margin_yoy": -0.6908576814326107,
      "rev_growth_yoy": 0.25145755320661706,
      "rev_growth_yoy_accel": -0.1518104206495921,
      "op_leverage_ratio": Infinity,
      "fcf_margin_change": 0.028427217567990624
    },
    {
      "date": "2022-06-30T00:00:00",
      "quarter_label": "2022-06 (Q2)",
      "revenue": 24739000,
      "gross_profit": null,
      "operating_income": -2736000,
      "net_income": -326000,
      "opex": 27475000,
      "cogs": null,
      "rd": null,
      "sga": null,
      "fcf": -336000,
      "ocf": -336000,
      "capex": null,
      "gross_margin": null,
      "op_margin": -0.1105946077044343,
      "fcf_margin": -0.013581793928614737,
      "incr_op_margin_yoy": -0.6218174696435566,
      "rev_growth_yoy": 0.26007232720419704,
      "rev_growth_yoy_accel": 0.008614773997579983,
      "fcf_margin_change": -0.09289396724881775
    },
    {
      "date": "2022-09-30T00:00:00",
      "quarter_label": "2022-09 (Q3)",
      "revenue": 28437000,
      "gross_profit": null,
      "operating_income": -2623000,
      "net_income": -2391000,
      "opex": 31060000,
      "cogs": null,
      "rd": null,
      "sga": null,
      "fcf": -1406000,
      "ocf": -1406000,
      "capex": null,
      "gross_margin": null,
      "op_margin": -0.09223898442170411,
      "fcf_margin": -0.04944262756268242,
      "rev_growth_yoy": -0.014452069037221876,
      "rev_growth_yoy_accel": -0.2745243962414189,
      "op_leverage_ratio": 1.145600797570711,
      "fcf_margin_change": -0.03586083363406768
    },
    {
      "date": "2022-12-31T00:00:00",
      "quarter_label": "2022-12 (Q4)",
      "revenue": 23409000,
      "gross_profit": null,
      "operating_income": -3374000,
      "net_income": -3167000,
      "opex": 26783000,
      "cogs": null,
      "rd": null,
      "sga": null,
      "fcf": -6413000,
      "ocf": -6413000,
      "capex": null,
      "gross_margin": null,
      "op_margin": -0.14413259857319835,
      "fcf_margin": -0.2739544619590756,
      "incr_op_margin_yoy": 1.7656050955414013,
      "rev_growth_yoy": -0.09140661387983233,
      "rev_growth_yoy_accel": -0.07695454484261045,
      "fcf_margin_change": -0.22451183439639316
    },
    {
      "date": "2023-03-31T00:00:00",
      "quarter_label": "2023-03 (Q1)",
      "revenue": 20805000,
      "gross_profit": 3630000,
      "operating_income": -7827000,
      "net_income": -7508000,
      "opex": 28632000,
      "cogs": 17175000,
      "rd": 732000,
      "sga": 11283000,
      "fcf": -17705000,
      "ocf": -17705000,
      "capex": null,
      "gross_margin": 0.17447728911319393,
      "op_margin": -0.3762076423936554,
      "fcf_margin": -0.8509973564047104,
      "incr_op_margin_yoy": 0.8025728068608183,
      "rev_growth_yoy": -0.211991515794258,
      "rev_growth_yoy_accel": -0.12058490191442568,
      "fcf_margin_change": -0.5770428944456348
    },
    {
      "date": "2023-06-30T00:00:00",
      "quarter_label": "2023-06 (Q2)",
      "revenue": 20445000,
      "gross_profit": 5109000,
      "operating_income": -6087000,
      "net_income": -5856000,
      "opex": 26532000,
      "cogs": 15336000,
      "rd": 774000,
      "sga": 7994000,
      "fcf": -3454000,
      "ocf": -3454000,
      "capex": null,
      "gross_margin": 0.24988994864269992,
      "op_margin": -0.29772560528246517,
      "fcf_margin": -0.1689410613842015,
      "incr_op_margin_yoy": 0.780391243595715,
      "rev_growth_yoy": -0.17357209264723716,
      "rev_growth_yoy_accel": 0.03841942314702085,
      "fcf_margin_change": 0.6820562950205089
    },
    {
      "date": "2023-09-30T00:00:00",
      "quarter_label": "2023-09 (Q3)",
      "revenue": 29829000,
      "gross_profit": 9122000,
      "operating_income": -2525000,
      "net_income": -2175000,
      "opex": 32354000,
      "cogs": 20707000,
      "rd": 639000,
      "sga": 8297000,
      "fcf": 14000,
      "ocf": 14000,
      "capex": null,
      "gross_margin": 0.3058097824264977,
      "op_margin": -0.08464916691809983,
      "fcf_margin": 0.000469341915585504,
      "incr_op_margin_yoy": 0.07040229885057471,
      "rev_growth_yoy": 0.04895031121426311,
      "rev_growth_yoy_accel": 0.22252240386150027,
      "op_leverage_ratio": 2.091696509785409,
      "fcf_margin_change": 0.16941040329978702
    },
    {
      "date": "2023-12-31T00:00:00",
      "quarter_label": "2023-12 (Q4)",
      "revenue": 28104000,
      "gross_profit": 13999000,
      "operating_income": 3104000,
      "net_income": 3290000,
      "opex": 25000000,
      "cogs": 14105000,
      "rd": 1155000,
      "sga": 6495000,
      "fcf": 4492000,
      "ocf": 4492000,
      "capex": null,
      "gross_margin": 0.49811414745231997,
      "op_margin": 0.11044691147167662,
      "fcf_margin": 0.15983489894676914,
      "incr_op_margin_yoy": 1.379765708200213,
      "rev_growth_yoy": 0.20056388568499295,
      "rev_growth_yoy_accel": 0.15161357447072984,
      "fcf_margin_change": 0.15936555703118363
    },
    {
      "date": "2024-03-31T00:00:00",
      "quarter_label": "2024-03 (Q1)",
      "revenue": 21740000,
      "gross_profit": 8027000,
      "operating_income": -2980000,
      "net_income": -3419000,
      "opex": 11007000,
      "cogs": 13713000,
      "rd": 1625000,
      "sga": 7666000,
      "fcf": 526000,
      "ocf": 526000,
      "capex": null,
      "gross_margin": 0.3692272309107636,
      "op_margin": -0.13707451701931922,
      "fcf_margin": 0.024195032198712052,
      "rev_growth_yoy": 0.04494111992309541,
      "rev_growth_yoy_accel": -0.15562276576189754,
      "fcf_margin_change": -0.1356398667480571
    },
    {
      "date": "2024-06-30T00:00:00",
      "quarter_label": "2024-06 (Q2)",
      "revenue": 25405000,
      "gross_profit": 8178000,
      "operating_income": -1420000,
      "net_income": -1968000,
      "opex": 9598000,
      "cogs": 17227000,
      "rd": 929000,
      "sga": 7011000,
      "fcf": -2950000,
      "ocf": -2950000,
      "capex": null,
      "gross_margin": 0.3219051367840976,
      "op_margin": -0.05589450895493013,
      "fcf_margin": -0.11611887423735485,
      "incr_op_margin_yoy": 0.9409274193548387,
      "rev_growth_yoy": 0.24260210320371728,
      "rev_growth_yoy_accel": 0.19766098328062187,
      "op_leverage_ratio": Infinity,
      "fcf_margin_change": -0.1403139064360669
    },
    {
      "date": "2024-09-30T00:00:00",
      "quarter_label": "2024-09 (Q3)",
      "revenue": 34774000,
      "gross_profit": 13435000,
      "operating_income": 2028000,
      "net_income": 1617000,
      "opex": 11407000,
      "cogs": 21339000,
      "rd": 787000,
      "sga": 8058000,
      "fcf": 7692000,
      "ocf": 7692000,
      "capex": null,
      "gross_margin": 0.3863518720883419,
      "op_margin": 0.058319434059929835,
      "fcf_margin": 0.221199746937367,
      "incr_op_margin_yoy": 0.9207280080889788,
      "rev_growth_yoy": 0.1657782694693084,
      "rev_growth_yoy_accel": -0.07682383373440888,
      "op_leverage_ratio": 1.9566638368872036,
      "fcf_margin_change": 0.33731862117472183
    },
    {
      "date": "2024-12-31T00:00:00",
      "quarter_label": "2024-12 (Q4)",
      "revenue": 27040000,
      "gross_profit": 9804000,
      "operating_income": 413000,
      "net_income": -1339000,
      "opex": 9391000,
      "cogs": 17236000,
      "rd": 709000,
      "sga": 5960000,
      "fcf": 5209000,
      "ocf": 5209000,
      "capex": null,
      "gross_margin": 0.36257396449704143,
      "op_margin": 0.015273668639053254,
      "fcf_margin": 0.1926405325443787,
      "incr_op_margin_yoy": 2.529135338345865,
      "rev_growth_yoy": -0.03785937944776544,
      "rev_growth_yoy_accel": -0.20363764891707384,
      "fcf_margin_change": -0.02855921439298828
    },
    {
      "date": "2025-03-31T00:00:00",
      "quarter_label": "2025-03 (Q1)",
      "revenue": 27247000,
      "gross_profit": 9915000,
      "operating_income": 662000,
      "net_income": 203000,
      "opex": 9253000,
      "cogs": 17332000,
      "rd": 874000,
      "sga": 6053000,
      "fcf": -5803000,
      "ocf": -5803000,
      "capex": null,
      "gross_margin": 0.36389327265387017,
      "op_margin": 0.024296252798473226,
      "fcf_margin": -0.2129775755129005,
      "incr_op_margin_yoy": 0.6613401125839841,
      "rev_growth_yoy": 0.253311867525299,
      "rev_growth_yoy_accel": 0.29117124697306446,
      "fcf_margin_change": -0.4056181080572792
    },
    {
      "date": "2025-06-30T00:00:00",
      "quarter_label": "2025-06 (Q2)",
      "revenue": 28584000,
      "gross_profit": 9518000,
      "operating_income": -1555000,
      "net_income": -2133000,
      "opex": 11073000,
      "cogs": 19066000,
      "rd": 2697000,
      "sga": 5918000,
      "fcf": 527000,
      "ocf": 527000,
      "capex": null,
      "gross_margin": 0.3329834872656031,
      "op_margin": -0.0544010635320459,
      "fcf_margin": 0.01843688776938147,
      "incr_op_margin_yoy": -0.04246618433469645,
      "rev_growth_yoy": 0.12513284786459358,
      "rev_growth_yoy_accel": -0.1281790196607054,
      "op_leverage_ratio": 0.24947319535531082,
      "fcf_margin_change": 0.23141446328228196
    },
    {
      "date": "2025-09-30T00:00:00",
      "quarter_label": "2025-09 (Q3)",
      "revenue": 35074000,
      "gross_profit": 10109000,
      "operating_income": -839000,
      "net_income": -653000,
      "opex": 10948000,
      "cogs": 24965000,
      "rd": 2566000,
      "sga": 4624000,
      "fcf": 5304000,
      "ocf": 5304000,
      "capex": null,
      "gross_margin": 0.28821919370473853,
      "op_margin": -0.023920853053543936,
      "fcf_margin": 0.15122312824314307,
      "rev_growth_yoy": 0.008627135215965951,
      "rev_growth_yoy_accel": -0.11650571264862764,
      "op_leverage_ratio": Infinity,
      "fcf_margin_change": 0.1327862404737616
    }
  ],
  "signals": [
    {
      "quarter": "2025-09 (Q3)",
      "signal": "FCF MARGIN EXPANSION",
      "detail": "FCF margin: +1.8% -> +15.1% (+13.3%)",
      "severity": "MEDIUM"
    },
    {
      "quarter": "2025-09 (Q3)",
      "signal": "YoY REVENUE GROWTH DECELERATION",
      "detail": "YoY growth: +0.9% vs prior quarter YoY: +12.5% (decel: -11.7%)",
      "severity": "WARNING"
    },
    {
      "quarter": "2025-06 (Q2)",
      "signal": "FCF TURNED POSITIVE",
      "detail": "FCF margin: -21.3% -> +1.8%",
      "severity": "HIGH"
    },
    {
      "quarter": "2025-06 (Q2)",
      "signal": "YoY REVENUE GROWTH DECELERATION",
      "detail": "YoY growth: +12.5% vs prior quarter YoY: +25.3% (decel: -12.8%)",
      "severity": "WARNING"
    },
    {
      "quarter": "2025-03 (Q1)",
      "signal": "YoY REVENUE GROWTH ACCELERATION",
      "detail": "YoY growth: +25.3% vs prior quarter YoY: -3.8% (accel: +29.1%)",
      "severity": "HIGH"
    },
    {
      "quarter": "2025-03 (Q1)",
      "signal": "OP MARGIN TURNED POSITIVE (YoY)",
      "detail": "Op margin: -13.7% (year-ago) -> +2.4%",
      "severity": "HIGH"
    },
    {
      "quarter": "2024-12 (Q4)",
      "signal": "YoY REVENUE GROWTH DECELERATION",
      "detail": "YoY growth: -3.8% vs prior quarter YoY: +16.6% (decel: -20.4%)",
      "severity": "WARNING"
    },
    {
      "quarter": "2024-12 (Q4)",
      "signal": "INCREMENTAL MARGIN (YoY)",
      "detail": "YoY Incr OPM: +252.9% vs year-ago OPM: +11.0%",
      "severity": "HIGH"
    },
    {
      "quarter": "2024-09 (Q3)",
      "signal": "FCF TURNED POSITIVE",
      "detail": "FCF margin: -11.6% -> +22.1%",
      "severity": "HIGH"
    },
    {
      "quarter": "2024-09 (Q3)",
      "signal": "OPERATING LEVERAGE",
      "detail": "Rev growth +36.9% vs OpEx growth +18.8% (leverage: 2.0x)",
      "severity": "MEDIUM"
    },
    {
      "quarter": "2024-09 (Q3)",
      "signal": "GROSS MARGIN INFLECTION",
      "detail": "GM: +36.9% -> +32.2% -> +38.6% (reversal +6.4%)",
      "severity": "HIGH"
    },
    {
      "quarter": "2024-09 (Q3)",
      "signal": "YoY REVENUE GROWTH DECELERATION",
      "detail": "YoY growth: +16.6% vs prior quarter YoY: +24.3% (decel: -7.7%)",
      "severity": "WARNING"
    },
    {
      "quarter": "2024-09 (Q3)",
      "signal": "OP MARGIN TURNED POSITIVE (YoY)",
      "detail": "Op margin: -8.5% (year-ago) -> +5.8%",
      "severity": "HIGH"
    },
    {
      "quarter": "2024-09 (Q3)",
      "signal": "OP MARGIN TURNED POSITIVE (QoQ)",
      "detail": "Op margin: -5.6% -> +5.8%",
      "severity": "HIGH"
    },
    {
      "quarter": "2024-06 (Q2)",
      "signal": "YoY REVENUE GROWTH ACCELERATION",
      "detail": "YoY growth: +24.3% vs prior quarter YoY: +4.5% (accel: +19.8%)",
      "severity": "HIGH"
    },
    {
      "quarter": "2024-03 (Q1)",
      "signal": "YoY REVENUE GROWTH DECELERATION",
      "detail": "YoY growth: +4.5% vs prior quarter YoY: +20.1% (decel: -15.6%)",
      "severity": "WARNING"
    },
    {
      "quarter": "2023-12 (Q4)",
      "signal": "FCF MARGIN EXPANSION",
      "detail": "FCF margin: +0.0% -> +16.0% (+15.9%)",
      "severity": "MEDIUM"
    },
    {
      "quarter": "2023-12 (Q4)",
      "signal": "YoY REVENUE GROWTH ACCELERATION",
      "detail": "YoY growth: +20.1% vs prior quarter YoY: +4.9% (accel: +15.2%)",
      "severity": "HIGH"
    },
    {
      "quarter": "2023-12 (Q4)",
      "signal": "OP MARGIN TURNED POSITIVE (YoY)",
      "detail": "Op margin: -14.4% (year-ago) -> +11.0%",
      "severity": "HIGH"
    },
    {
      "quarter": "2023-12 (Q4)",
      "signal": "OP MARGIN TURNED POSITIVE (QoQ)",
      "detail": "Op margin: -8.5% -> +11.0%",
      "severity": "HIGH"
    },
    {
      "quarter": "2023-09 (Q3)",
      "signal": "FCF TURNED POSITIVE",
      "detail": "FCF margin: -16.9% -> +0.0%",
      "severity": "HIGH"
    },
    {
      "quarter": "2023-09 (Q3)",
      "signal": "OPERATING LEVERAGE",
      "detail": "Rev growth +45.9% vs OpEx growth +21.9% (leverage: 2.1x)",
      "severity": "MEDIUM"
    },
    {
      "quarter": "2023-09 (Q3)",
      "signal": "YoY REVENUE GROWTH ACCELERATION",
      "detail": "YoY growth: +4.9% vs prior quarter YoY: -17.4% (accel: +22.3%)",
      "severity": "HIGH"
    },
    {
      "quarter": "2023-06 (Q2)",
      "signal": "FCF MARGIN EXPANSION",
      "detail": "FCF margin: -85.1% -> -16.9% (+68.2%)",
      "severity": "MEDIUM"
    },
    {
      "quarter": "2023-03 (Q1)",
      "signal": "YoY REVENUE GROWTH DECELERATION",
      "detail": "YoY growth: -21.2% vs prior quarter YoY: -9.1% (decel: -12.1%)",
      "severity": "WARNING"
    },
    {
      "quarter": "2022-12 (Q4)",
      "signal": "YoY REVENUE GROWTH DECELERATION",
      "detail": "YoY growth: -9.1% vs prior quarter YoY: -1.4% (decel: -7.7%)",
      "severity": "WARNING"
    },
    {
      "quarter": "2022-09 (Q3)",
      "signal": "YoY REVENUE GROWTH DECELERATION",
      "detail": "YoY growth: -1.4% vs prior quarter YoY: +26.0% (decel: -27.5%)",
      "severity": "WARNING"
    },
    {
      "quarter": "2022-03 (Q1)",
      "signal": "YoY REVENUE GROWTH DECELERATION",
      "detail": "YoY growth: +25.1% vs prior quarter YoY: +40.3% (decel: -15.2%)",
      "severity": "WARNING"
    },
    {
      "quarter": "2021-09 (Q3)",
      "signal": "FCF TURNED POSITIVE",
      "detail": "FCF margin: -19.3% -> +22.7%",
      "severity": "HIGH"
    },
    {
      "quarter": "2021-09 (Q3)",
      "signal": "GROSS MARGIN INFLECTION",
      "detail": "GM: +33.7% -> +25.0% -> +30.8% (reversal +5.9%)",
      "severity": "HIGH"
    }
  ],
  "data_quality": {
    "n_quarters": 20,
    "coverage": {
      "revenue": [
        20,
        20
      ],
      "gross_profit": [
        16,
        20
      ],
      "op_income": [
        20,
        20
      ],
      "fcf": [
        20,
        20
      ]
    },
    "gaps": [],
    "warnings": []
  },
  "market_cap": null,
  "source": "SEC EDGAR",
  "last_updated": "2026-02-02T23:07:19.020216"
}