{
  "ticker": "ARRY",
  "name": "ARRAY TECHNOLOGIES, INC.",
  "quarters": [
    {
      "date": "2020-12-31T00:00:00",
      "quarter_label": "2020-12 (Q4)",
      "revenue": 180566000,
      "gross_profit": 35452000,
      "operating_income": -2240000,
      "net_income": -9772000,
      "opex": 37692000,
      "cogs": 145114000,
      "rd": null,
      "sga": null,
      "fcf": 103567000,
      "ocf": 104295000,
      "capex": -728000,
      "gross_margin": 0.1963381810529114,
      "op_margin": -0.012405436239380615,
      "fcf_margin": 0.5735686674124697
    },
    {
      "date": "2021-03-31T00:00:00",
      "quarter_label": "2021-03 (Q1)",
      "revenue": 245932000,
      "gross_profit": 43858000,
      "operating_income": 13053000,
      "net_income": 2887000,
      "opex": 30805000,
      "cogs": 202074000,
      "rd": null,
      "sga": null,
      "fcf": -42718000,
      "ocf": -42148000,
      "capex": -570000,
      "gross_margin": 0.17833384838085325,
      "op_margin": 0.05307564692679277,
      "fcf_margin": -0.17369842070165736,
      "op_leverage_ratio": Infinity,
      "fcf_margin_change": -0.747267088114127
    },
    {
      "date": "2021-06-30T00:00:00",
      "quarter_label": "2021-06 (Q2)",
      "revenue": 202796000,
      "gross_profit": 26787000,
      "operating_income": 5706000,
      "net_income": -17000,
      "opex": 21081000,
      "cogs": 176009000,
      "rd": null,
      "sga": null,
      "fcf": -92591000,
      "ocf": -91961000,
      "capex": -630000,
      "gross_margin": 0.1320884041105347,
      "op_margin": 0.02813664963805992,
      "fcf_margin": -0.45657212173810136,
      "fcf_margin_change": -0.282873701036444
    },
    {
      "date": "2021-09-30T00:00:00",
      "quarter_label": "2021-09 (Q3)",
      "revenue": 192068000,
      "gross_profit": 9279000,
      "operating_income": -16134000,
      "net_income": -25552000,
      "opex": 25413000,
      "cogs": 182789000,
      "rd": null,
      "sga": null,
      "fcf": -32780000,
      "ocf": -31728000,
      "capex": -1052000,
      "gross_margin": 0.04831101484890768,
      "op_margin": -0.08400149946893809,
      "fcf_margin": -0.1706687214944707,
      "fcf_margin_change": 0.28590340024363065
    },
    {
      "date": "2021-12-31T00:00:00",
      "quarter_label": "2021-12 (Q4)",
      "revenue": 212522000,
      "gross_profit": 2935000,
      "operating_income": -27366000,
      "net_income": -27721000,
      "opex": 30301000,
      "cogs": 209587000,
      "rd": null,
      "sga": null,
      "fcf": -98455000,
      "ocf": -97350000,
      "capex": -1105000,
      "gross_margin": 0.013810334930030773,
      "op_margin": -0.1287678452113193,
      "fcf_margin": -0.4632696850208449,
      "incr_op_margin_yoy": -0.7862686193516084,
      "rev_growth_yoy": 0.17697683949359236,
      "op_leverage_ratio": 0.5536661554536042,
      "fcf_margin_change": -0.2926009635263742
    },
    {
      "date": "2022-03-31T00:00:00",
      "quarter_label": "2022-03 (Q1)",
      "revenue": 300586000,
      "gross_profit": 26587000,
      "operating_income": -32161000,
      "net_income": -22054000,
      "opex": 58748000,
      "cogs": 273999000,
      "rd": null,
      "sga": null,
      "fcf": -52454000,
      "ocf": -50097000,
      "capex": -2357000,
      "gross_margin": 0.08845055990631633,
      "op_margin": -0.10699433772697331,
      "fcf_margin": -0.17450579867325824,
      "incr_op_margin_yoy": -0.8272770519998536,
      "rev_growth_yoy": 0.22223216173576435,
      "rev_growth_yoy_accel": 0.04525532224217199,
      "op_leverage_ratio": 0.44138239026849413,
      "fcf_margin_change": 0.28876388634758665
    },
    {
      "date": "2022-06-30T00:00:00",
      "quarter_label": "2022-06 (Q2)",
      "revenue": 424929000,
      "gross_profit": 47376000,
      "operating_income": -6844000,
      "net_income": -2777000,
      "opex": 54220000,
      "cogs": 377553000,
      "rd": null,
      "sga": null,
      "fcf": -12205000,
      "ocf": -10667000,
      "capex": -1538000,
      "gross_margin": 0.11149156682645807,
      "op_margin": -0.016106220097945774,
      "fcf_margin": -0.0287224453967604,
      "incr_op_margin_yoy": -0.056497683820053754,
      "rev_growth_yoy": 1.0953519793289808,
      "rev_growth_yoy_accel": 0.8731198175932164,
      "op_leverage_ratio": Infinity,
      "fcf_margin_change": 0.14578335327649783
    },
    {
      "date": "2022-09-30T00:00:00",
      "quarter_label": "2022-09 (Q3)",
      "revenue": 515024000,
      "gross_profit": 80223000,
      "operating_income": 18520000,
      "net_income": 40822000,
      "opex": 61703000,
      "cogs": 434801000,
      "rd": null,
      "sga": null,
      "fcf": 101992000,
      "ocf": 104787000,
      "capex": -2795000,
      "gross_margin": 0.15576555655658766,
      "op_margin": 0.035959489266519616,
      "fcf_margin": 0.1980334897014508,
      "incr_op_margin_yoy": 0.10730254276124301,
      "rev_growth_yoy": 1.681466980444426,
      "rev_growth_yoy_accel": 0.5861150011154452,
      "op_leverage_ratio": 1.5362718980294219,
      "fcf_margin_change": 0.22675593509821118
    },
    {
      "date": "2022-12-31T00:00:00",
      "quarter_label": "2022-12 (Q4)",
      "revenue": 402071000,
      "gross_profit": 80520000,
      "operating_income": 7416000,
      "net_income": -9110000,
      "opex": 73104000,
      "cogs": 321551000,
      "rd": null,
      "sga": null,
      "fcf": 93541000,
      "ocf": 97470000,
      "capex": -3929000,
      "gross_margin": 0.20026313760504985,
      "op_margin": 0.01844450358270057,
      "fcf_margin": 0.2326479651603821,
      "incr_op_margin_yoy": 0.18349872592311223,
      "rev_growth_yoy": 0.8919029559292685,
      "rev_growth_yoy_accel": -0.7895640245151575,
      "fcf_margin_change": 0.034614475458931315
    },
    {
      "date": "2023-03-31T00:00:00",
      "quarter_label": "2023-03 (Q1)",
      "revenue": 376773000,
      "gross_profit": 101179000,
      "operating_income": 47458000,
      "net_income": 26132000,
      "opex": 53721000,
      "cogs": 275594000,
      "rd": 2100000,
      "sga": null,
      "fcf": 41933000,
      "ocf": 45816000,
      "capex": -3883000,
      "gross_margin": 0.26854100479599124,
      "op_margin": 0.12595913189108562,
      "fcf_margin": 0.11129512995888771,
      "incr_op_margin_yoy": 1.0450470552718967,
      "rev_growth_yoy": 0.25346157172988765,
      "rev_growth_yoy_accel": -0.6384413841993808,
      "fcf_margin_change": -0.1213528352014944
    },
    {
      "date": "2023-06-30T00:00:00",
      "quarter_label": "2023-06 (Q2)",
      "revenue": 507725000,
      "gross_profit": 150042000,
      "operating_income": 96241000,
      "net_income": 64808000,
      "opex": 53801000,
      "cogs": 357683000,
      "rd": 2300000,
      "sga": null,
      "fcf": 14999000,
      "ocf": 20540000,
      "capex": -5541000,
      "gross_margin": 0.29551824314343395,
      "op_margin": 0.18955339997045645,
      "fcf_margin": 0.029541582549608546,
      "incr_op_margin_yoy": 1.2450480699550703,
      "rev_growth_yoy": 0.19484666850226745,
      "rev_growth_yoy_accel": -0.058614903227620196,
      "op_leverage_ratio": 233.39226775803996,
      "fcf_margin_change": -0.08175354740927916
    },
    {
      "date": "2023-09-30T00:00:00",
      "quarter_label": "2023-09 (Q3)",
      "revenue": 350438000,
      "gross_profit": 87379000,
      "operating_income": 40205000,
      "net_income": 23214000,
      "opex": 47174000,
      "cogs": 263059000,
      "rd": 2000000,
      "sga": null,
      "fcf": 69427000,
      "ocf": 71618000,
      "capex": -2191000,
      "gross_margin": 0.24934225169644844,
      "op_margin": 0.11472785485592316,
      "fcf_margin": 0.19811493045845485,
      "incr_op_margin_yoy": -0.13175482726355825,
      "rev_growth_yoy": -0.31956957345677095,
      "rev_growth_yoy_accel": -0.5144162419590383,
      "fcf_margin_change": 0.16857334790884632
    },
    {
      "date": "2023-12-31T00:00:00",
      "quarter_label": "2023-12 (Q4)",
      "revenue": 341615000,
      "gross_profit": 84229000,
      "operating_income": 30220000,
      "net_income": 23086000,
      "opex": 54009000,
      "cogs": 257386000,
      "rd": 2100000,
      "sga": null,
      "fcf": 88607000,
      "ocf": 93981000,
      "capex": -5374000,
      "gross_margin": 0.24656118730149437,
      "op_margin": 0.08846215769213882,
      "fcf_margin": 0.25937678380633167,
      "incr_op_margin_yoy": -0.3771999470689427,
      "rev_growth_yoy": -0.1503615033165784,
      "rev_growth_yoy_accel": 0.16920807014019254,
      "fcf_margin_change": 0.061261853347876816
    },
    {
      "date": "2024-03-31T00:00:00",
      "quarter_label": "2024-03 (Q1)",
      "revenue": 153403000,
      "gross_profit": 55090000,
      "operating_income": 8414000,
      "net_income": 2165000,
      "opex": 46676000,
      "cogs": 98313000,
      "rd": 1900000,
      "sga": null,
      "fcf": 45106000,
      "ocf": 47502000,
      "capex": -2396000,
      "gross_margin": 0.3591194435571664,
      "op_margin": 0.054848992522962395,
      "fcf_margin": 0.29403597061335174,
      "incr_op_margin_yoy": 0.17479518288042262,
      "rev_growth_yoy": -0.5928503369402797,
      "rev_growth_yoy_accel": -0.4424888336237013,
      "fcf_margin_change": 0.03465918680702007
    },
    {
      "date": "2024-06-30T00:00:00",
      "quarter_label": "2024-06 (Q2)",
      "revenue": 255766000,
      "gross_profit": 85953000,
      "operating_income": 39602000,
      "net_income": 25698000,
      "opex": 46351000,
      "cogs": 169813000,
      "rd": 1800000,
      "sga": null,
      "fcf": 1826000,
      "ocf": 3957000,
      "capex": -2131000,
      "gross_margin": 0.33606108708741583,
      "op_margin": 0.15483684305185208,
      "fcf_margin": 0.007139338301416138,
      "incr_op_margin_yoy": 0.2247945102179323,
      "rev_growth_yoy": -0.4962509232360037,
      "rev_growth_yoy_accel": 0.09659941370427594,
      "op_leverage_ratio": Infinity,
      "fcf_margin_change": -0.2868966323119356
    },
    {
      "date": "2024-09-30T00:00:00",
      "quarter_label": "2024-09 (Q3)",
      "revenue": 231406000,
      "gross_profit": 78315000,
      "operating_income": -132675000,
      "net_income": -141354000,
      "opex": 210990000,
      "cogs": 153091000,
      "rd": 1600000,
      "sga": null,
      "fcf": 43858000,
      "ocf": 44935000,
      "capex": -1077000,
      "gross_margin": 0.3384311556312282,
      "op_margin": -0.5733429556709851,
      "fcf_margin": 0.18952836140808796,
      "incr_op_margin_yoy": 1.4523825525909,
      "rev_growth_yoy": -0.3396663603832918,
      "rev_growth_yoy_accel": 0.15658456285271194,
      "fcf_margin_change": 0.18238902310667182
    },
    {
      "date": "2024-12-31T00:00:00",
      "quarter_label": "2024-12 (Q4)",
      "revenue": 275232000,
      "gross_profit": 78319000,
      "operating_income": -142346000,
      "net_income": -126903000,
      "opex": 220665000,
      "cogs": 196913000,
      "rd": 1400000,
      "sga": null,
      "fcf": 55885000,
      "ocf": 57586000,
      "capex": -1701000,
      "gross_margin": 0.28455630159283807,
      "op_margin": -0.5171855016858505,
      "fcf_margin": 0.20304688408324614,
      "incr_op_margin_yoy": 2.599551089887471,
      "rev_growth_yoy": -0.19432109245788387,
      "rev_growth_yoy_accel": 0.14534526792540792,
      "op_leverage_ratio": 4.130171803817138,
      "fcf_margin_change": 0.013518522675158184
    },
    {
      "date": "2025-03-31T00:00:00",
      "quarter_label": "2025-03 (Q1)",
      "revenue": 302363000,
      "gross_profit": 76428000,
      "operating_income": 27284000,
      "net_income": 16746000,
      "opex": 49144000,
      "cogs": 225935000,
      "rd": 2400000,
      "sga": null,
      "fcf": -15411000,
      "ocf": -13059000,
      "capex": -2352000,
      "gross_margin": 0.25276902266481016,
      "op_margin": 0.09023590849409485,
      "fcf_margin": -0.050968537817127096,
      "incr_op_margin_yoy": 0.1266783029001074,
      "rev_growth_yoy": 0.9710370722867219,
      "rev_growth_yoy_accel": 1.1653581647446059,
      "op_leverage_ratio": Infinity,
      "fcf_margin_change": -0.25401542190037324
    },
    {
      "date": "2025-06-30T00:00:00",
      "quarter_label": "2025-06 (Q2)",
      "revenue": 362243000,
      "gross_profit": 97124000,
      "operating_income": 46376000,
      "net_income": 43262000,
      "opex": 50748000,
      "cogs": 265119000,
      "rd": 2500000,
      "sga": null,
      "fcf": 37210000,
      "ocf": 43841000,
      "capex": -6631000,
      "gross_margin": 0.26811836253564597,
      "op_margin": 0.1280245581005016,
      "fcf_margin": 0.10272110158098294,
      "incr_op_margin_yoy": 0.06361937319796764,
      "rev_growth_yoy": 0.41630631123761563,
      "rev_growth_yoy_accel": -0.5547307610491062,
      "op_leverage_ratio": 6.067632716048899,
      "fcf_margin_change": 0.15368963939811003
    },
    {
      "date": "2025-09-30T00:00:00",
      "quarter_label": "2025-09 (Q3)",
      "revenue": 393491000,
      "gross_profit": 105671000,
      "operating_income": 45451000,
      "net_income": 33503000,
      "opex": 60220000,
      "cogs": 287820000,
      "rd": 2300000,
      "sga": null,
      "fcf": 21850000,
      "ocf": 27363000,
      "capex": -5513000,
      "gross_margin": 0.2685474381879128,
      "op_margin": 0.11550708910750182,
      "fcf_margin": 0.05552858896391531,
      "incr_op_margin_yoy": 1.0989665916031712,
      "rev_growth_yoy": 0.7004355980398088,
      "rev_growth_yoy_accel": 0.2841292868021932,
      "op_leverage_ratio": 0.46216756767202183,
      "fcf_margin_change": -0.047192512617067625
    }
  ],
  "signals": [
    {
      "quarter": "2025-09 (Q3)",
      "signal": "YoY REVENUE GROWTH ACCELERATION",
      "detail": "YoY growth: +70.0% vs prior quarter YoY: +41.6% (accel: +28.4%)",
      "severity": "HIGH"
    },
    {
      "quarter": "2025-09 (Q3)",
      "signal": "OP MARGIN TURNED POSITIVE (YoY)",
      "detail": "Op margin: -57.3% (year-ago) -> +11.6%",
      "severity": "HIGH"
    },
    {
      "quarter": "2025-06 (Q2)",
      "signal": "FCF TURNED POSITIVE",
      "detail": "FCF margin: -5.1% -> +10.3%",
      "severity": "HIGH"
    },
    {
      "quarter": "2025-06 (Q2)",
      "signal": "OPERATING LEVERAGE",
      "detail": "Rev growth +19.8% vs OpEx growth +3.3% (leverage: 6.1x)",
      "severity": "MEDIUM"
    },
    {
      "quarter": "2025-06 (Q2)",
      "signal": "YoY REVENUE GROWTH DECELERATION",
      "detail": "YoY growth: +41.6% vs prior quarter YoY: +97.1% (decel: -55.5%)",
      "severity": "WARNING"
    },
    {
      "quarter": "2025-03 (Q1)",
      "signal": "YoY REVENUE GROWTH ACCELERATION",
      "detail": "YoY growth: +97.1% vs prior quarter YoY: -19.4% (accel: +116.5%)",
      "severity": "HIGH"
    },
    {
      "quarter": "2025-03 (Q1)",
      "signal": "OP MARGIN TURNED POSITIVE (QoQ)",
      "detail": "Op margin: -51.7% -> +9.0%",
      "severity": "HIGH"
    },
    {
      "quarter": "2024-12 (Q4)",
      "signal": "OPERATING LEVERAGE",
      "detail": "Rev growth +18.9% vs OpEx growth +4.6% (leverage: 4.1x)",
      "severity": "MEDIUM"
    },
    {
      "quarter": "2024-12 (Q4)",
      "signal": "YoY REVENUE GROWTH ACCELERATION",
      "detail": "YoY growth: -19.4% vs prior quarter YoY: -34.0% (accel: +14.5%)",
      "severity": "MEDIUM"
    },
    {
      "quarter": "2024-09 (Q3)",
      "signal": "FCF MARGIN EXPANSION",
      "detail": "FCF margin: +0.7% -> +19.0% (+18.2%)",
      "severity": "MEDIUM"
    },
    {
      "quarter": "2024-09 (Q3)",
      "signal": "YoY REVENUE GROWTH ACCELERATION",
      "detail": "YoY growth: -34.0% vs prior quarter YoY: -49.6% (accel: +15.7%)",
      "severity": "HIGH"
    },
    {
      "quarter": "2024-06 (Q2)",
      "signal": "YoY REVENUE GROWTH ACCELERATION",
      "detail": "YoY growth: -49.6% vs prior quarter YoY: -59.3% (accel: +9.7%)",
      "severity": "MEDIUM"
    },
    {
      "quarter": "2024-03 (Q1)",
      "signal": "GROSS MARGIN INFLECTION",
      "detail": "GM: +24.9% -> +24.7% -> +35.9% (reversal +11.3%)",
      "severity": "HIGH"
    },
    {
      "quarter": "2024-03 (Q1)",
      "signal": "YoY REVENUE GROWTH DECELERATION",
      "detail": "YoY growth: -59.3% vs prior quarter YoY: -15.0% (decel: -44.2%)",
      "severity": "WARNING"
    },
    {
      "quarter": "2023-12 (Q4)",
      "signal": "FCF MARGIN EXPANSION",
      "detail": "FCF margin: +19.8% -> +25.9% (+6.1%)",
      "severity": "MEDIUM"
    },
    {
      "quarter": "2023-12 (Q4)",
      "signal": "YoY REVENUE GROWTH ACCELERATION",
      "detail": "YoY growth: -15.0% vs prior quarter YoY: -32.0% (accel: +16.9%)",
      "severity": "HIGH"
    },
    {
      "quarter": "2023-09 (Q3)",
      "signal": "FCF MARGIN EXPANSION",
      "detail": "FCF margin: +3.0% -> +19.8% (+16.9%)",
      "severity": "MEDIUM"
    },
    {
      "quarter": "2023-09 (Q3)",
      "signal": "YoY REVENUE GROWTH DECELERATION",
      "detail": "YoY growth: -32.0% vs prior quarter YoY: +19.5% (decel: -51.4%)",
      "severity": "WARNING"
    },
    {
      "quarter": "2023-06 (Q2)",
      "signal": "OPERATING LEVERAGE",
      "detail": "Rev growth +34.8% vs OpEx growth +0.1% (leverage: 233.4x)",
      "severity": "MEDIUM"
    },
    {
      "quarter": "2023-06 (Q2)",
      "signal": "YoY REVENUE GROWTH DECELERATION",
      "detail": "YoY growth: +19.5% vs prior quarter YoY: +25.3% (decel: -5.9%)",
      "severity": "WARNING"
    },
    {
      "quarter": "2023-06 (Q2)",
      "signal": "OP MARGIN TURNED POSITIVE (YoY)",
      "detail": "Op margin: -1.6% (year-ago) -> +19.0%",
      "severity": "HIGH"
    },
    {
      "quarter": "2023-03 (Q1)",
      "signal": "YoY REVENUE GROWTH DECELERATION",
      "detail": "YoY growth: +25.3% vs prior quarter YoY: +89.2% (decel: -63.8%)",
      "severity": "WARNING"
    },
    {
      "quarter": "2023-03 (Q1)",
      "signal": "OP MARGIN TURNED POSITIVE (YoY)",
      "detail": "Op margin: -10.7% (year-ago) -> +12.6%",
      "severity": "HIGH"
    },
    {
      "quarter": "2022-12 (Q4)",
      "signal": "YoY REVENUE GROWTH DECELERATION",
      "detail": "YoY growth: +89.2% vs prior quarter YoY: +168.1% (decel: -79.0%)",
      "severity": "WARNING"
    },
    {
      "quarter": "2022-12 (Q4)",
      "signal": "OP MARGIN TURNED POSITIVE (YoY)",
      "detail": "Op margin: -12.9% (year-ago) -> +1.8%",
      "severity": "HIGH"
    },
    {
      "quarter": "2022-09 (Q3)",
      "signal": "FCF TURNED POSITIVE",
      "detail": "FCF margin: -2.9% -> +19.8%",
      "severity": "HIGH"
    },
    {
      "quarter": "2022-09 (Q3)",
      "signal": "OPERATING LEVERAGE",
      "detail": "Rev growth +21.2% vs OpEx growth +13.8% (leverage: 1.5x)",
      "severity": "MEDIUM"
    },
    {
      "quarter": "2022-09 (Q3)",
      "signal": "YoY REVENUE GROWTH ACCELERATION",
      "detail": "YoY growth: +168.1% vs prior quarter YoY: +109.5% (accel: +58.6%)",
      "severity": "HIGH"
    },
    {
      "quarter": "2022-09 (Q3)",
      "signal": "OP MARGIN TURNED POSITIVE (YoY)",
      "detail": "Op margin: -8.4% (year-ago) -> +3.6%",
      "severity": "HIGH"
    },
    {
      "quarter": "2022-09 (Q3)",
      "signal": "OP MARGIN TURNED POSITIVE (QoQ)",
      "detail": "Op margin: -1.6% -> +3.6%",
      "severity": "HIGH"
    },
    {
      "quarter": "2022-06 (Q2)",
      "signal": "FCF MARGIN EXPANSION",
      "detail": "FCF margin: -17.5% -> -2.9% (+14.6%)",
      "severity": "MEDIUM"
    },
    {
      "quarter": "2022-06 (Q2)",
      "signal": "YoY REVENUE GROWTH ACCELERATION",
      "detail": "YoY growth: +109.5% vs prior quarter YoY: +22.2% (accel: +87.3%)",
      "severity": "HIGH"
    },
    {
      "quarter": "2022-03 (Q1)",
      "signal": "FCF MARGIN EXPANSION",
      "detail": "FCF margin: -46.3% -> -17.5% (+28.9%)",
      "severity": "MEDIUM"
    },
    {
      "quarter": "2022-03 (Q1)",
      "signal": "GROSS MARGIN INFLECTION",
      "detail": "GM: +4.8% -> +1.4% -> +8.8% (reversal +7.5%)",
      "severity": "HIGH"
    },
    {
      "quarter": "2021-09 (Q3)",
      "signal": "FCF MARGIN EXPANSION",
      "detail": "FCF margin: -45.7% -> -17.1% (+28.6%)",
      "severity": "MEDIUM"
    },
    {
      "quarter": "2021-03 (Q1)",
      "signal": "OP MARGIN TURNED POSITIVE (QoQ)",
      "detail": "Op margin: -1.2% -> +5.3%",
      "severity": "HIGH"
    }
  ],
  "data_quality": {
    "n_quarters": 20,
    "coverage": {
      "revenue": [
        20,
        20
      ],
      "gross_profit": [
        20,
        20
      ],
      "op_income": [
        20,
        20
      ],
      "fcf": [
        20,
        20
      ]
    },
    "gaps": [],
    "warnings": []
  },
  "market_cap": null,
  "source": "SEC EDGAR",
  "last_updated": "2026-02-02T21:42:33.599834",
  "sector": "Technology",
  "industry": "Solar"
}