{
  "ticker": "ARTW",
  "name": "ARTS WAY MANUFACTURING CO INC",
  "quarters": [
    {
      "date": "2020-11-30T00:00:00",
      "quarter_label": "2020-11 (Q4)",
      "revenue": 5472613,
      "gross_profit": -497158,
      "operating_income": -2002027,
      "net_income": -440963,
      "opex": 1504869,
      "cogs": 5969771,
      "rd": null,
      "sga": null,
      "fcf": -576346,
      "ocf": -497375,
      "capex": -78971,
      "gross_margin": -0.09084472079425313,
      "op_margin": -0.36582652564688933,
      "fcf_margin": -0.10531459103722482
    },
    {
      "date": "2021-02-28T00:00:00",
      "quarter_label": "2021-02 (Q1)",
      "revenue": 5400572,
      "gross_profit": 1042678,
      "operating_income": -368523,
      "net_income": -315238,
      "opex": 1411201,
      "cogs": 4357894,
      "rd": null,
      "sga": null,
      "fcf": 517375,
      "ocf": 681302,
      "capex": -163927,
      "gross_margin": 0.19306806760469075,
      "op_margin": -0.06823777185083357,
      "fcf_margin": 0.09580003747751165,
      "fcf_margin_change": 0.20111462851473647
    },
    {
      "date": "2021-05-31T00:00:00",
      "quarter_label": "2021-05 (Q2)",
      "revenue": 5710228,
      "gross_profit": 1722058,
      "operating_income": 148781,
      "net_income": 64090,
      "opex": 1573277,
      "cogs": 3988170,
      "rd": null,
      "sga": null,
      "fcf": -2176372,
      "ocf": -2021341,
      "capex": -155031,
      "gross_margin": 0.30157429790894513,
      "op_margin": 0.02605517678103221,
      "fcf_margin": -0.38113574449216386,
      "op_leverage_ratio": 0.49924060948221727,
      "fcf_margin_change": -0.4769357819696755
    },
    {
      "date": "2021-08-31T00:00:00",
      "quarter_label": "2021-08 (Q3)",
      "revenue": 6591829,
      "gross_profit": 1738421,
      "operating_income": 160204,
      "net_income": 56456,
      "opex": 1578217,
      "cogs": 4853408,
      "rd": null,
      "sga": null,
      "fcf": -76266,
      "ocf": 92291,
      "capex": -168557,
      "gross_margin": 0.26372361904412267,
      "op_margin": 0.02430342170587253,
      "fcf_margin": -0.011569778281566467,
      "op_leverage_ratio": 49.16962200515975,
      "fcf_margin_change": 0.3695659662105974
    },
    {
      "date": "2021-11-30T00:00:00",
      "quarter_label": "2021-11 (Q4)",
      "revenue": 7262458,
      "gross_profit": 2093333,
      "operating_income": 582945,
      "net_income": 407323,
      "opex": 1510388,
      "cogs": 5169125,
      "rd": null,
      "sga": null,
      "fcf": 129125,
      "ocf": 261894,
      "capex": -132769,
      "gross_margin": 0.28824028999548085,
      "op_margin": 0.08026827831568871,
      "fcf_margin": 0.017779793012228092,
      "incr_op_margin_yoy": 1.4442434959451795,
      "rev_growth_yoy": 0.3270549187380873,
      "op_leverage_ratio": Infinity,
      "fcf_margin_change": 0.02934957129379456
    },
    {
      "date": "2022-02-28T00:00:00",
      "quarter_label": "2022-02 (Q1)",
      "revenue": 5613066,
      "gross_profit": 1192144,
      "operating_income": -436876,
      "net_income": -406489,
      "opex": 1629020,
      "cogs": 4420922,
      "rd": null,
      "sga": null,
      "fcf": 994683,
      "ocf": 1168816,
      "capex": -174133,
      "gross_margin": 0.2123873120323189,
      "op_margin": -0.07783197275784749,
      "fcf_margin": 0.17720849888456683,
      "rev_growth_yoy": 0.039346572918572326,
      "rev_growth_yoy_accel": -0.287708345819515,
      "fcf_margin_change": 0.15942870587233873
    },
    {
      "date": "2022-05-31T00:00:00",
      "quarter_label": "2022-05 (Q2)",
      "revenue": 7275353,
      "gross_profit": 2193158,
      "operating_income": 321093,
      "net_income": 175353,
      "opex": 1872065,
      "cogs": 5082195,
      "rd": null,
      "sga": null,
      "fcf": -1784977,
      "ocf": -1450013,
      "capex": -334964,
      "gross_margin": 0.30145039010478253,
      "op_margin": 0.04413435334340478,
      "fcf_margin": -0.24534575848072251,
      "incr_op_margin_yoy": 0.11009472086894018,
      "rev_growth_yoy": 0.2740915073793901,
      "rev_growth_yoy_accel": 0.23474493446081776,
      "op_leverage_ratio": 1.9849317791190573,
      "fcf_margin_change": -0.42255425736528934
    },
    {
      "date": "2022-08-31T00:00:00",
      "quarter_label": "2022-08 (Q3)",
      "revenue": 8140253,
      "gross_profit": 2040481,
      "operating_income": 430807,
      "net_income": 237775,
      "opex": 1609674,
      "cogs": 6099772,
      "rd": null,
      "sga": null,
      "fcf": -135464,
      "ocf": 478861,
      "capex": -614325,
      "gross_margin": 0.2506655505670401,
      "op_margin": 0.05292304796914789,
      "fcf_margin": -0.01664125181367213,
      "incr_op_margin_yoy": 0.17476027238017494,
      "rev_growth_yoy": 0.23490051092041375,
      "rev_growth_yoy_accel": -0.039190996458976335,
      "op_leverage_ratio": Infinity,
      "fcf_margin_change": 0.2287045066670504
    },
    {
      "date": "2022-11-30T00:00:00",
      "quarter_label": "2022-11 (Q4)",
      "revenue": 7370964,
      "gross_profit": 1881186,
      "operating_income": 17893,
      "net_income": 91394,
      "opex": 1863293,
      "cogs": 5489778,
      "rd": null,
      "sga": null,
      "fcf": 207998,
      "ocf": 754057,
      "capex": -546059,
      "gross_margin": 0.2552157356893888,
      "op_margin": 0.002427497950064605,
      "fcf_margin": 0.02821856137134844,
      "rev_growth_yoy": 0.014940671601818558,
      "rev_growth_yoy_accel": -0.2199598393185952,
      "fcf_margin_change": 0.04485981318502057
    },
    {
      "date": "2023-02-28T00:00:00",
      "quarter_label": "2023-02 (Q1)",
      "revenue": 7894785,
      "gross_profit": 2349122,
      "operating_income": 548587,
      "net_income": 342210,
      "opex": 1800535,
      "cogs": 5545663,
      "rd": null,
      "sga": null,
      "fcf": 972483,
      "ocf": 1268597,
      "capex": -296114,
      "gross_margin": 0.29755363825613995,
      "op_margin": 0.06948726279436362,
      "fcf_margin": 0.12318042859938555,
      "incr_op_margin_yoy": 0.43189498794549197,
      "rev_growth_yoy": 0.40650136663278147,
      "rev_growth_yoy_accel": 0.3915606950309629,
      "op_leverage_ratio": Infinity,
      "fcf_margin_change": 0.09496186722803711
    },
    {
      "date": "2023-05-31T00:00:00",
      "quarter_label": "2023-05 (Q2)",
      "revenue": 9007874,
      "gross_profit": 2330654,
      "operating_income": 418610,
      "net_income": 306664,
      "opex": 1912044,
      "cogs": 6662313,
      "rd": null,
      "sga": null,
      "fcf": -2219733,
      "ocf": -1892069,
      "capex": -327664,
      "gross_margin": 0.25873519101177483,
      "op_margin": 0.04647156476655868,
      "fcf_margin": -0.24642140864758988,
      "incr_op_margin_yoy": 0.05628618643006347,
      "rev_growth_yoy": 0.23813566159607652,
      "rev_growth_yoy_accel": -0.16836570503670495,
      "op_leverage_ratio": 2.276571162833253,
      "fcf_margin_change": -0.36960183724697543
    },
    {
      "date": "2023-08-31T00:00:00",
      "quarter_label": "2023-08 (Q3)",
      "revenue": 8117422,
      "gross_profit": 2300624,
      "operating_income": 468223,
      "net_income": -74030,
      "opex": 1832401,
      "cogs": 5816798,
      "rd": null,
      "sga": null,
      "fcf": 159158,
      "ocf": 104825,
      "capex": 54333,
      "gross_margin": 0.2834180605615921,
      "op_margin": 0.057681244119130434,
      "fcf_margin": 0.019606963885824835,
      "rev_growth_yoy": -0.0028047039815592956,
      "rev_growth_yoy_accel": -0.24094036557763582,
      "fcf_margin_change": 0.2660283725334147
    },
    {
      "date": "2023-11-30T00:00:00",
      "quarter_label": "2023-11 (Q4)",
      "revenue": 6852276,
      "gross_profit": 1912787,
      "operating_income": 86570,
      "net_income": -307876,
      "opex": 1826217,
      "cogs": 4939489,
      "rd": null,
      "sga": null,
      "fcf": 191114,
      "ocf": 463453,
      "capex": -272339,
      "gross_margin": 0.27914622820213314,
      "op_margin": 0.012633758476745537,
      "fcf_margin": 0.02789058701079758,
      "rev_growth_yoy": -0.07036908605170233,
      "rev_growth_yoy_accel": -0.06756438207014304,
      "fcf_margin_change": 0.008283623124972744
    },
    {
      "date": "2024-02-29T00:00:00",
      "quarter_label": "2024-02 (Q1)",
      "revenue": 5723394,
      "gross_profit": 1473524,
      "operating_income": -380082,
      "net_income": -465040,
      "opex": 1853606,
      "cogs": 4249870,
      "rd": null,
      "sga": null,
      "fcf": -380448,
      "ocf": -99274,
      "capex": -281174,
      "gross_margin": 0.2574563274868024,
      "op_margin": -0.06640849817433502,
      "fcf_margin": -0.06647244624430888,
      "incr_op_margin_yoy": 0.4276839132150773,
      "rev_growth_yoy": -0.27504118224878826,
      "rev_growth_yoy_accel": -0.20467209619708593,
      "fcf_margin_change": -0.09436303325510646
    },
    {
      "date": "2024-05-31T00:00:00",
      "quarter_label": "2024-05 (Q2)",
      "revenue": 6730268,
      "gross_profit": 1906752,
      "operating_income": 168768,
      "net_income": -33340,
      "opex": 1737984,
      "cogs": 4823516,
      "rd": null,
      "sga": null,
      "fcf": 1015523,
      "ocf": 1246896,
      "capex": -231373,
      "gross_margin": 0.2833099662598874,
      "op_margin": 0.025075970228822984,
      "fcf_margin": 0.15088893934089995,
      "incr_op_margin_yoy": 0.10969500431593524,
      "rev_growth_yoy": -0.2528461210714093,
      "rev_growth_yoy_accel": 0.02219506117737896,
      "op_leverage_ratio": Infinity,
      "fcf_margin_change": 0.21736138558520884
    },
    {
      "date": "2024-08-31T00:00:00",
      "quarter_label": "2024-08 (Q3)",
      "revenue": 5875700,
      "gross_profit": 1700125,
      "operating_income": 153694,
      "net_income": -26200,
      "opex": 1546431,
      "cogs": 4175575,
      "rd": null,
      "sga": null,
      "fcf": 180542,
      "ocf": 282362,
      "capex": -101820,
      "gross_margin": 0.28934850315707067,
      "op_margin": 0.026157564205115988,
      "fcf_margin": 0.030726892114982043,
      "incr_op_margin_yoy": 0.14030687123559477,
      "rev_growth_yoy": -0.27616181590657723,
      "rev_growth_yoy_accel": -0.023315694835167933,
      "fcf_margin_change": -0.1201620472259179
    },
    {
      "date": "2024-11-30T00:00:00",
      "quarter_label": "2024-11 (Q4)",
      "revenue": 6170008,
      "gross_profit": 2229463,
      "operating_income": 518315,
      "net_income": 831927,
      "opex": 1711148,
      "cogs": 3940545,
      "rd": null,
      "sga": null,
      "fcf": 1086404,
      "ocf": 1196716,
      "capex": -110312,
      "gross_margin": 0.36133875353159994,
      "op_margin": 0.08400556368808598,
      "fcf_margin": 0.176078215781892,
      "rev_growth_yoy": -0.09956808511507709,
      "rev_growth_yoy_accel": 0.17659373079150015,
      "op_leverage_ratio": 0.4702562507881511,
      "fcf_margin_change": 0.14535132366690995
    },
    {
      "date": "2025-02-28T00:00:00",
      "quarter_label": "2025-02 (Q1)",
      "revenue": 5140955,
      "gross_profit": 1496509,
      "operating_income": 2485,
      "net_income": -55757,
      "opex": 1494024,
      "cogs": 3644446,
      "rd": null,
      "sga": null,
      "fcf": -184535,
      "ocf": -101805,
      "capex": -82730,
      "gross_margin": 0.2910955260258065,
      "op_margin": 0.00048337322540267325,
      "fcf_margin": -0.035895081750375174,
      "rev_growth_yoy": -0.10176461728827335,
      "rev_growth_yoy_accel": -0.002196532173196264,
      "fcf_margin_change": -0.21197329753226718
    },
    {
      "date": "2025-05-31T00:00:00",
      "quarter_label": "2025-05 (Q2)",
      "revenue": 6336690,
      "gross_profit": 2059777,
      "operating_income": 510654,
      "net_income": 1482069,
      "opex": 1549123,
      "cogs": 4276913,
      "rd": null,
      "sga": null,
      "fcf": 1223467,
      "ocf": 1354178,
      "capex": -130711,
      "gross_margin": 0.3250556678644529,
      "op_margin": 0.08058686790737751,
      "fcf_margin": 0.19307666936523643,
      "rev_growth_yoy": -0.05847880054702131,
      "rev_growth_yoy_accel": 0.043285816741252044,
      "op_leverage_ratio": 6.3067410030815605,
      "fcf_margin_change": 0.2289717511156116
    },
    {
      "date": "2025-08-31T00:00:00",
      "quarter_label": "2025-08 (Q3)",
      "revenue": 6432296,
      "gross_profit": 1766165,
      "operating_income": 344729,
      "net_income": 254110,
      "opex": 1421436,
      "cogs": 4666131,
      "rd": null,
      "sga": null,
      "fcf": -1528694,
      "ocf": -1267365,
      "capex": -261329,
      "gross_margin": 0.2745776935638534,
      "op_margin": 0.05359346025120734,
      "fcf_margin": -0.23765915001424065,
      "rev_growth_yoy": 0.09472845788586892,
      "rev_growth_yoy_accel": 0.15320725843289024,
      "op_leverage_ratio": Infinity,
      "fcf_margin_change": -0.4307358193794771
    }
  ],
  "signals": [
    {
      "quarter": "2025-08 (Q3)",
      "signal": "YoY REVENUE GROWTH ACCELERATION",
      "detail": "YoY growth: +9.5% vs prior quarter YoY: -5.8% (accel: +15.3%)",
      "severity": "HIGH"
    },
    {
      "quarter": "2025-05 (Q2)",
      "signal": "FCF TURNED POSITIVE",
      "detail": "FCF margin: -3.6% -> +19.3%",
      "severity": "HIGH"
    },
    {
      "quarter": "2025-05 (Q2)",
      "signal": "OPERATING LEVERAGE",
      "detail": "Rev growth +23.3% vs OpEx growth +3.7% (leverage: 6.3x)",
      "severity": "MEDIUM"
    },
    {
      "quarter": "2025-05 (Q2)",
      "signal": "GROSS MARGIN INFLECTION",
      "detail": "GM: +36.1% -> +29.1% -> +32.5% (reversal +3.4%)",
      "severity": "MEDIUM"
    },
    {
      "quarter": "2025-02 (Q1)",
      "signal": "OP MARGIN TURNED POSITIVE (YoY)",
      "detail": "Op margin: -6.6% (year-ago) -> +0.0%",
      "severity": "HIGH"
    },
    {
      "quarter": "2024-11 (Q4)",
      "signal": "FCF MARGIN EXPANSION",
      "detail": "FCF margin: +3.1% -> +17.6% (+14.5%)",
      "severity": "MEDIUM"
    },
    {
      "quarter": "2024-11 (Q4)",
      "signal": "YoY REVENUE GROWTH ACCELERATION",
      "detail": "YoY growth: -10.0% vs prior quarter YoY: -27.6% (accel: +17.7%)",
      "severity": "HIGH"
    },
    {
      "quarter": "2024-05 (Q2)",
      "signal": "FCF TURNED POSITIVE",
      "detail": "FCF margin: -6.6% -> +15.1%",
      "severity": "HIGH"
    },
    {
      "quarter": "2024-05 (Q2)",
      "signal": "GROSS MARGIN INFLECTION",
      "detail": "GM: +27.9% -> +25.7% -> +28.3% (reversal +2.6%)",
      "severity": "MEDIUM"
    },
    {
      "quarter": "2024-05 (Q2)",
      "signal": "OP MARGIN TURNED POSITIVE (QoQ)",
      "detail": "Op margin: -6.6% -> +2.5%",
      "severity": "HIGH"
    },
    {
      "quarter": "2024-02 (Q1)",
      "signal": "YoY REVENUE GROWTH DECELERATION",
      "detail": "YoY growth: -27.5% vs prior quarter YoY: -7.0% (decel: -20.5%)",
      "severity": "WARNING"
    },
    {
      "quarter": "2023-11 (Q4)",
      "signal": "YoY REVENUE GROWTH DECELERATION",
      "detail": "YoY growth: -7.0% vs prior quarter YoY: -0.3% (decel: -6.8%)",
      "severity": "WARNING"
    },
    {
      "quarter": "2023-08 (Q3)",
      "signal": "FCF TURNED POSITIVE",
      "detail": "FCF margin: -24.6% -> +2.0%",
      "severity": "HIGH"
    },
    {
      "quarter": "2023-08 (Q3)",
      "signal": "GROSS MARGIN INFLECTION",
      "detail": "GM: +29.8% -> +25.9% -> +28.3% (reversal +2.5%)",
      "severity": "MEDIUM"
    },
    {
      "quarter": "2023-08 (Q3)",
      "signal": "YoY REVENUE GROWTH DECELERATION",
      "detail": "YoY growth: -0.3% vs prior quarter YoY: +23.8% (decel: -24.1%)",
      "severity": "WARNING"
    },
    {
      "quarter": "2023-05 (Q2)",
      "signal": "OPERATING LEVERAGE",
      "detail": "Rev growth +14.1% vs OpEx growth +6.2% (leverage: 2.3x)",
      "severity": "MEDIUM"
    },
    {
      "quarter": "2023-05 (Q2)",
      "signal": "YoY REVENUE GROWTH DECELERATION",
      "detail": "YoY growth: +23.8% vs prior quarter YoY: +40.7% (decel: -16.8%)",
      "severity": "WARNING"
    },
    {
      "quarter": "2023-02 (Q1)",
      "signal": "FCF MARGIN EXPANSION",
      "detail": "FCF margin: +2.8% -> +12.3% (+9.5%)",
      "severity": "MEDIUM"
    },
    {
      "quarter": "2023-02 (Q1)",
      "signal": "YoY REVENUE GROWTH ACCELERATION",
      "detail": "YoY growth: +40.7% vs prior quarter YoY: +1.5% (accel: +39.2%)",
      "severity": "HIGH"
    },
    {
      "quarter": "2023-02 (Q1)",
      "signal": "OP MARGIN TURNED POSITIVE (YoY)",
      "detail": "Op margin: -7.8% (year-ago) -> +6.9%",
      "severity": "HIGH"
    },
    {
      "quarter": "2022-11 (Q4)",
      "signal": "FCF TURNED POSITIVE",
      "detail": "FCF margin: -1.7% -> +2.8%",
      "severity": "HIGH"
    },
    {
      "quarter": "2022-11 (Q4)",
      "signal": "YoY REVENUE GROWTH DECELERATION",
      "detail": "YoY growth: +1.5% vs prior quarter YoY: +23.5% (decel: -22.0%)",
      "severity": "WARNING"
    },
    {
      "quarter": "2022-08 (Q3)",
      "signal": "FCF MARGIN EXPANSION",
      "detail": "FCF margin: -24.5% -> -1.7% (+22.9%)",
      "severity": "MEDIUM"
    },
    {
      "quarter": "2022-08 (Q3)",
      "signal": "INCREMENTAL MARGIN (YoY)",
      "detail": "YoY Incr OPM: +17.5% vs year-ago OPM: +2.4%",
      "severity": "MEDIUM"
    },
    {
      "quarter": "2022-05 (Q2)",
      "signal": "OPERATING LEVERAGE",
      "detail": "Rev growth +29.6% vs OpEx growth +14.9% (leverage: 2.0x)",
      "severity": "MEDIUM"
    },
    {
      "quarter": "2022-05 (Q2)",
      "signal": "GROSS MARGIN INFLECTION",
      "detail": "GM: +28.8% -> +21.2% -> +30.1% (reversal +8.9%)",
      "severity": "HIGH"
    },
    {
      "quarter": "2022-05 (Q2)",
      "signal": "YoY REVENUE GROWTH ACCELERATION",
      "detail": "YoY growth: +27.4% vs prior quarter YoY: +3.9% (accel: +23.5%)",
      "severity": "HIGH"
    },
    {
      "quarter": "2022-05 (Q2)",
      "signal": "OP MARGIN TURNED POSITIVE (QoQ)",
      "detail": "Op margin: -7.8% -> +4.4%",
      "severity": "HIGH"
    },
    {
      "quarter": "2022-02 (Q1)",
      "signal": "FCF MARGIN EXPANSION",
      "detail": "FCF margin: +1.8% -> +17.7% (+15.9%)",
      "severity": "MEDIUM"
    },
    {
      "quarter": "2022-02 (Q1)",
      "signal": "YoY REVENUE GROWTH DECELERATION",
      "detail": "YoY growth: +3.9% vs prior quarter YoY: +32.7% (decel: -28.8%)",
      "severity": "WARNING"
    },
    {
      "quarter": "2021-11 (Q4)",
      "signal": "FCF TURNED POSITIVE",
      "detail": "FCF margin: -1.2% -> +1.8%",
      "severity": "HIGH"
    },
    {
      "quarter": "2021-11 (Q4)",
      "signal": "GROSS MARGIN INFLECTION",
      "detail": "GM: +30.2% -> +26.4% -> +28.8% (reversal +2.5%)",
      "severity": "MEDIUM"
    },
    {
      "quarter": "2021-11 (Q4)",
      "signal": "OP MARGIN TURNED POSITIVE (YoY)",
      "detail": "Op margin: -36.6% (year-ago) -> +8.0%",
      "severity": "HIGH"
    },
    {
      "quarter": "2021-08 (Q3)",
      "signal": "FCF MARGIN EXPANSION",
      "detail": "FCF margin: -38.1% -> -1.2% (+37.0%)",
      "severity": "MEDIUM"
    },
    {
      "quarter": "2021-08 (Q3)",
      "signal": "OPERATING LEVERAGE",
      "detail": "Rev growth +15.4% vs OpEx growth +0.3% (leverage: 49.2x)",
      "severity": "MEDIUM"
    },
    {
      "quarter": "2021-05 (Q2)",
      "signal": "OP MARGIN TURNED POSITIVE (QoQ)",
      "detail": "Op margin: -6.8% -> +2.6%",
      "severity": "HIGH"
    },
    {
      "quarter": "2021-02 (Q1)",
      "signal": "FCF TURNED POSITIVE",
      "detail": "FCF margin: -10.5% -> +9.6%",
      "severity": "HIGH"
    }
  ],
  "data_quality": {
    "n_quarters": 20,
    "coverage": {
      "revenue": [
        20,
        20
      ],
      "gross_profit": [
        20,
        20
      ],
      "op_income": [
        20,
        20
      ],
      "fcf": [
        20,
        20
      ]
    },
    "gaps": [],
    "warnings": []
  },
  "market_cap": null,
  "source": "SEC EDGAR",
  "last_updated": "2026-02-03T00:06:29.070424"
}