{
  "ticker": "ARW",
  "name": "ARROW ELECTRONICS, INC.",
  "sector": "Technology",
  "industry": "Electronics & Computer Distribution",
  "quarters": [
    {
      "date": "2021-04-03T00:00:00",
      "quarter_label": "2021-04 (Q2)",
      "revenue": 8385919000,
      "gross_profit": 930110000,
      "operating_income": 299503000,
      "net_income": 206321000,
      "opex": 630607000,
      "cogs": 7455809000,
      "rd": null,
      "sga": 574567000,
      "fcf": -24716000,
      "ocf": -4536000,
      "capex": -20180000,
      "gross_margin": 0.11091330598351833,
      "op_margin": 0.035714988422855025,
      "fcf_margin": -0.002947321575607873
    },
    {
      "date": "2021-07-03T00:00:00",
      "quarter_label": "2021-07 (Q3)",
      "revenue": 8562631000,
      "gross_profit": 1000105000,
      "operating_income": 340522000,
      "net_income": 240641000,
      "opex": 659583000,
      "cogs": 7562526000,
      "rd": null,
      "sga": 602084000,
      "fcf": 260451000,
      "ocf": 281380000,
      "capex": -20929000,
      "gross_margin": 0.11679879700526626,
      "op_margin": 0.03976838427347856,
      "fcf_margin": 0.030417169676002623,
      "op_leverage_ratio": 0.45860177708379113,
      "fcf_margin_change": 0.03336449125161049
    },
    {
      "date": "2021-10-02T00:00:00",
      "quarter_label": "2021-10 (Q4)",
      "revenue": 8512391000,
      "gross_profit": 1075772000,
      "operating_income": 404865000,
      "net_income": 290027000,
      "opex": 670907000,
      "cogs": 7436619000,
      "rd": null,
      "sga": 625883000,
      "fcf": 93070000,
      "ocf": 114246000,
      "capex": -21176000,
      "gross_margin": 0.12637718356687327,
      "op_margin": 0.04756184249525192,
      "fcf_margin": 0.010933473333168084,
      "fcf_margin_change": -0.01948369634283454
    },
    {
      "date": "2021-12-31T00:00:00",
      "quarter_label": "2021-12 (Q4)",
      "revenue": 9016077000,
      "gross_profit": 1196378000,
      "operating_income": 511932000,
      "net_income": 371208000,
      "opex": 684446000,
      "cogs": 7819699000,
      "rd": null,
      "sga": 632496000,
      "fcf": 7127000,
      "ocf": 27893000,
      "capex": -20766000,
      "gross_margin": 0.13269385343536885,
      "op_margin": 0.056779905495483236,
      "fcf_margin": 0.0007904768337714951,
      "op_leverage_ratio": 2.932135599601202,
      "fcf_margin_change": -0.01014299649939659
    },
    {
      "date": "2022-04-02T00:00:00",
      "quarter_label": "2022-04 (Q2)",
      "revenue": 9074125000,
      "gross_profit": 1207504000,
      "operating_income": 510376000,
      "net_income": 364749000,
      "opex": 697128000,
      "cogs": 7866621000,
      "rd": null,
      "sga": 643925000,
      "fcf": -219518000,
      "ocf": -200248000,
      "capex": -19270000,
      "gross_margin": 0.13307112256002646,
      "op_margin": 0.05624520270549502,
      "fcf_margin": -0.02419164382240712,
      "incr_op_margin_yoy": 0.3064097087209353,
      "rev_growth_yoy": 0.08206685516518822,
      "fcf_margin_change": -0.024982120656178615
    },
    {
      "date": "2022-07-02T00:00:00",
      "quarter_label": "2022-07 (Q3)",
      "revenue": 9460842000,
      "gross_profit": 1236214000,
      "operating_income": 532828000,
      "net_income": 370334000,
      "opex": 703386000,
      "cogs": 8224628000,
      "rd": null,
      "sga": 653640000,
      "fcf": -99556000,
      "ocf": -82582000,
      "capex": -16974000,
      "gross_margin": 0.1306663825481918,
      "op_margin": 0.056319300121490244,
      "fcf_margin": -0.01052295345382578,
      "incr_op_margin_yoy": 0.21409891439761927,
      "rev_growth_yoy": 0.10489894986716115,
      "rev_growth_yoy_accel": 0.022832094701972935,
      "op_leverage_ratio": 4.747505472736471,
      "fcf_margin_change": 0.01366869036858134
    },
    {
      "date": "2022-10-01T00:00:00",
      "quarter_label": "2022-10 (Q4)",
      "revenue": 9266432000,
      "gross_profit": 1186912000,
      "operating_income": 502694000,
      "net_income": 342399000,
      "opex": 684218000,
      "cogs": 8079520000,
      "rd": null,
      "sga": 634353000,
      "fcf": 122530000,
      "ocf": 141066000,
      "capex": -18536000,
      "gross_margin": 0.12808727242589166,
      "op_margin": 0.054248927742630605,
      "fcf_margin": 0.013222996726248031,
      "incr_op_margin_yoy": 0.12973962954269064,
      "rev_growth_yoy": 0.08858157478903401,
      "rev_growth_yoy_accel": -0.01631737507812714,
      "fcf_margin_change": 0.023745950180073812
    },
    {
      "date": "2022-12-31T00:00:00",
      "quarter_label": "2022-12 (Q4)",
      "revenue": 9323023000,
      "gross_profit": 1205995000,
      "operating_income": 522596000,
      "net_income": 349402000,
      "opex": 683399000,
      "cogs": 8117028000,
      "rd": null,
      "sga": 635090000,
      "fcf": 84631000,
      "ocf": 108687000,
      "capex": -24056000,
      "gross_margin": 0.1293566475165834,
      "op_margin": 0.056054350611384314,
      "fcf_margin": 0.009077635011733856,
      "incr_op_margin_yoy": 0.03474226736950473,
      "rev_growth_yoy": 0.03404429664919676,
      "rev_growth_yoy_accel": -0.054537278139837254,
      "fcf_margin_change": -0.0041453617145141754
    },
    {
      "date": "2023-04-01T00:00:00",
      "quarter_label": "2023-04 (Q2)",
      "revenue": 8736428000,
      "gross_profit": 1113822000,
      "operating_income": 422152000,
      "net_income": 273750000,
      "opex": 691670000,
      "cogs": 7622606000,
      "rd": null,
      "sga": 642431000,
      "fcf": 203690000,
      "ocf": 223804000,
      "capex": -20114000,
      "gross_margin": 0.12749169340146796,
      "op_margin": 0.04832089270351681,
      "fcf_margin": 0.023315020738452832,
      "incr_op_margin_yoy": 0.26125195071321333,
      "rev_growth_yoy": -0.03721537889328172,
      "rev_growth_yoy_accel": -0.07125967554247847,
      "fcf_margin_change": 0.014237385726718977
    },
    {
      "date": "2023-07-01T00:00:00",
      "quarter_label": "2023-07 (Q3)",
      "revenue": 8514516000,
      "gross_profit": 1066049000,
      "operating_income": 392250000,
      "net_income": 236559000,
      "opex": 673799000,
      "cogs": 7448467000,
      "rd": null,
      "sga": 617202000,
      "fcf": -143795000,
      "ocf": -126804000,
      "capex": -16991000,
      "gross_margin": 0.12520371093318752,
      "op_margin": 0.046068384861805416,
      "fcf_margin": -0.01688821772135962,
      "incr_op_margin_yoy": 0.14855134488537777,
      "rev_growth_yoy": -0.10002555797887756,
      "rev_growth_yoy_accel": -0.06281017908559584,
      "fcf_margin_change": -0.040203238459812454
    },
    {
      "date": "2023-09-30T00:00:00",
      "quarter_label": "2023-09 (Q3)",
      "revenue": 8007019000,
      "gross_profit": 979597000,
      "operating_income": 340083000,
      "net_income": 198659000,
      "opex": 639514000,
      "cogs": 7027422000,
      "rd": null,
      "sga": 563150000,
      "fcf": 301037000,
      "ocf": 321707000,
      "capex": -20670000,
      "gross_margin": 0.12234228493775275,
      "op_margin": 0.042473110154977775,
      "fcf_margin": 0.03759663864916519,
      "incr_op_margin_yoy": 0.1291165011001157,
      "rev_growth_yoy": -0.13591131948089621,
      "rev_growth_yoy_accel": -0.03588576150201865,
      "fcf_margin_change": 0.0544848563705248
    },
    {
      "date": "2023-12-31T00:00:00",
      "quarter_label": "2023-12 (Q4)",
      "revenue": 7849157000,
      "gross_profit": 989550000,
      "operating_income": 316679000,
      "net_income": 194537000,
      "opex": 672871000,
      "cogs": 6859607000,
      "rd": null,
      "sga": 590039000,
      "fcf": 261232000,
      "ocf": 286742000,
      "capex": -25510000,
      "gross_margin": 0.12607086340609572,
      "op_margin": 0.04034560654093172,
      "fcf_margin": 0.03328153583881683,
      "incr_op_margin_yoy": 0.1397121583644646,
      "rev_growth_yoy": -0.15808885165251657,
      "rev_growth_yoy_accel": -0.022177532171620357,
      "fcf_margin_change": -0.004315102810348359
    },
    {
      "date": "2024-03-30T00:00:00",
      "quarter_label": "2024-03 (Q1)",
      "revenue": 6924260000,
      "gross_profit": 857826000,
      "operating_income": 185917000,
      "net_income": 83601000,
      "opex": 671909000,
      "cogs": 6066434000,
      "rd": null,
      "sga": 583326000,
      "fcf": 373675000,
      "ocf": 403210000,
      "capex": -29535000,
      "gross_margin": 0.12388702908325222,
      "op_margin": 0.026850089395834355,
      "fcf_margin": 0.05396605557850225,
      "incr_op_margin_yoy": 0.13036043015879323,
      "rev_growth_yoy": -0.20742665080053313,
      "rev_growth_yoy_accel": -0.04933779914801656,
      "fcf_margin_change": 0.020684519739685422
    },
    {
      "date": "2024-06-29T00:00:00",
      "quarter_label": "2024-06 (Q2)",
      "revenue": 6892868000,
      "gross_profit": 846444000,
      "operating_income": 212275000,
      "net_income": 108698000,
      "opex": 634169000,
      "cogs": 6046424000,
      "rd": null,
      "sga": 552595000,
      "fcf": 298080000,
      "ocf": 320181000,
      "capex": -22101000,
      "gross_margin": 0.12279997237724558,
      "op_margin": 0.030796324548794492,
      "fcf_margin": 0.04324469872337611,
      "incr_op_margin_yoy": 0.11098277801347765,
      "rev_growth_yoy": -0.1904568621399032,
      "rev_growth_yoy_accel": 0.016969788660629925,
      "fcf_margin_change": -0.010721356855126145
    },
    {
      "date": "2024-09-28T00:00:00",
      "quarter_label": "2024-09 (Q3)",
      "revenue": 6823319000,
      "gross_profit": 784828000,
      "operating_income": 175262000,
      "net_income": 100567000,
      "opex": 609566000,
      "cogs": 6038491000,
      "rd": null,
      "sga": 534508000,
      "fcf": 62039000,
      "ocf": 80558000,
      "capex": -18519000,
      "gross_margin": 0.11502144337674965,
      "op_margin": 0.025685740326665072,
      "fcf_margin": 0.009092202782839261,
      "incr_op_margin_yoy": 0.139242206640196,
      "rev_growth_yoy": -0.14783279520131026,
      "rev_growth_yoy_accel": 0.04262406693859294,
      "fcf_margin_change": -0.03415249594053685
    },
    {
      "date": "2024-12-31T00:00:00",
      "quarter_label": "2024-12 (Q4)",
      "revenue": 7282877000,
      "gross_profit": 803310000,
      "operating_income": 195103000,
      "net_income": 99208000,
      "opex": 608207000,
      "cogs": 6479567000,
      "rd": null,
      "sga": 547511000,
      "fcf": 303916000,
      "ocf": 326464000,
      "capex": -22548000,
      "gross_margin": 0.11030119003794792,
      "op_margin": 0.026789275721668785,
      "fcf_margin": 0.04173021183798655,
      "incr_op_margin_yoy": 0.21469237832874197,
      "rev_growth_yoy": -0.07214532719883167,
      "rev_growth_yoy_accel": 0.0756874680024786,
      "op_leverage_ratio": null,
      "fcf_margin_change": 0.03263800905514729
    },
    {
      "date": "2025-03-29T00:00:00",
      "quarter_label": "2025-03 (Q1)",
      "revenue": 6814017000,
      "gross_profit": 773992000,
      "operating_income": 158553000,
      "net_income": 79720000,
      "opex": 615439000,
      "cogs": 6040025000,
      "rd": null,
      "sga": 562316000,
      "fcf": 326700000,
      "ocf": 351679000,
      "capex": -24979000,
      "gross_margin": 0.11358821088940635,
      "op_margin": 0.023268653424257674,
      "fcf_margin": 0.047945286899049415,
      "incr_op_margin_yoy": 0.24821530618724091,
      "rev_growth_yoy": -0.015921268121069976,
      "rev_growth_yoy_accel": 0.05622405907776169,
      "fcf_margin_change": 0.0062150750610628636
    },
    {
      "date": "2025-06-28T00:00:00",
      "quarter_label": "2025-06 (Q2)",
      "revenue": 7579947000,
      "gross_profit": 848657000,
      "operating_income": 190586000,
      "net_income": 187749000,
      "opex": 658071000,
      "cogs": 6731290000,
      "rd": null,
      "sga": 600990000,
      "fcf": -224514000,
      "ocf": -205896000,
      "capex": -18618000,
      "gross_margin": 0.11196080922465552,
      "op_margin": 0.025143447572918386,
      "fcf_margin": -0.029619468315543632,
      "incr_op_margin_yoy": -0.031566966826231044,
      "rev_growth_yoy": 0.0996796979138437,
      "rev_growth_yoy_accel": 0.11560096603491368,
      "op_leverage_ratio": 1.6226885590467566,
      "fcf_margin_change": -0.07756475521459305
    },
    {
      "date": "2025-09-27T00:00:00",
      "quarter_label": "2025-09 (Q3)",
      "revenue": 7712541000,
      "gross_profit": 835314000,
      "operating_income": 179007000,
      "net_income": 109193000,
      "opex": 656307000,
      "cogs": 6877227000,
      "rd": null,
      "sga": 587866000,
      "fcf": -311960000,
      "ocf": -281684000,
      "capex": -30276000,
      "gross_margin": 0.10830593963779253,
      "op_margin": 0.02320986040787336,
      "fcf_margin": -0.040448407340719486,
      "incr_op_margin_yoy": 0.004211546722865606,
      "rev_growth_yoy": 0.1303210358478037,
      "rev_growth_yoy_accel": 0.030641337933959983,
      "op_leverage_ratio": null,
      "fcf_margin_change": -0.010828939025175854
    },
    {
      "date": "2025-12-31T00:00:00",
      "quarter_label": "2025-12 (Q4)",
      "revenue": 8746430000,
      "gross_profit": 1008756000,
      "operating_income": 294077000,
      "net_income": 194604000,
      "opex": 714679000,
      "cogs": 7737674000,
      "rd": null,
      "sga": 639455000,
      "fcf": 172569000,
      "ocf": 199950000,
      "capex": -27381000,
      "gross_margin": 0.11533345605006842,
      "op_margin": 0.03362251798733883,
      "fcf_margin": 0.019730221358885854,
      "incr_op_margin_yoy": 0.06762583931022655,
      "rev_growth_yoy": 0.2009580829114648,
      "rev_growth_yoy_accel": 0.07063704706366111,
      "op_leverage_ratio": 1.5072277848787414,
      "fcf_margin_change": 0.060178628699605344
    }
  ],
  "signals": [
    {
      "quarter": "2025-12 (Q4)",
      "signal": "FCF TURNED POSITIVE",
      "detail": "FCF margin: -4.0% -> +2.0%",
      "severity": "HIGH"
    },
    {
      "quarter": "2025-12 (Q4)",
      "signal": "OPERATING LEVERAGE",
      "detail": "Rev growth +13.4% vs OpEx growth +8.9% (leverage: 1.5x)",
      "severity": "MEDIUM"
    },
    {
      "quarter": "2025-12 (Q4)",
      "signal": "YoY REVENUE GROWTH ACCELERATION",
      "detail": "YoY growth: +20.1% vs prior quarter YoY: +13.0% (accel: +7.1%)",
      "severity": "MEDIUM"
    },
    {
      "quarter": "2025-06 (Q2)",
      "signal": "OPERATING LEVERAGE",
      "detail": "Rev growth +11.2% vs OpEx growth +6.9% (leverage: 1.6x)",
      "severity": "MEDIUM"
    },
    {
      "quarter": "2025-06 (Q2)",
      "signal": "YoY REVENUE GROWTH ACCELERATION",
      "detail": "YoY growth: +10.0% vs prior quarter YoY: -1.6% (accel: +11.6%)",
      "severity": "MEDIUM"
    },
    {
      "quarter": "2025-03 (Q1)",
      "signal": "YoY REVENUE GROWTH ACCELERATION",
      "detail": "YoY growth: -1.6% vs prior quarter YoY: -7.2% (accel: +5.6%)",
      "severity": "MEDIUM"
    },
    {
      "quarter": "2025-03 (Q1)",
      "signal": "INCREMENTAL MARGIN (YoY)",
      "detail": "YoY Incr OPM: +24.8% vs year-ago OPM: +2.7%",
      "severity": "HIGH"
    },
    {
      "quarter": "2024-12 (Q4)",
      "signal": "YoY REVENUE GROWTH ACCELERATION",
      "detail": "YoY growth: -7.2% vs prior quarter YoY: -14.8% (accel: +7.6%)",
      "severity": "MEDIUM"
    },
    {
      "quarter": "2024-12 (Q4)",
      "signal": "INCREMENTAL MARGIN (YoY)",
      "detail": "YoY Incr OPM: +21.5% vs year-ago OPM: +4.0%",
      "severity": "MEDIUM"
    },
    {
      "quarter": "2023-09 (Q3)",
      "signal": "FCF TURNED POSITIVE",
      "detail": "FCF margin: -1.7% -> +3.8%",
      "severity": "HIGH"
    },
    {
      "quarter": "2023-07 (Q3)",
      "signal": "YoY REVENUE GROWTH DECELERATION",
      "detail": "YoY growth: -10.0% vs prior quarter YoY: -3.7% (decel: -6.3%)",
      "severity": "WARNING"
    },
    {
      "quarter": "2023-04 (Q2)",
      "signal": "YoY REVENUE GROWTH DECELERATION",
      "detail": "YoY growth: -3.7% vs prior quarter YoY: +3.4% (decel: -7.1%)",
      "severity": "WARNING"
    },
    {
      "quarter": "2023-04 (Q2)",
      "signal": "INCREMENTAL MARGIN (YoY)",
      "detail": "YoY Incr OPM: +26.1% vs year-ago OPM: +5.6%",
      "severity": "HIGH"
    },
    {
      "quarter": "2022-12 (Q4)",
      "signal": "YoY REVENUE GROWTH DECELERATION",
      "detail": "YoY growth: +3.4% vs prior quarter YoY: +8.9% (decel: -5.5%)",
      "severity": "WARNING"
    },
    {
      "quarter": "2022-10 (Q4)",
      "signal": "FCF TURNED POSITIVE",
      "detail": "FCF margin: -1.1% -> +1.3%",
      "severity": "HIGH"
    },
    {
      "quarter": "2022-07 (Q3)",
      "signal": "OPERATING LEVERAGE",
      "detail": "Rev growth +4.3% vs OpEx growth +0.9% (leverage: 4.7x)",
      "severity": "MEDIUM"
    },
    {
      "quarter": "2022-07 (Q3)",
      "signal": "INCREMENTAL MARGIN (YoY)",
      "detail": "YoY Incr OPM: +21.4% vs year-ago OPM: +4.0%",
      "severity": "MEDIUM"
    },
    {
      "quarter": "2022-04 (Q2)",
      "signal": "INCREMENTAL MARGIN (YoY)",
      "detail": "YoY Incr OPM: +30.6% vs year-ago OPM: +3.6%",
      "severity": "HIGH"
    },
    {
      "quarter": "2021-12 (Q4)",
      "signal": "OPERATING LEVERAGE",
      "detail": "Rev growth +5.9% vs OpEx growth +2.0% (leverage: 2.9x)",
      "severity": "MEDIUM"
    },
    {
      "quarter": "2021-07 (Q3)",
      "signal": "FCF TURNED POSITIVE",
      "detail": "FCF margin: -0.3% -> +3.0%",
      "severity": "HIGH"
    }
  ],
  "data_quality": {
    "n_quarters": 20,
    "coverage": {
      "revenue": [
        20,
        20
      ],
      "gross_profit": [
        20,
        20
      ],
      "op_income": [
        20,
        20
      ],
      "fcf": [
        20,
        20
      ]
    },
    "gaps": [],
    "warnings": []
  },
  "market_cap": null,
  "source": "SEC EDGAR",
  "last_updated": "2026-02-13T11:40:21.833551"
}