{
  "ticker": "ASAN",
  "name": "Asana, Inc.",
  "quarters": [
    {
      "date": "2021-01-31T00:00:00",
      "quarter_label": "2021-01 (Q1)",
      "revenue": 68369000,
      "gross_profit": 60176000,
      "operating_income": -50964000,
      "net_income": -61510000,
      "opex": 111140000,
      "cogs": 8193000,
      "rd": 39801000,
      "sga": null,
      "fcf": -40356000,
      "ocf": -18165000,
      "capex": -22191000,
      "gross_margin": 0.8801649870555369,
      "op_margin": -0.7454255583670962,
      "fcf_margin": -0.5902675189047668
    },
    {
      "date": "2021-04-30T00:00:00",
      "quarter_label": "2021-04 (Q2)",
      "revenue": 76673000,
      "gross_profit": 68759000,
      "operating_income": -49982000,
      "net_income": -60658000,
      "opex": 118741000,
      "cogs": 7914000,
      "rd": 39967000,
      "sga": null,
      "fcf": -24413000,
      "ocf": -7444000,
      "capex": -16969000,
      "gross_margin": 0.8967824397115021,
      "op_margin": -0.6518852790421661,
      "fcf_margin": -0.31840413183258776,
      "op_leverage_ratio": 1.7759378883291073,
      "fcf_margin_change": 0.27186338707217905
    },
    {
      "date": "2021-07-31T00:00:00",
      "quarter_label": "2021-07 (Q3)",
      "revenue": 89478000,
      "gross_profit": 79609000,
      "operating_income": -60051000,
      "net_income": -68355000,
      "opex": 139660000,
      "cogs": 9869000,
      "rd": 48454000,
      "sga": null,
      "fcf": -21104000,
      "ocf": -8516000,
      "capex": -12588000,
      "gross_margin": 0.889704731889403,
      "op_margin": -0.6711258633407094,
      "fcf_margin": -0.23585685866917008,
      "op_leverage_ratio": 0.9479750532358489,
      "fcf_margin_change": 0.08254727316341767
    },
    {
      "date": "2021-10-31T00:00:00",
      "quarter_label": "2021-10 (Q4)",
      "revenue": 100337000,
      "gross_profit": 90756000,
      "operating_income": -68088000,
      "net_income": -69280000,
      "opex": 158844000,
      "cogs": 9581000,
      "rd": 53788000,
      "sga": null,
      "fcf": -39246000,
      "ocf": -28500000,
      "capex": -10746000,
      "gross_margin": 0.9045117952500075,
      "op_margin": -0.6785931411144444,
      "fcf_margin": -0.3911418519588985,
      "op_leverage_ratio": 0.8834997619685045,
      "fcf_margin_change": -0.15528499328972842
    },
    {
      "date": "2022-01-31T00:00:00",
      "quarter_label": "2022-01 (Q1)",
      "revenue": 111949000,
      "gross_profit": 100416000,
      "operating_income": -87063000,
      "net_income": -90049000,
      "opex": 187479000,
      "cogs": 11533000,
      "rd": 60915000,
      "sga": null,
      "fcf": -40609000,
      "ocf": -39325000,
      "capex": -1284000,
      "gross_margin": 0.8969798747644017,
      "op_margin": -0.7777023466042573,
      "fcf_margin": -0.362745535913675,
      "incr_op_margin_yoy": -0.8283386874713171,
      "rev_growth_yoy": 0.6374233936433179,
      "op_leverage_ratio": 0.6419771091693388,
      "fcf_margin_change": 0.028396316045223524
    },
    {
      "date": "2022-04-30T00:00:00",
      "quarter_label": "2022-04 (Q2)",
      "revenue": 120646000,
      "gross_profit": 108208000,
      "operating_income": -96232000,
      "net_income": -98868000,
      "opex": 204440000,
      "cogs": 12438000,
      "rd": 65205000,
      "sga": null,
      "fcf": -42181000,
      "ocf": -41133000,
      "capex": -1048000,
      "gross_margin": 0.8969049947781111,
      "op_margin": -0.7976393746995342,
      "fcf_margin": -0.34962617906934335,
      "incr_op_margin_yoy": -1.0517817751802243,
      "rev_growth_yoy": 0.5735134923636743,
      "rev_growth_yoy_accel": -0.06390990127964358,
      "op_leverage_ratio": 0.8587177217878208,
      "fcf_margin_change": 0.013119356844331631
    },
    {
      "date": "2022-07-31T00:00:00",
      "quarter_label": "2022-07 (Q3)",
      "revenue": 134896000,
      "gross_profit": 121140000,
      "operating_income": -111272000,
      "net_income": -112969000,
      "opex": 232412000,
      "cogs": 13756000,
      "rd": 75233000,
      "sga": null,
      "fcf": -42283000,
      "ocf": -41648000,
      "capex": -635000,
      "gross_margin": 0.8980251452971177,
      "op_margin": -0.8248724943660302,
      "fcf_margin": -0.31344887913652,
      "incr_op_margin_yoy": -1.1277687260557487,
      "rev_growth_yoy": 0.5075884574979325,
      "rev_growth_yoy_accel": -0.06592503486574186,
      "op_leverage_ratio": 0.8632653104910784,
      "fcf_margin_change": 0.03617729993282337
    },
    {
      "date": "2022-10-31T00:00:00",
      "quarter_label": "2022-10 (Q4)",
      "revenue": 141439000,
      "gross_profit": 126279000,
      "operating_income": -101108000,
      "net_income": -100905000,
      "opex": 227387000,
      "cogs": 15160000,
      "rd": 75509000,
      "sga": null,
      "fcf": -47635000,
      "ocf": -46178000,
      "capex": -1457000,
      "gross_margin": 0.8928159842759069,
      "op_margin": -0.71485233917095,
      "fcf_margin": -0.33678829742857347,
      "incr_op_margin_yoy": -0.8033672327380663,
      "rev_growth_yoy": 0.40963951483500605,
      "rev_growth_yoy_accel": -0.09794894266292642,
      "op_leverage_ratio": Infinity,
      "fcf_margin_change": -0.023339418292053493
    },
    {
      "date": "2023-01-31T00:00:00",
      "quarter_label": "2023-01 (Q1)",
      "revenue": 150231000,
      "gross_profit": 135026000,
      "operating_income": -99214000,
      "net_income": -95026000,
      "opex": 234240000,
      "cogs": 15205000,
      "rd": 81262000,
      "sga": null,
      "fcf": -33310000,
      "ocf": -31099000,
      "capex": -2211000,
      "gross_margin": 0.8987891979684619,
      "op_margin": -0.6604096358274923,
      "fcf_margin": -0.22172520984350766,
      "incr_op_margin_yoy": -0.31740765895198786,
      "rev_growth_yoy": 0.34195928503157685,
      "rev_growth_yoy_accel": -0.06768022980342919,
      "op_leverage_ratio": 2.062544856230084,
      "fcf_margin_change": 0.11506308758506581
    },
    {
      "date": "2023-04-30T00:00:00",
      "quarter_label": "2023-04 (Q2)",
      "revenue": 152411000,
      "gross_profit": 137564000,
      "operating_income": -65245000,
      "net_income": -61468000,
      "opex": 202809000,
      "cogs": 14847000,
      "rd": 76316000,
      "sga": null,
      "fcf": -16459000,
      "ocf": -14593000,
      "capex": -1866000,
      "gross_margin": 0.9025857713682083,
      "op_margin": -0.42808589931172947,
      "fcf_margin": -0.10799089304577754,
      "incr_op_margin_yoy": 0.9755076341885723,
      "rev_growth_yoy": 0.2632909503837674,
      "rev_growth_yoy_accel": -0.07866833464780948,
      "op_leverage_ratio": Infinity,
      "fcf_margin_change": 0.11373431679773012
    },
    {
      "date": "2023-07-31T00:00:00",
      "quarter_label": "2023-07 (Q3)",
      "revenue": 162455000,
      "gross_profit": 146223000,
      "operating_income": -73383000,
      "net_income": -71414000,
      "opex": 219606000,
      "cogs": 16232000,
      "rd": 84371000,
      "sga": null,
      "fcf": 16132000,
      "ocf": 20232000,
      "capex": -4100000,
      "gross_margin": 0.9000830999353667,
      "op_margin": -0.45171278200116954,
      "fcf_margin": 0.0993013449878428,
      "incr_op_margin_yoy": 1.374832178235785,
      "rev_growth_yoy": 0.20429812596370536,
      "rev_growth_yoy_accel": -0.05899282442006201,
      "op_leverage_ratio": 0.7956936512656602,
      "fcf_margin_change": 0.20729223803362035
    },
    {
      "date": "2023-10-31T00:00:00",
      "quarter_label": "2023-10 (Q4)",
      "revenue": 166503000,
      "gross_profit": 150450000,
      "operating_income": -63421000,
      "net_income": -61750000,
      "opex": 213871000,
      "cogs": 16053000,
      "rd": 81028000,
      "sga": null,
      "fcf": -9488000,
      "ocf": -8233000,
      "capex": -1255000,
      "gross_margin": 0.9035873227509414,
      "op_margin": -0.38090004384305387,
      "fcf_margin": -0.056983958246998555,
      "incr_op_margin_yoy": 1.5036307053941909,
      "rev_growth_yoy": 0.17720713523144252,
      "rev_growth_yoy_accel": -0.027090990732262843,
      "op_leverage_ratio": Infinity,
      "fcf_margin_change": -0.15628530323484136
    },
    {
      "date": "2024-01-31T00:00:00",
      "quarter_label": "2024-01 (Q1)",
      "revenue": 171135000,
      "gross_profit": 153743000,
      "operating_income": -67948000,
      "net_income": -62398000,
      "opex": 221691000,
      "cogs": 17392000,
      "rd": 82973000,
      "sga": null,
      "fcf": -15837000,
      "ocf": -15337000,
      "capex": -500000,
      "gross_margin": 0.898372629795191,
      "op_margin": -0.39704326993309375,
      "fcf_margin": -0.09254097642212289,
      "incr_op_margin_yoy": 1.495694603903559,
      "rev_growth_yoy": 0.1391457155979791,
      "rev_growth_yoy_accel": -0.038061419633463406,
      "op_leverage_ratio": 0.7608370181666734,
      "fcf_margin_change": -0.035557018175124334
    },
    {
      "date": "2024-04-30T00:00:00",
      "quarter_label": "2024-04 (Q2)",
      "revenue": 172448000,
      "gross_profit": 154644000,
      "operating_income": -66169000,
      "net_income": -63722000,
      "opex": 220813000,
      "cogs": 17804000,
      "rd": 82791000,
      "sga": null,
      "fcf": -2900000,
      "ocf": -1898000,
      "capex": -1002000,
      "gross_margin": 0.8967572833549824,
      "op_margin": -0.3837040731118946,
      "fcf_margin": -0.016816663573946927,
      "incr_op_margin_yoy": -0.04611468782751909,
      "rev_growth_yoy": 0.13146688887285038,
      "rev_growth_yoy_accel": -0.0076788267251287345,
      "fcf_margin_change": 0.07572431284817596
    },
    {
      "date": "2024-07-31T00:00:00",
      "quarter_label": "2024-07 (Q3)",
      "revenue": 179212000,
      "gross_profit": 159225000,
      "operating_income": -76797000,
      "net_income": -72189000,
      "opex": 236022000,
      "cogs": 19987000,
      "rd": 91151000,
      "sga": null,
      "fcf": 14168000,
      "ocf": 15858000,
      "capex": -1690000,
      "gross_margin": 0.8884728701203044,
      "op_margin": -0.428525991563065,
      "fcf_margin": 0.07905720599067027,
      "incr_op_margin_yoy": -0.2037357522229516,
      "rev_growth_yoy": 0.10314856421778339,
      "rev_growth_yoy_accel": -0.028318324655066993,
      "op_leverage_ratio": 0.5694681185575617,
      "fcf_margin_change": 0.0958738695646172
    },
    {
      "date": "2024-10-31T00:00:00",
      "quarter_label": "2024-10 (Q4)",
      "revenue": 183882000,
      "gross_profit": 164084000,
      "operating_income": -60180000,
      "net_income": -57326000,
      "opex": 224264000,
      "cogs": 19798000,
      "rd": 83286000,
      "sga": null,
      "fcf": -16262000,
      "ocf": -14890000,
      "capex": -1372000,
      "gross_margin": 0.892333126679066,
      "op_margin": -0.3272751003360851,
      "fcf_margin": -0.08843714991135619,
      "incr_op_margin_yoy": 0.1864894412797054,
      "rev_growth_yoy": 0.10437649772076178,
      "rev_growth_yoy_accel": 0.0012279335029783955,
      "op_leverage_ratio": Infinity,
      "fcf_margin_change": -0.16749435590202646
    },
    {
      "date": "2025-01-31T00:00:00",
      "quarter_label": "2025-01 (Q1)",
      "revenue": 188334000,
      "gross_profit": 168730000,
      "operating_income": -63589000,
      "net_income": -62299000,
      "opex": 232319000,
      "cogs": 19604000,
      "rd": 84239000,
      "sga": null,
      "fcf": 14350000,
      "ocf": 15855000,
      "capex": -1505000,
      "gross_margin": 0.8959083330678476,
      "op_margin": -0.3376395127804857,
      "fcf_margin": 0.07619442055072372,
      "incr_op_margin_yoy": 0.25344496773068204,
      "rev_growth_yoy": 0.10049960557454642,
      "rev_growth_yoy_accel": -0.003876892146215366,
      "op_leverage_ratio": 0.6740776941864001,
      "fcf_margin_change": 0.1646315704620799
    },
    {
      "date": "2025-04-30T00:00:00",
      "quarter_label": "2025-04 (Q2)",
      "revenue": 187267000,
      "gross_profit": 168040000,
      "operating_income": -43904000,
      "net_income": -40018000,
      "opex": 211944000,
      "cogs": 19227000,
      "rd": 75127000,
      "sga": null,
      "fcf": 6126000,
      "ocf": 6764000,
      "capex": -638000,
      "gross_margin": 0.8973284134417703,
      "op_margin": -0.23444600490209166,
      "fcf_margin": 0.032712650920877676,
      "incr_op_margin_yoy": 1.5024630541871922,
      "rev_growth_yoy": 0.0859331508628688,
      "rev_growth_yoy_accel": -0.014566454711677612,
      "fcf_margin_change": -0.04348176962984604
    },
    {
      "date": "2025-07-31T00:00:00",
      "quarter_label": "2025-07 (Q3)",
      "revenue": 196936000,
      "gross_profit": 176715000,
      "operating_income": -49456000,
      "net_income": -48360000,
      "opex": 226171000,
      "cogs": 20221000,
      "rd": 79376000,
      "sga": null,
      "fcf": 38538000,
      "ocf": 39835000,
      "capex": -1297000,
      "gross_margin": 0.8973219726205468,
      "op_margin": -0.25112726977292116,
      "fcf_margin": 0.1956879392289881,
      "incr_op_margin_yoy": 1.5425976077634846,
      "rev_growth_yoy": 0.09889962725710331,
      "rev_growth_yoy_accel": 0.01296647639423451,
      "op_leverage_ratio": 0.7691802102317284,
      "fcf_margin_change": 0.16297528830811042
    },
    {
      "date": "2025-10-31T00:00:00",
      "quarter_label": "2025-10 (Q4)",
      "revenue": 201033000,
      "gross_profit": 178726000,
      "operating_income": -69986000,
      "net_income": -68433000,
      "opex": 248712000,
      "cogs": 22307000,
      "rd": 73813000,
      "sga": null,
      "fcf": 15503000,
      "ocf": 16172000,
      "capex": -669000,
      "gross_margin": 0.8890381181199106,
      "op_margin": -0.34813189874299244,
      "fcf_margin": 0.07711669228435132,
      "incr_op_margin_yoy": -0.5717450877499854,
      "rev_growth_yoy": 0.09327177211472575,
      "rev_growth_yoy_accel": -0.005627855142377569,
      "op_leverage_ratio": 0.20873947677947022,
      "fcf_margin_change": -0.11857124694463679
    }
  ],
  "signals": [
    {
      "quarter": "2025-07 (Q3)",
      "signal": "FCF MARGIN EXPANSION",
      "detail": "FCF margin: +3.3% -> +19.6% (+16.3%)",
      "severity": "MEDIUM"
    },
    {
      "quarter": "2025-01 (Q1)",
      "signal": "FCF TURNED POSITIVE",
      "detail": "FCF margin: -8.8% -> +7.6%",
      "severity": "HIGH"
    },
    {
      "quarter": "2024-07 (Q3)",
      "signal": "FCF TURNED POSITIVE",
      "detail": "FCF margin: -1.7% -> +7.9%",
      "severity": "HIGH"
    },
    {
      "quarter": "2024-04 (Q2)",
      "signal": "FCF MARGIN EXPANSION",
      "detail": "FCF margin: -9.3% -> -1.7% (+7.6%)",
      "severity": "MEDIUM"
    },
    {
      "quarter": "2023-07 (Q3)",
      "signal": "FCF TURNED POSITIVE",
      "detail": "FCF margin: -10.8% -> +9.9%",
      "severity": "HIGH"
    },
    {
      "quarter": "2023-07 (Q3)",
      "signal": "YoY REVENUE GROWTH DECELERATION",
      "detail": "YoY growth: +20.4% vs prior quarter YoY: +26.3% (decel: -5.9%)",
      "severity": "WARNING"
    },
    {
      "quarter": "2023-04 (Q2)",
      "signal": "FCF MARGIN EXPANSION",
      "detail": "FCF margin: -22.2% -> -10.8% (+11.4%)",
      "severity": "MEDIUM"
    },
    {
      "quarter": "2023-04 (Q2)",
      "signal": "YoY REVENUE GROWTH DECELERATION",
      "detail": "YoY growth: +26.3% vs prior quarter YoY: +34.2% (decel: -7.9%)",
      "severity": "WARNING"
    },
    {
      "quarter": "2023-01 (Q1)",
      "signal": "FCF MARGIN EXPANSION",
      "detail": "FCF margin: -33.7% -> -22.2% (+11.5%)",
      "severity": "MEDIUM"
    },
    {
      "quarter": "2023-01 (Q1)",
      "signal": "OPERATING LEVERAGE",
      "detail": "Rev growth +6.2% vs OpEx growth +3.0% (leverage: 2.1x)",
      "severity": "MEDIUM"
    },
    {
      "quarter": "2023-01 (Q1)",
      "signal": "YoY REVENUE GROWTH DECELERATION",
      "detail": "YoY growth: +34.2% vs prior quarter YoY: +41.0% (decel: -6.8%)",
      "severity": "WARNING"
    },
    {
      "quarter": "2022-10 (Q4)",
      "signal": "YoY REVENUE GROWTH DECELERATION",
      "detail": "YoY growth: +41.0% vs prior quarter YoY: +50.8% (decel: -9.8%)",
      "severity": "WARNING"
    },
    {
      "quarter": "2022-07 (Q3)",
      "signal": "YoY REVENUE GROWTH DECELERATION",
      "detail": "YoY growth: +50.8% vs prior quarter YoY: +57.4% (decel: -6.6%)",
      "severity": "WARNING"
    },
    {
      "quarter": "2022-04 (Q2)",
      "signal": "YoY REVENUE GROWTH DECELERATION",
      "detail": "YoY growth: +57.4% vs prior quarter YoY: +63.7% (decel: -6.4%)",
      "severity": "WARNING"
    },
    {
      "quarter": "2021-07 (Q3)",
      "signal": "FCF MARGIN EXPANSION",
      "detail": "FCF margin: -31.8% -> -23.6% (+8.3%)",
      "severity": "MEDIUM"
    },
    {
      "quarter": "2021-04 (Q2)",
      "signal": "FCF MARGIN EXPANSION",
      "detail": "FCF margin: -59.0% -> -31.8% (+27.2%)",
      "severity": "MEDIUM"
    },
    {
      "quarter": "2021-04 (Q2)",
      "signal": "OPERATING LEVERAGE",
      "detail": "Rev growth +12.1% vs OpEx growth +6.8% (leverage: 1.8x)",
      "severity": "MEDIUM"
    }
  ],
  "data_quality": {
    "n_quarters": 20,
    "coverage": {
      "revenue": [
        20,
        20
      ],
      "gross_profit": [
        20,
        20
      ],
      "op_income": [
        20,
        20
      ],
      "fcf": [
        20,
        20
      ]
    },
    "gaps": [],
    "warnings": []
  },
  "market_cap": null,
  "source": "SEC EDGAR",
  "last_updated": "2026-02-02T21:27:42.522220",
  "sector": "Technology",
  "industry": "Software - Application"
}