{
  "ticker": "ASH",
  "name": "ASHLAND INC.",
  "quarters": [
    {
      "date": "2020-12-31T00:00:00",
      "quarter_label": "2020-12 (Q4)",
      "revenue": 552000000,
      "gross_profit": 178000000,
      "operating_income": 41000000,
      "net_income": null,
      "opex": 137000000,
      "cogs": 374000000,
      "rd": 15000000,
      "sga": 106000000,
      "fcf": 51000000,
      "ocf": 81000000,
      "capex": -30000000,
      "gross_margin": 0.322463768115942,
      "op_margin": 0.07427536231884058,
      "fcf_margin": 0.09239130434782608
    },
    {
      "date": "2021-03-31T00:00:00",
      "quarter_label": "2021-03 (Q1)",
      "revenue": 598000000,
      "gross_profit": 191000000,
      "operating_income": 71000000,
      "net_income": null,
      "opex": 120000000,
      "cogs": 407000000,
      "rd": 14000000,
      "sga": 84000000,
      "fcf": 16000000,
      "ocf": 39000000,
      "capex": -23000000,
      "gross_margin": 0.3193979933110368,
      "op_margin": 0.11872909698996656,
      "fcf_margin": 0.026755852842809364,
      "op_leverage_ratio": Infinity,
      "fcf_margin_change": -0.06563545150501672
    },
    {
      "date": "2021-06-30T00:00:00",
      "quarter_label": "2021-06 (Q2)",
      "revenue": 637000000,
      "gross_profit": 198000000,
      "operating_income": 62000000,
      "net_income": null,
      "opex": 136000000,
      "cogs": 439000000,
      "rd": 15000000,
      "sga": 98000000,
      "fcf": 173000000,
      "ocf": 194000000,
      "capex": -21000000,
      "gross_margin": 0.3108320251177394,
      "op_margin": 0.09733124018838304,
      "fcf_margin": 0.271585557299843,
      "op_leverage_ratio": 0.4891304347826087,
      "fcf_margin_change": 0.24482970445703364
    },
    {
      "date": "2021-09-30T00:00:00",
      "quarter_label": "2021-09 (Q3)",
      "revenue": 325000000,
      "gross_profit": 104000000,
      "operating_income": 7000000,
      "net_income": null,
      "opex": 97000000,
      "cogs": 221000000,
      "rd": 6000000,
      "sga": 69000000,
      "fcf": 121000000,
      "ocf": 152000000,
      "capex": -31000000,
      "gross_margin": 0.32,
      "op_margin": 0.021538461538461538,
      "fcf_margin": 0.3723076923076923,
      "fcf_margin_change": 0.10072213500784927
    },
    {
      "date": "2021-12-31T00:00:00",
      "quarter_label": "2021-12 (Q4)",
      "revenue": 512000000,
      "gross_profit": 161000000,
      "operating_income": 42000000,
      "net_income": null,
      "opex": 119000000,
      "cogs": 351000000,
      "rd": 13000000,
      "sga": 82000000,
      "fcf": -1000000,
      "ocf": 14000000,
      "capex": -15000000,
      "gross_margin": 0.314453125,
      "op_margin": 0.08203125,
      "fcf_margin": -0.001953125,
      "incr_op_margin_yoy": -0.025,
      "rev_growth_yoy": -0.07246376811594203,
      "op_leverage_ratio": 2.536923076923077,
      "fcf_margin_change": -0.3742608173076923
    },
    {
      "date": "2022-03-31T00:00:00",
      "quarter_label": "2022-03 (Q1)",
      "revenue": 604000000,
      "gross_profit": 220000000,
      "operating_income": 93000000,
      "net_income": null,
      "opex": 127000000,
      "cogs": 384000000,
      "rd": 13000000,
      "sga": 90000000,
      "fcf": -5000000,
      "ocf": 17000000,
      "capex": -22000000,
      "gross_margin": 0.36423841059602646,
      "op_margin": 0.15397350993377484,
      "fcf_margin": -0.008278145695364239,
      "incr_op_margin_yoy": 3.6666666666666665,
      "rev_growth_yoy": 0.010033444816053512,
      "rev_growth_yoy_accel": 0.08249721293199555,
      "op_leverage_ratio": 2.6728515625,
      "fcf_margin_change": -0.006325020695364239
    },
    {
      "date": "2022-06-30T00:00:00",
      "quarter_label": "2022-06 (Q2)",
      "revenue": 644000000,
      "gross_profit": 240000000,
      "operating_income": 77000000,
      "net_income": null,
      "opex": 163000000,
      "cogs": 404000000,
      "rd": 14000000,
      "sga": 127000000,
      "fcf": -47000000,
      "ocf": -17000000,
      "capex": -30000000,
      "gross_margin": 0.37267080745341613,
      "op_margin": 0.11956521739130435,
      "fcf_margin": -0.07298136645962733,
      "incr_op_margin_yoy": 2.142857142857143,
      "rev_growth_yoy": 0.01098901098901099,
      "rev_growth_yoy_accel": 0.0009555661729574779,
      "op_leverage_ratio": 0.23362766740250185,
      "fcf_margin_change": -0.06470322076426309
    },
    {
      "date": "2022-09-30T00:00:00",
      "quarter_label": "2022-09 (Q3)",
      "revenue": 632000000,
      "gross_profit": 210000000,
      "operating_income": 121000000,
      "net_income": null,
      "opex": 89000000,
      "cogs": 422000000,
      "rd": 15000000,
      "sga": 94000000,
      "fcf": 133000000,
      "ocf": 179000000,
      "capex": -46000000,
      "gross_margin": 0.3322784810126582,
      "op_margin": 0.19145569620253164,
      "fcf_margin": 0.21044303797468356,
      "incr_op_margin_yoy": 0.3713355048859935,
      "rev_growth_yoy": 0.9446153846153846,
      "rev_growth_yoy_accel": 0.9336263736263737,
      "fcf_margin_change": 0.2834244044343109
    },
    {
      "date": "2022-12-31T00:00:00",
      "quarter_label": "2022-12 (Q4)",
      "revenue": 525000000,
      "gross_profit": 165000000,
      "operating_income": 37000000,
      "net_income": null,
      "opex": 128000000,
      "cogs": 360000000,
      "rd": 13000000,
      "sga": 93000000,
      "fcf": -52000000,
      "ocf": -29000000,
      "capex": -23000000,
      "gross_margin": 0.3142857142857143,
      "op_margin": 0.07047619047619047,
      "fcf_margin": -0.09904761904761905,
      "incr_op_margin_yoy": -0.38461538461538464,
      "rev_growth_yoy": 0.025390625,
      "rev_growth_yoy_accel": -0.9192247596153846,
      "fcf_margin_change": -0.3094906570223026
    },
    {
      "date": "2023-03-31T00:00:00",
      "quarter_label": "2023-03 (Q1)",
      "revenue": 603000000,
      "gross_profit": 197000000,
      "operating_income": 83000000,
      "net_income": null,
      "opex": 114000000,
      "cogs": 406000000,
      "rd": 12000000,
      "sga": 79000000,
      "fcf": 21000000,
      "ocf": 56000000,
      "capex": -35000000,
      "gross_margin": 0.32669983416252074,
      "op_margin": 0.13764510779436154,
      "fcf_margin": 0.03482587064676617,
      "rev_growth_yoy": -0.0016556291390728477,
      "rev_growth_yoy_accel": -0.02704625413907285,
      "op_leverage_ratio": Infinity,
      "fcf_margin_change": 0.13387348969438523
    },
    {
      "date": "2023-06-30T00:00:00",
      "quarter_label": "2023-06 (Q2)",
      "revenue": 546000000,
      "gross_profit": 178000000,
      "operating_income": 62000000,
      "net_income": null,
      "opex": 116000000,
      "cogs": 368000000,
      "rd": 12000000,
      "sga": 84000000,
      "fcf": 93000000,
      "ocf": 136000000,
      "capex": -43000000,
      "gross_margin": 0.326007326007326,
      "op_margin": 0.11355311355311355,
      "fcf_margin": 0.17032967032967034,
      "incr_op_margin_yoy": 0.15306122448979592,
      "rev_growth_yoy": -0.15217391304347827,
      "rev_growth_yoy_accel": -0.15051828390440541,
      "fcf_margin_change": 0.13550379968290416
    },
    {
      "date": "2023-09-30T00:00:00",
      "quarter_label": "2023-09 (Q3)",
      "revenue": 517000000,
      "gross_profit": 128000000,
      "operating_income": -10000000,
      "net_income": null,
      "opex": 138000000,
      "cogs": 389000000,
      "rd": 14000000,
      "sga": 109000000,
      "fcf": 62000000,
      "ocf": 131000000,
      "capex": -69000000,
      "gross_margin": 0.24758220502901354,
      "op_margin": -0.019342359767891684,
      "fcf_margin": 0.11992263056092843,
      "incr_op_margin_yoy": 1.1391304347826088,
      "rev_growth_yoy": -0.1819620253164557,
      "rev_growth_yoy_accel": -0.029788112272977424,
      "fcf_margin_change": -0.050407039768741904
    },
    {
      "date": "2023-12-31T00:00:00",
      "quarter_label": "2023-12 (Q4)",
      "revenue": 473000000,
      "gross_profit": 98000000,
      "operating_income": -18000000,
      "net_income": null,
      "opex": 116000000,
      "cogs": 375000000,
      "rd": 12000000,
      "sga": 83000000,
      "fcf": 165000000,
      "ocf": 201000000,
      "capex": -36000000,
      "gross_margin": 0.20718816067653276,
      "op_margin": -0.03805496828752643,
      "fcf_margin": 0.3488372093023256,
      "incr_op_margin_yoy": 1.0576923076923077,
      "rev_growth_yoy": -0.09904761904761905,
      "rev_growth_yoy_accel": 0.08291440626883664,
      "fcf_margin_change": 0.22891457874139715
    },
    {
      "date": "2024-03-31T00:00:00",
      "quarter_label": "2024-03 (Q1)",
      "revenue": 575000000,
      "gross_profit": 161000000,
      "operating_income": 21000000,
      "net_income": null,
      "opex": 140000000,
      "cogs": 414000000,
      "rd": 14000000,
      "sga": 106000000,
      "fcf": 20000000,
      "ocf": 54000000,
      "capex": -34000000,
      "gross_margin": 0.28,
      "op_margin": 0.036521739130434785,
      "fcf_margin": 0.034782608695652174,
      "incr_op_margin_yoy": 2.2142857142857144,
      "rev_growth_yoy": -0.04643449419568822,
      "rev_growth_yoy_accel": 0.05261312485193083,
      "op_leverage_ratio": 1.0422832980972516,
      "fcf_margin_change": -0.3140546006066734
    },
    {
      "date": "2024-06-30T00:00:00",
      "quarter_label": "2024-06 (Q2)",
      "revenue": 544000000,
      "gross_profit": 186000000,
      "operating_income": -61000000,
      "net_income": null,
      "opex": 247000000,
      "cogs": 358000000,
      "rd": 15000000,
      "sga": 114000000,
      "fcf": 98000000,
      "ocf": 127000000,
      "capex": -29000000,
      "gross_margin": 0.34191176470588236,
      "op_margin": -0.11213235294117647,
      "fcf_margin": 0.1801470588235294,
      "incr_op_margin_yoy": 61.5,
      "rev_growth_yoy": -0.003663003663003663,
      "rev_growth_yoy_accel": 0.04277149053268456,
      "fcf_margin_change": 0.14536445012787724
    },
    {
      "date": "2024-09-30T00:00:00",
      "quarter_label": "2024-09 (Q3)",
      "revenue": 522000000,
      "gross_profit": 174000000,
      "operating_income": 31000000,
      "net_income": null,
      "opex": 143000000,
      "cogs": 348000000,
      "rd": 13000000,
      "sga": 101000000,
      "fcf": 42000000,
      "ocf": 80000000,
      "capex": -38000000,
      "gross_margin": 0.3333333333333333,
      "op_margin": 0.05938697318007663,
      "fcf_margin": 0.08045977011494253,
      "incr_op_margin_yoy": 8.2,
      "rev_growth_yoy": 0.009671179883945842,
      "rev_growth_yoy_accel": 0.013334183546949506,
      "fcf_margin_change": -0.09968728870858688
    },
    {
      "date": "2024-12-31T00:00:00",
      "quarter_label": "2024-12 (Q4)",
      "revenue": 405000000,
      "gross_profit": 111000000,
      "operating_income": -179000000,
      "net_income": null,
      "opex": 290000000,
      "cogs": 294000000,
      "rd": 13000000,
      "sga": 78000000,
      "fcf": -53000000,
      "ocf": -30000000,
      "capex": -23000000,
      "gross_margin": 0.2740740740740741,
      "op_margin": -0.4419753086419753,
      "fcf_margin": -0.1308641975308642,
      "incr_op_margin_yoy": 2.3676470588235294,
      "rev_growth_yoy": -0.14376321353065538,
      "rev_growth_yoy_accel": -0.15343439341460122,
      "fcf_margin_change": -0.21132396764580674
    },
    {
      "date": "2025-03-31T00:00:00",
      "quarter_label": "2025-03 (Q1)",
      "revenue": 479000000,
      "gross_profit": 147000000,
      "operating_income": 51000000,
      "net_income": null,
      "opex": 96000000,
      "cogs": 332000000,
      "rd": 14000000,
      "sga": 85000000,
      "fcf": -12000000,
      "ocf": 9000000,
      "capex": -21000000,
      "gross_margin": 0.3068893528183716,
      "op_margin": 0.10647181628392484,
      "fcf_margin": -0.025052192066805846,
      "incr_op_margin_yoy": -0.3125,
      "rev_growth_yoy": -0.16695652173913045,
      "rev_growth_yoy_accel": -0.023193308208475066,
      "op_leverage_ratio": Infinity,
      "fcf_margin_change": 0.10581200546405836
    },
    {
      "date": "2025-06-30T00:00:00",
      "quarter_label": "2025-06 (Q2)",
      "revenue": 463000000,
      "gross_profit": 132000000,
      "operating_income": -708000000,
      "net_income": null,
      "opex": 840000000,
      "cogs": 331000000,
      "rd": 13000000,
      "sga": 106000000,
      "fcf": 95000000,
      "ocf": 115000000,
      "capex": -20000000,
      "gross_margin": 0.28509719222462204,
      "op_margin": -1.529157667386609,
      "fcf_margin": 0.20518358531317496,
      "incr_op_margin_yoy": 7.987654320987654,
      "rev_growth_yoy": -0.1488970588235294,
      "rev_growth_yoy_accel": 0.018059462915601038,
      "fcf_margin_change": 0.2302357773799808
    },
    {
      "date": "2025-09-30T00:00:00",
      "quarter_label": "2025-09 (Q3)",
      "revenue": 477000000,
      "gross_profit": 159000000,
      "operating_income": 61000000,
      "net_income": null,
      "opex": 98000000,
      "cogs": 318000000,
      "rd": 13000000,
      "sga": 76000000,
      "fcf": 6000000,
      "ocf": 40000000,
      "capex": -34000000,
      "gross_margin": 0.3333333333333333,
      "op_margin": 0.1278825995807128,
      "fcf_margin": 0.012578616352201259,
      "incr_op_margin_yoy": -0.6666666666666666,
      "rev_growth_yoy": -0.08620689655172414,
      "rev_growth_yoy_accel": 0.06269016227180527,
      "op_leverage_ratio": Infinity,
      "fcf_margin_change": -0.1926049689609737
    }
  ],
  "signals": [
    {
      "quarter": "2025-09 (Q3)",
      "signal": "GROSS MARGIN INFLECTION",
      "detail": "GM: +30.7% -> +28.5% -> +33.3% (reversal +4.8%)",
      "severity": "MEDIUM"
    },
    {
      "quarter": "2025-09 (Q3)",
      "signal": "YoY REVENUE GROWTH ACCELERATION",
      "detail": "YoY growth: -8.6% vs prior quarter YoY: -14.9% (accel: +6.3%)",
      "severity": "MEDIUM"
    },
    {
      "quarter": "2025-09 (Q3)",
      "signal": "OP MARGIN TURNED POSITIVE (QoQ)",
      "detail": "Op margin: -152.9% -> +12.8%",
      "severity": "HIGH"
    },
    {
      "quarter": "2025-06 (Q2)",
      "signal": "FCF TURNED POSITIVE",
      "detail": "FCF margin: -2.5% -> +20.5%",
      "severity": "HIGH"
    },
    {
      "quarter": "2025-03 (Q1)",
      "signal": "FCF MARGIN EXPANSION",
      "detail": "FCF margin: -13.1% -> -2.5% (+10.6%)",
      "severity": "MEDIUM"
    },
    {
      "quarter": "2025-03 (Q1)",
      "signal": "GROSS MARGIN INFLECTION",
      "detail": "GM: +33.3% -> +27.4% -> +30.7% (reversal +3.3%)",
      "severity": "MEDIUM"
    },
    {
      "quarter": "2025-03 (Q1)",
      "signal": "OP MARGIN TURNED POSITIVE (QoQ)",
      "detail": "Op margin: -44.2% -> +10.6%",
      "severity": "HIGH"
    },
    {
      "quarter": "2024-12 (Q4)",
      "signal": "YoY REVENUE GROWTH DECELERATION",
      "detail": "YoY growth: -14.4% vs prior quarter YoY: +1.0% (decel: -15.3%)",
      "severity": "WARNING"
    },
    {
      "quarter": "2024-09 (Q3)",
      "signal": "OP MARGIN TURNED POSITIVE (YoY)",
      "detail": "Op margin: -1.9% (year-ago) -> +5.9%",
      "severity": "HIGH"
    },
    {
      "quarter": "2024-09 (Q3)",
      "signal": "OP MARGIN TURNED POSITIVE (QoQ)",
      "detail": "Op margin: -11.2% -> +5.9%",
      "severity": "HIGH"
    },
    {
      "quarter": "2024-06 (Q2)",
      "signal": "FCF MARGIN EXPANSION",
      "detail": "FCF margin: +3.5% -> +18.0% (+14.5%)",
      "severity": "MEDIUM"
    },
    {
      "quarter": "2024-03 (Q1)",
      "signal": "GROSS MARGIN INFLECTION",
      "detail": "GM: +24.8% -> +20.7% -> +28.0% (reversal +7.3%)",
      "severity": "HIGH"
    },
    {
      "quarter": "2024-03 (Q1)",
      "signal": "YoY REVENUE GROWTH ACCELERATION",
      "detail": "YoY growth: -4.6% vs prior quarter YoY: -9.9% (accel: +5.3%)",
      "severity": "MEDIUM"
    },
    {
      "quarter": "2024-03 (Q1)",
      "signal": "INCREMENTAL MARGIN (YoY)",
      "detail": "YoY Incr OPM: +221.4% vs year-ago OPM: +13.8%",
      "severity": "HIGH"
    },
    {
      "quarter": "2024-03 (Q1)",
      "signal": "OP MARGIN TURNED POSITIVE (QoQ)",
      "detail": "Op margin: -3.8% -> +3.7%",
      "severity": "HIGH"
    },
    {
      "quarter": "2023-12 (Q4)",
      "signal": "FCF MARGIN EXPANSION",
      "detail": "FCF margin: +12.0% -> +34.9% (+22.9%)",
      "severity": "MEDIUM"
    },
    {
      "quarter": "2023-12 (Q4)",
      "signal": "YoY REVENUE GROWTH ACCELERATION",
      "detail": "YoY growth: -9.9% vs prior quarter YoY: -18.2% (accel: +8.3%)",
      "severity": "MEDIUM"
    },
    {
      "quarter": "2023-06 (Q2)",
      "signal": "FCF MARGIN EXPANSION",
      "detail": "FCF margin: +3.5% -> +17.0% (+13.6%)",
      "severity": "MEDIUM"
    },
    {
      "quarter": "2023-06 (Q2)",
      "signal": "YoY REVENUE GROWTH DECELERATION",
      "detail": "YoY growth: -15.2% vs prior quarter YoY: -0.2% (decel: -15.1%)",
      "severity": "WARNING"
    },
    {
      "quarter": "2023-03 (Q1)",
      "signal": "FCF TURNED POSITIVE",
      "detail": "FCF margin: -9.9% -> +3.5%",
      "severity": "HIGH"
    },
    {
      "quarter": "2022-12 (Q4)",
      "signal": "YoY REVENUE GROWTH DECELERATION",
      "detail": "YoY growth: +2.5% vs prior quarter YoY: +94.5% (decel: -91.9%)",
      "severity": "WARNING"
    },
    {
      "quarter": "2022-09 (Q3)",
      "signal": "FCF TURNED POSITIVE",
      "detail": "FCF margin: -7.3% -> +21.0%",
      "severity": "HIGH"
    },
    {
      "quarter": "2022-09 (Q3)",
      "signal": "YoY REVENUE GROWTH ACCELERATION",
      "detail": "YoY growth: +94.5% vs prior quarter YoY: +1.1% (accel: +93.4%)",
      "severity": "HIGH"
    },
    {
      "quarter": "2022-09 (Q3)",
      "signal": "INCREMENTAL MARGIN (YoY)",
      "detail": "YoY Incr OPM: +37.1% vs year-ago OPM: +2.2%",
      "severity": "HIGH"
    },
    {
      "quarter": "2022-06 (Q2)",
      "signal": "INCREMENTAL MARGIN (YoY)",
      "detail": "YoY Incr OPM: +214.3% vs year-ago OPM: +9.7%",
      "severity": "HIGH"
    },
    {
      "quarter": "2022-03 (Q1)",
      "signal": "OPERATING LEVERAGE",
      "detail": "Rev growth +18.0% vs OpEx growth +6.7% (leverage: 2.7x)",
      "severity": "MEDIUM"
    },
    {
      "quarter": "2022-03 (Q1)",
      "signal": "GROSS MARGIN INFLECTION",
      "detail": "GM: +32.0% -> +31.4% -> +36.4% (reversal +5.0%)",
      "severity": "MEDIUM"
    },
    {
      "quarter": "2022-03 (Q1)",
      "signal": "YoY REVENUE GROWTH ACCELERATION",
      "detail": "YoY growth: +1.0% vs prior quarter YoY: -7.2% (accel: +8.2%)",
      "severity": "MEDIUM"
    },
    {
      "quarter": "2022-03 (Q1)",
      "signal": "INCREMENTAL MARGIN (YoY)",
      "detail": "YoY Incr OPM: +366.7% vs year-ago OPM: +11.9%",
      "severity": "HIGH"
    },
    {
      "quarter": "2021-12 (Q4)",
      "signal": "OPERATING LEVERAGE",
      "detail": "Rev growth +57.5% vs OpEx growth +22.7% (leverage: 2.5x)",
      "severity": "MEDIUM"
    },
    {
      "quarter": "2021-09 (Q3)",
      "signal": "FCF MARGIN EXPANSION",
      "detail": "FCF margin: +27.2% -> +37.2% (+10.1%)",
      "severity": "MEDIUM"
    },
    {
      "quarter": "2021-06 (Q2)",
      "signal": "FCF MARGIN EXPANSION",
      "detail": "FCF margin: +2.7% -> +27.2% (+24.5%)",
      "severity": "MEDIUM"
    }
  ],
  "data_quality": {
    "n_quarters": 20,
    "coverage": {
      "revenue": [
        20,
        20
      ],
      "gross_profit": [
        20,
        20
      ],
      "op_income": [
        20,
        20
      ],
      "fcf": [
        20,
        20
      ]
    },
    "gaps": [],
    "warnings": []
  },
  "market_cap": null,
  "source": "SEC EDGAR",
  "last_updated": "2026-02-02T21:24:23.302713"
}