{
  "ticker": "ASLE",
  "name": "AerSale Corporation",
  "quarters": [
    {
      "date": "2020-12-31T00:00:00",
      "quarter_label": "2020-12 (Q4)",
      "revenue": 49382247,
      "gross_profit": 13126145,
      "operating_income": 12154464,
      "net_income": 8672045,
      "opex": 971681,
      "cogs": 36256102,
      "rd": null,
      "sga": 15020855,
      "fcf": -32760000,
      "ocf": -32217000,
      "capex": -543000,
      "gross_margin": 0.26580696095096684,
      "op_margin": 0.24613023380649326,
      "fcf_margin": -0.663396301103917
    },
    {
      "date": "2021-03-31T00:00:00",
      "quarter_label": "2021-03 (Q1)",
      "revenue": 58435000,
      "gross_profit": 19835000,
      "operating_income": 12888000,
      "net_income": 10018000,
      "opex": 6947000,
      "cogs": 38600000,
      "rd": null,
      "sga": 13310000,
      "fcf": -14404000,
      "ocf": -13961000,
      "capex": -443000,
      "gross_margin": 0.33943698126123045,
      "op_margin": 0.22055275091982546,
      "fcf_margin": -0.24649610678531703,
      "op_leverage_ratio": 0.029810718170413128,
      "fcf_margin_change": 0.4169001943186
    },
    {
      "date": "2021-06-30T00:00:00",
      "quarter_label": "2021-06 (Q2)",
      "revenue": 91921000,
      "gross_profit": 30738000,
      "operating_income": 22177000,
      "net_income": 16548000,
      "opex": 8561000,
      "cogs": 61183000,
      "rd": null,
      "sga": 16966000,
      "fcf": 22199000,
      "ocf": 22597000,
      "capex": -398000,
      "gross_margin": 0.33439583990600624,
      "op_margin": 0.24126151804266707,
      "fcf_margin": 0.24150085399419066,
      "op_leverage_ratio": 2.466516317975395,
      "fcf_margin_change": 0.4879969607795077
    },
    {
      "date": "2021-09-30T00:00:00",
      "quarter_label": "2021-09 (Q3)",
      "revenue": 73298000,
      "gross_profit": 24632000,
      "operating_income": 1829000,
      "net_income": -1636000,
      "opex": 22803000,
      "cogs": 48666000,
      "rd": null,
      "sga": 22803000,
      "fcf": 17529000,
      "ocf": 17748000,
      "capex": -219000,
      "gross_margin": 0.33605282545226334,
      "op_margin": 0.024952931867172366,
      "fcf_margin": 0.23914704357554095,
      "fcf_margin_change": -0.00235381041864971
    },
    {
      "date": "2021-12-31T00:00:00",
      "quarter_label": "2021-12 (Q4)",
      "revenue": 116783000,
      "gross_profit": 44187000,
      "operating_income": 19768000,
      "net_income": 11185000,
      "opex": 24419000,
      "cogs": 72596000,
      "rd": null,
      "sga": 24419000,
      "fcf": 52247000,
      "ocf": 52695000,
      "capex": -448000,
      "gross_margin": 0.37836842691145117,
      "op_margin": 0.16927121241961587,
      "fcf_margin": 0.4473853214937106,
      "incr_op_margin_yoy": 0.11295921278505598,
      "rev_growth_yoy": 1.3648782122044791,
      "op_leverage_ratio": 8.371397817170594,
      "fcf_margin_change": 0.20823827791816962
    },
    {
      "date": "2022-03-31T00:00:00",
      "quarter_label": "2022-03 (Q1)",
      "revenue": 122806000,
      "gross_profit": 46703000,
      "operating_income": 22937000,
      "net_income": 17226000,
      "opex": 23766000,
      "cogs": 76103000,
      "rd": null,
      "sga": 23766000,
      "fcf": 41411000,
      "ocf": 43048000,
      "capex": -1637000,
      "gross_margin": 0.38029900819178214,
      "op_margin": 0.18677426184388385,
      "fcf_margin": 0.33720665114082377,
      "incr_op_margin_yoy": 0.15611067095431172,
      "rev_growth_yoy": 1.1015829554205527,
      "rev_growth_yoy_accel": -0.2632952567839264,
      "op_leverage_ratio": Infinity,
      "fcf_margin_change": -0.11017867035288681
    },
    {
      "date": "2022-06-30T00:00:00",
      "quarter_label": "2022-06 (Q2)",
      "revenue": 139608000,
      "gross_profit": 54980000,
      "operating_income": 31477000,
      "net_income": 26455000,
      "opex": 23503000,
      "cogs": 84628000,
      "rd": null,
      "sga": 23503000,
      "fcf": -3948000,
      "ocf": -1844000,
      "capex": -2104000,
      "gross_margin": 0.39381697323935594,
      "op_margin": 0.22546702194716636,
      "fcf_margin": -0.028279181708784597,
      "incr_op_margin_yoy": 0.19502170402835153,
      "rev_growth_yoy": 0.5187824327411582,
      "rev_growth_yoy_accel": -0.5828005226793945,
      "op_leverage_ratio": Infinity,
      "fcf_margin_change": -0.36548583284960834
    },
    {
      "date": "2022-09-30T00:00:00",
      "quarter_label": "2022-09 (Q3)",
      "revenue": 50999000,
      "gross_profit": 15489000,
      "operating_income": -8494000,
      "net_income": -9013000,
      "opex": 23983000,
      "cogs": 35510000,
      "rd": null,
      "sga": 23983000,
      "fcf": -46780000,
      "ocf": -43586000,
      "capex": -3194000,
      "gross_margin": 0.30371183748700953,
      "op_margin": -0.1665522853389282,
      "fcf_margin": -0.9172728877036804,
      "incr_op_margin_yoy": 0.46293555764832506,
      "rev_growth_yoy": -0.3042238533111408,
      "rev_growth_yoy_accel": -0.8230062860522991,
      "fcf_margin_change": -0.8889937059948958
    },
    {
      "date": "2022-12-31T00:00:00",
      "quarter_label": "2022-12 (Q4)",
      "revenue": 95131000,
      "gross_profit": 34222000,
      "operating_income": 9126000,
      "net_income": 9193000,
      "opex": 25096000,
      "cogs": 60909000,
      "rd": null,
      "sga": 25096000,
      "fcf": 742000,
      "ocf": 2269000,
      "capex": -1527000,
      "gross_margin": 0.35973552259515823,
      "op_margin": 0.09593087426811449,
      "fcf_margin": 0.00779977084231218,
      "incr_op_margin_yoy": 0.49150193977461665,
      "rev_growth_yoy": -0.18540369745596533,
      "rev_growth_yoy_accel": 0.1188201558551755,
      "op_leverage_ratio": 18.646627375161085,
      "fcf_margin_change": 0.9250726585459926
    },
    {
      "date": "2023-03-31T00:00:00",
      "quarter_label": "2023-03 (Q1)",
      "revenue": 78271000,
      "gross_profit": 24391000,
      "operating_income": -833000,
      "net_income": 5000,
      "opex": 25224000,
      "cogs": 53880000,
      "rd": null,
      "sga": 25224000,
      "fcf": -63923000,
      "ocf": -62442000,
      "capex": -1481000,
      "gross_margin": 0.3116224399841576,
      "op_margin": -0.010642511274929411,
      "fcf_margin": -0.8166881731420321,
      "incr_op_margin_yoy": 0.5337375098237341,
      "rev_growth_yoy": -0.36264514763122324,
      "rev_growth_yoy_accel": -0.17724145017525791,
      "fcf_margin_change": -0.8244879439843443
    },
    {
      "date": "2023-06-30T00:00:00",
      "quarter_label": "2023-06 (Q2)",
      "revenue": 69326000,
      "gross_profit": 20140000,
      "operating_income": -6957000,
      "net_income": -2688000,
      "opex": 27097000,
      "cogs": 49186000,
      "rd": null,
      "sga": 27097000,
      "fcf": -70088000,
      "ocf": -66755000,
      "capex": -3333000,
      "gross_margin": 0.29051149640827395,
      "op_margin": -0.10035196030349364,
      "fcf_margin": -1.0109915471828752,
      "incr_op_margin_yoy": 0.5468541020460431,
      "rev_growth_yoy": -0.5034238725574466,
      "rev_growth_yoy_accel": -0.14077872492622334,
      "fcf_margin_change": -0.19430337404084308
    },
    {
      "date": "2023-09-30T00:00:00",
      "quarter_label": "2023-09 (Q3)",
      "revenue": 92484000,
      "gross_profit": 23474000,
      "operating_income": -1929000,
      "net_income": -148000,
      "opex": 25403000,
      "cogs": 69010000,
      "rd": null,
      "sga": 25403000,
      "fcf": -41806000,
      "ocf": -38854000,
      "capex": -2952000,
      "gross_margin": 0.25381687643268025,
      "op_margin": -0.020857661865836253,
      "fcf_margin": -0.4520349465853553,
      "incr_op_margin_yoy": 0.15824996986862722,
      "rev_growth_yoy": 0.8134473224965195,
      "rev_growth_yoy_accel": 1.3168711950539662,
      "op_leverage_ratio": Infinity,
      "fcf_margin_change": 0.55895660059752
    },
    {
      "date": "2023-12-31T00:00:00",
      "quarter_label": "2023-12 (Q4)",
      "revenue": 94422000,
      "gross_profit": 24416000,
      "operating_income": -1051000,
      "net_income": -2732000,
      "opex": 25467000,
      "cogs": 70006000,
      "rd": null,
      "sga": 25467000,
      "fcf": -9692000,
      "ocf": -6099000,
      "capex": -3593000,
      "gross_margin": 0.25858380462180425,
      "op_margin": -0.011130880515134185,
      "fcf_margin": -0.10264556988837348,
      "rev_growth_yoy": -0.0074528807644195895,
      "rev_growth_yoy_accel": -0.8209002032609392,
      "op_leverage_ratio": 8.317488362851952,
      "fcf_margin_change": 0.34938937669698183
    },
    {
      "date": "2024-03-31T00:00:00",
      "quarter_label": "2024-03 (Q1)",
      "revenue": 90540000,
      "gross_profit": 28796000,
      "operating_income": 4663000,
      "net_income": 6277000,
      "opex": 24133000,
      "cogs": 61744000,
      "rd": null,
      "sga": 24133000,
      "fcf": -25047000,
      "ocf": -21473000,
      "capex": -3574000,
      "gross_margin": 0.3180472719240115,
      "op_margin": 0.051502098519991164,
      "fcf_margin": -0.27664015904572564,
      "incr_op_margin_yoy": 0.4479582688075638,
      "rev_growth_yoy": 0.15675026510457257,
      "rev_growth_yoy_accel": 0.16420314586899215,
      "fcf_margin_change": -0.17399458915735216
    },
    {
      "date": "2024-06-30T00:00:00",
      "quarter_label": "2024-06 (Q2)",
      "revenue": 77101000,
      "gross_profit": 21720000,
      "operating_income": -1852000,
      "net_income": -3637000,
      "opex": 23572000,
      "cogs": 55381000,
      "rd": null,
      "sga": 23572000,
      "fcf": -18943000,
      "ocf": -15327000,
      "capex": -3616000,
      "gross_margin": 0.2817084084512523,
      "op_margin": -0.024020440720613222,
      "fcf_margin": -0.2456907173707215,
      "incr_op_margin_yoy": 0.6565916398713826,
      "rev_growth_yoy": 0.11215128523209185,
      "rev_growth_yoy_accel": -0.044598979872480723,
      "fcf_margin_change": 0.03094944167500413
    },
    {
      "date": "2024-09-30T00:00:00",
      "quarter_label": "2024-09 (Q3)",
      "revenue": 82684000,
      "gross_profit": 23675000,
      "operating_income": 1996000,
      "net_income": 509000,
      "opex": 21679000,
      "cogs": 59009000,
      "rd": null,
      "sga": 21679000,
      "fcf": 8868000,
      "ocf": 10446000,
      "capex": -1578000,
      "gross_margin": 0.2863310918678342,
      "op_margin": 0.024140099656523632,
      "fcf_margin": 0.10725170528760099,
      "incr_op_margin_yoy": -0.4005102040816326,
      "rev_growth_yoy": -0.10596427490160461,
      "rev_growth_yoy_accel": -0.21811556013369646,
      "op_leverage_ratio": Infinity,
      "fcf_margin_change": 0.3529424226583225
    },
    {
      "date": "2024-12-31T00:00:00",
      "quarter_label": "2024-12 (Q4)",
      "revenue": 94741000,
      "gross_profit": 29745000,
      "operating_income": 4937000,
      "net_income": 2702000,
      "opex": 24808000,
      "cogs": 64996000,
      "rd": null,
      "sga": 24808000,
      "fcf": 32254000,
      "ocf": 37538000,
      "capex": -5284000,
      "gross_margin": 0.31396122059087406,
      "op_margin": 0.05211049070624123,
      "fcf_margin": 0.34044394718231813,
      "rev_growth_yoy": 0.0033784499375145625,
      "rev_growth_yoy_accel": 0.10934272483911917,
      "op_leverage_ratio": 1.0103025864786739,
      "fcf_margin_change": 0.23319224189471716
    },
    {
      "date": "2025-03-31T00:00:00",
      "quarter_label": "2025-03 (Q1)",
      "revenue": 65776000,
      "gross_profit": 17965000,
      "operating_income": -6647000,
      "net_income": -5277000,
      "opex": 24612000,
      "cogs": 47811000,
      "rd": null,
      "sga": 24612000,
      "fcf": -47632000,
      "ocf": -45221000,
      "capex": -2411000,
      "gross_margin": 0.2731239357820482,
      "op_margin": -0.10105509608367794,
      "fcf_margin": -0.7241547068839699,
      "incr_op_margin_yoy": 0.45671135519302214,
      "rev_growth_yoy": -0.273514468743097,
      "rev_growth_yoy_accel": -0.27689291868061155,
      "fcf_margin_change": -1.064598654066288
    },
    {
      "date": "2025-06-30T00:00:00",
      "quarter_label": "2025-06 (Q2)",
      "revenue": 107382000,
      "gross_profit": 35337000,
      "operating_income": 12514000,
      "net_income": 8575000,
      "opex": 22823000,
      "cogs": 72045000,
      "rd": null,
      "sga": 22823000,
      "fcf": 18609000,
      "ocf": 19785000,
      "capex": -1176000,
      "gross_margin": 0.3290774990221825,
      "op_margin": 0.11653722225326404,
      "fcf_margin": 0.17329720064815332,
      "incr_op_margin_yoy": 0.4744229054522638,
      "rev_growth_yoy": 0.39274458178233745,
      "rev_growth_yoy_accel": 0.6662590505254344,
      "op_leverage_ratio": Infinity,
      "fcf_margin_change": 0.8974519075321232
    },
    {
      "date": "2025-09-30T00:00:00",
      "quarter_label": "2025-09 (Q3)",
      "revenue": 71191000,
      "gross_profit": 21486000,
      "operating_income": 2873000,
      "net_income": -120000,
      "opex": 18613000,
      "cogs": 49705000,
      "rd": null,
      "sga": 18613000,
      "fcf": -9804000,
      "ocf": -8897000,
      "capex": -907000,
      "gross_margin": 0.301807812785324,
      "op_margin": 0.0403562248036971,
      "fcf_margin": -0.13771403688668513,
      "incr_op_margin_yoy": -0.07630731749760723,
      "rev_growth_yoy": -0.13899908083788884,
      "rev_growth_yoy_accel": -0.5317436626202263,
      "fcf_margin_change": -0.31101123753483845
    }
  ],
  "signals": [
    {
      "quarter": "2025-09 (Q3)",
      "signal": "YoY REVENUE GROWTH DECELERATION",
      "detail": "YoY growth: -13.9% vs prior quarter YoY: +39.3% (decel: -53.2%)",
      "severity": "WARNING"
    },
    {
      "quarter": "2025-06 (Q2)",
      "signal": "FCF TURNED POSITIVE",
      "detail": "FCF margin: -72.4% -> +17.3%",
      "severity": "HIGH"
    },
    {
      "quarter": "2025-06 (Q2)",
      "signal": "GROSS MARGIN INFLECTION",
      "detail": "GM: +31.4% -> +27.3% -> +32.9% (reversal +5.6%)",
      "severity": "HIGH"
    },
    {
      "quarter": "2025-06 (Q2)",
      "signal": "YoY REVENUE GROWTH ACCELERATION",
      "detail": "YoY growth: +39.3% vs prior quarter YoY: -27.4% (accel: +66.6%)",
      "severity": "HIGH"
    },
    {
      "quarter": "2025-06 (Q2)",
      "signal": "OP MARGIN TURNED POSITIVE (YoY)",
      "detail": "Op margin: -2.4% (year-ago) -> +11.7%",
      "severity": "HIGH"
    },
    {
      "quarter": "2025-06 (Q2)",
      "signal": "OP MARGIN TURNED POSITIVE (QoQ)",
      "detail": "Op margin: -10.1% -> +11.7%",
      "severity": "HIGH"
    },
    {
      "quarter": "2025-03 (Q1)",
      "signal": "YoY REVENUE GROWTH DECELERATION",
      "detail": "YoY growth: -27.4% vs prior quarter YoY: +0.3% (decel: -27.7%)",
      "severity": "WARNING"
    },
    {
      "quarter": "2024-12 (Q4)",
      "signal": "FCF MARGIN EXPANSION",
      "detail": "FCF margin: +10.7% -> +34.0% (+23.3%)",
      "severity": "MEDIUM"
    },
    {
      "quarter": "2024-12 (Q4)",
      "signal": "YoY REVENUE GROWTH ACCELERATION",
      "detail": "YoY growth: +0.3% vs prior quarter YoY: -10.6% (accel: +10.9%)",
      "severity": "MEDIUM"
    },
    {
      "quarter": "2024-12 (Q4)",
      "signal": "OP MARGIN TURNED POSITIVE (YoY)",
      "detail": "Op margin: -1.1% (year-ago) -> +5.2%",
      "severity": "HIGH"
    },
    {
      "quarter": "2024-09 (Q3)",
      "signal": "FCF TURNED POSITIVE",
      "detail": "FCF margin: -24.6% -> +10.7%",
      "severity": "HIGH"
    },
    {
      "quarter": "2024-09 (Q3)",
      "signal": "YoY REVENUE GROWTH DECELERATION",
      "detail": "YoY growth: -10.6% vs prior quarter YoY: +11.2% (decel: -21.8%)",
      "severity": "WARNING"
    },
    {
      "quarter": "2024-09 (Q3)",
      "signal": "OP MARGIN TURNED POSITIVE (YoY)",
      "detail": "Op margin: -2.1% (year-ago) -> +2.4%",
      "severity": "HIGH"
    },
    {
      "quarter": "2024-09 (Q3)",
      "signal": "OP MARGIN TURNED POSITIVE (QoQ)",
      "detail": "Op margin: -2.4% -> +2.4%",
      "severity": "HIGH"
    },
    {
      "quarter": "2024-03 (Q1)",
      "signal": "YoY REVENUE GROWTH ACCELERATION",
      "detail": "YoY growth: +15.7% vs prior quarter YoY: -0.7% (accel: +16.4%)",
      "severity": "HIGH"
    },
    {
      "quarter": "2024-03 (Q1)",
      "signal": "OP MARGIN TURNED POSITIVE (YoY)",
      "detail": "Op margin: -1.1% (year-ago) -> +5.2%",
      "severity": "HIGH"
    },
    {
      "quarter": "2024-03 (Q1)",
      "signal": "OP MARGIN TURNED POSITIVE (QoQ)",
      "detail": "Op margin: -1.1% -> +5.2%",
      "severity": "HIGH"
    },
    {
      "quarter": "2023-12 (Q4)",
      "signal": "FCF MARGIN EXPANSION",
      "detail": "FCF margin: -45.2% -> -10.3% (+34.9%)",
      "severity": "MEDIUM"
    },
    {
      "quarter": "2023-12 (Q4)",
      "signal": "OPERATING LEVERAGE",
      "detail": "Rev growth +2.1% vs OpEx growth +0.3% (leverage: 8.3x)",
      "severity": "MEDIUM"
    },
    {
      "quarter": "2023-12 (Q4)",
      "signal": "YoY REVENUE GROWTH DECELERATION",
      "detail": "YoY growth: -0.7% vs prior quarter YoY: +81.3% (decel: -82.1%)",
      "severity": "WARNING"
    },
    {
      "quarter": "2023-09 (Q3)",
      "signal": "FCF MARGIN EXPANSION",
      "detail": "FCF margin: -101.1% -> -45.2% (+55.9%)",
      "severity": "MEDIUM"
    },
    {
      "quarter": "2023-09 (Q3)",
      "signal": "YoY REVENUE GROWTH ACCELERATION",
      "detail": "YoY growth: +81.3% vs prior quarter YoY: -50.3% (accel: +131.7%)",
      "severity": "HIGH"
    },
    {
      "quarter": "2023-06 (Q2)",
      "signal": "YoY REVENUE GROWTH DECELERATION",
      "detail": "YoY growth: -50.3% vs prior quarter YoY: -36.3% (decel: -14.1%)",
      "severity": "WARNING"
    },
    {
      "quarter": "2023-03 (Q1)",
      "signal": "YoY REVENUE GROWTH DECELERATION",
      "detail": "YoY growth: -36.3% vs prior quarter YoY: -18.5% (decel: -17.7%)",
      "severity": "WARNING"
    },
    {
      "quarter": "2022-12 (Q4)",
      "signal": "FCF TURNED POSITIVE",
      "detail": "FCF margin: -91.7% -> +0.8%",
      "severity": "HIGH"
    },
    {
      "quarter": "2022-12 (Q4)",
      "signal": "OPERATING LEVERAGE",
      "detail": "Rev growth +86.5% vs OpEx growth +4.6% (leverage: 18.6x)",
      "severity": "MEDIUM"
    },
    {
      "quarter": "2022-12 (Q4)",
      "signal": "GROSS MARGIN INFLECTION",
      "detail": "GM: +39.4% -> +30.4% -> +36.0% (reversal +5.6%)",
      "severity": "HIGH"
    },
    {
      "quarter": "2022-12 (Q4)",
      "signal": "YoY REVENUE GROWTH ACCELERATION",
      "detail": "YoY growth: -18.5% vs prior quarter YoY: -30.4% (accel: +11.9%)",
      "severity": "MEDIUM"
    },
    {
      "quarter": "2022-12 (Q4)",
      "signal": "INCREMENTAL MARGIN (YoY)",
      "detail": "YoY Incr OPM: +49.2% vs year-ago OPM: +16.9%",
      "severity": "HIGH"
    },
    {
      "quarter": "2022-12 (Q4)",
      "signal": "OP MARGIN TURNED POSITIVE (QoQ)",
      "detail": "Op margin: -16.7% -> +9.6%",
      "severity": "HIGH"
    },
    {
      "quarter": "2022-09 (Q3)",
      "signal": "YoY REVENUE GROWTH DECELERATION",
      "detail": "YoY growth: -30.4% vs prior quarter YoY: +51.9% (decel: -82.3%)",
      "severity": "WARNING"
    },
    {
      "quarter": "2022-06 (Q2)",
      "signal": "YoY REVENUE GROWTH DECELERATION",
      "detail": "YoY growth: +51.9% vs prior quarter YoY: +110.2% (decel: -58.3%)",
      "severity": "WARNING"
    },
    {
      "quarter": "2022-03 (Q1)",
      "signal": "YoY REVENUE GROWTH DECELERATION",
      "detail": "YoY growth: +110.2% vs prior quarter YoY: +136.5% (decel: -26.3%)",
      "severity": "WARNING"
    },
    {
      "quarter": "2021-12 (Q4)",
      "signal": "FCF MARGIN EXPANSION",
      "detail": "FCF margin: +23.9% -> +44.7% (+20.8%)",
      "severity": "MEDIUM"
    },
    {
      "quarter": "2021-12 (Q4)",
      "signal": "OPERATING LEVERAGE",
      "detail": "Rev growth +59.3% vs OpEx growth +7.1% (leverage: 8.4x)",
      "severity": "MEDIUM"
    },
    {
      "quarter": "2021-06 (Q2)",
      "signal": "FCF TURNED POSITIVE",
      "detail": "FCF margin: -24.6% -> +24.2%",
      "severity": "HIGH"
    },
    {
      "quarter": "2021-06 (Q2)",
      "signal": "OPERATING LEVERAGE",
      "detail": "Rev growth +57.3% vs OpEx growth +23.2% (leverage: 2.5x)",
      "severity": "MEDIUM"
    },
    {
      "quarter": "2021-03 (Q1)",
      "signal": "FCF MARGIN EXPANSION",
      "detail": "FCF margin: -66.3% -> -24.6% (+41.7%)",
      "severity": "MEDIUM"
    }
  ],
  "data_quality": {
    "n_quarters": 20,
    "coverage": {
      "revenue": [
        20,
        20
      ],
      "gross_profit": [
        20,
        20
      ],
      "op_income": [
        20,
        20
      ],
      "fcf": [
        20,
        20
      ]
    },
    "gaps": [],
    "warnings": []
  },
  "market_cap": null,
  "source": "SEC EDGAR",
  "last_updated": "2026-02-02T22:38:49.507022"
}