{
  "ticker": "ASO",
  "name": "Academy Sports and Outdoors, Inc.",
  "quarters": [
    {
      "date": "2021-01-30T00:00:00",
      "quarter_label": "2021-01 (Q1)",
      "revenue": 1597436000,
      "gross_profit": 499088000,
      "operating_income": 141032000,
      "net_income": 91522000,
      "opex": 358056000,
      "cogs": 1098348000,
      "rd": null,
      "sga": 358056000,
      "fcf": 135025000,
      "ocf": 154379000,
      "capex": -19354000,
      "gross_margin": 0.3124306701489136,
      "op_margin": 0.08828647908273007,
      "fcf_margin": 0.0845260780400592
    },
    {
      "date": "2021-05-01T00:00:00",
      "quarter_label": "2021-05 (Q2)",
      "revenue": 1580333000,
      "gross_profit": 563701000,
      "operating_income": 239074000,
      "net_income": 177796000,
      "opex": 324627000,
      "cogs": 1016632000,
      "rd": null,
      "sga": 324627000,
      "fcf": 202420000,
      "ocf": 219228000,
      "capex": -16808000,
      "gross_margin": 0.3566976074029967,
      "op_margin": 0.15128077436844006,
      "fcf_margin": 0.12808692851443335,
      "fcf_margin_change": 0.04356085047437415
    },
    {
      "date": "2021-07-31T00:00:00",
      "quarter_label": "2021-07 (Q3)",
      "revenue": 1791530000,
      "gross_profit": 642496000,
      "operating_income": 254558000,
      "net_income": 190510000,
      "opex": 387938000,
      "cogs": 1149034000,
      "rd": null,
      "sga": 387938000,
      "fcf": 169487000,
      "ocf": 186446000,
      "capex": -16959000,
      "gross_margin": 0.35862977455024475,
      "op_margin": 0.1420897221927626,
      "fcf_margin": 0.09460461170061345,
      "op_leverage_ratio": 0.6852429891551114,
      "fcf_margin_change": -0.0334823168138199
    },
    {
      "date": "2021-10-30T00:00:00",
      "quarter_label": "2021-10 (Q4)",
      "revenue": 1592795000,
      "gross_profit": 560838000,
      "operating_income": 216113000,
      "net_income": 161305000,
      "opex": 344725000,
      "cogs": 1031957000,
      "rd": null,
      "sga": 344725000,
      "fcf": 84589000,
      "ocf": 109389000,
      "capex": -24800000,
      "gross_margin": 0.3521093423824158,
      "op_margin": 0.13568161627830325,
      "fcf_margin": 0.053107273691843586,
      "fcf_margin_change": -0.04149733800876986
    },
    {
      "date": "2022-01-29T00:00:00",
      "quarter_label": "2022-01 (Q1)",
      "revenue": 1808470000,
      "gross_profit": 584060000,
      "operating_income": 198202000,
      "net_income": 141770000,
      "opex": 385858000,
      "cogs": 1224410000,
      "rd": null,
      "sga": 385858000,
      "fcf": 140967000,
      "ocf": 158202000,
      "capex": -17235000,
      "gross_margin": 0.3229580805874579,
      "op_margin": 0.1095965097568663,
      "fcf_margin": 0.07794821036566822,
      "incr_op_margin_yoy": 0.27090421448676516,
      "rev_growth_yoy": 0.13210795299467396,
      "op_leverage_ratio": 1.1348078143462543,
      "fcf_margin_change": 0.024840936673824636
    },
    {
      "date": "2022-04-30T00:00:00",
      "quarter_label": "2022-04 (Q2)",
      "revenue": 1467730000,
      "gross_profit": 521424000,
      "operating_income": 205493000,
      "net_income": 149806000,
      "opex": 315931000,
      "cogs": 946306000,
      "rd": null,
      "sga": 315931000,
      "fcf": 79817000,
      "ocf": 97097000,
      "capex": -17280000,
      "gross_margin": 0.35525880100563456,
      "op_margin": 0.14000735830159497,
      "fcf_margin": 0.05438125540801101,
      "incr_op_margin_yoy": 0.2982247364635045,
      "rev_growth_yoy": -0.07125270433509899,
      "rev_growth_yoy_accel": -0.20336065732977293,
      "fcf_margin_change": -0.02356695495765721
    },
    {
      "date": "2022-07-30T00:00:00",
      "quarter_label": "2022-07 (Q3)",
      "revenue": 1686915000,
      "gross_profit": 596063000,
      "operating_income": 256734000,
      "net_income": 188801000,
      "opex": 339329000,
      "cogs": 1090852000,
      "rd": null,
      "sga": 339329000,
      "fcf": 130539000,
      "ocf": 161309000,
      "capex": -30770000,
      "gross_margin": 0.3533450114558232,
      "op_margin": 0.15219142636113853,
      "fcf_margin": 0.07738327064493469,
      "incr_op_margin_yoy": -0.02080007647086938,
      "rev_growth_yoy": -0.05839422169877144,
      "rev_growth_yoy_accel": 0.01285848263632755,
      "op_leverage_ratio": 2.0164068496916365,
      "fcf_margin_change": 0.023002015236923683
    },
    {
      "date": "2022-10-29T00:00:00",
      "quarter_label": "2022-10 (Q4)",
      "revenue": 1493925000,
      "gross_profit": 522471000,
      "operating_income": 179522000,
      "net_income": 131741000,
      "opex": 342949000,
      "cogs": 971454000,
      "rd": null,
      "sga": 342949000,
      "fcf": 19359000,
      "ocf": 50763000,
      "capex": -31404000,
      "gross_margin": 0.34973040815301976,
      "op_margin": 0.1201680137891795,
      "fcf_margin": 0.012958481851498569,
      "incr_op_margin_yoy": 0.37009204005259433,
      "rev_growth_yoy": -0.062073273710678396,
      "rev_growth_yoy_accel": -0.0036790520119069567,
      "fcf_margin_change": -0.06442478879343612
    },
    {
      "date": "2023-01-28T00:00:00",
      "quarter_label": "2023-01 (Q1)",
      "revenue": 1746503000,
      "gross_profit": 572544000,
      "operating_income": 204800000,
      "net_income": 157653000,
      "opex": 367744000,
      "cogs": 1173959000,
      "rd": null,
      "sga": 367744000,
      "fcf": 213986000,
      "ocf": 242836000,
      "capex": -28850000,
      "gross_margin": 0.32782308418594186,
      "op_margin": 0.11726289619886138,
      "fcf_margin": 0.12252254934574977,
      "incr_op_margin_yoy": -0.10647602756305775,
      "rev_growth_yoy": -0.034264875834268745,
      "rev_growth_yoy_accel": 0.027808397876409652,
      "op_leverage_ratio": 2.338471887220409,
      "fcf_margin_change": 0.1095640674942512
    },
    {
      "date": "2023-04-29T00:00:00",
      "quarter_label": "2023-04 (Q2)",
      "revenue": 1383609000,
      "gross_profit": 467115000,
      "operating_income": 126196000,
      "net_income": 93970000,
      "opex": 340919000,
      "cogs": 916494000,
      "rd": null,
      "sga": 340919000,
      "fcf": 11671000,
      "ocf": 52135000,
      "capex": -40464000,
      "gross_margin": 0.3376062167852334,
      "op_margin": 0.09120784846007796,
      "fcf_margin": 0.008435186530298662,
      "incr_op_margin_yoy": 0.9426540340699706,
      "rev_growth_yoy": -0.05731367485845489,
      "rev_growth_yoy_accel": -0.023048799024186148,
      "fcf_margin_change": -0.11408736281545111
    },
    {
      "date": "2023-07-29T00:00:00",
      "quarter_label": "2023-07 (Q3)",
      "revenue": 1583077000,
      "gross_profit": 563446000,
      "operating_income": 210963000,
      "net_income": 157075000,
      "opex": 352483000,
      "cogs": 1019631000,
      "rd": null,
      "sga": 352483000,
      "fcf": 122136000,
      "ocf": 191431000,
      "capex": -69295000,
      "gross_margin": 0.3559182528708332,
      "op_margin": 0.13326136378710574,
      "fcf_margin": 0.07715101665932864,
      "incr_op_margin_yoy": 0.44079238814306904,
      "rev_growth_yoy": -0.06155496868544058,
      "rev_growth_yoy_accel": -0.004241293826985688,
      "op_leverage_ratio": 4.2501374725944405,
      "fcf_margin_change": 0.06871583012902997
    },
    {
      "date": "2023-10-28T00:00:00",
      "quarter_label": "2023-10 (Q4)",
      "revenue": 1397777000,
      "gross_profit": 482641000,
      "operating_income": 136731000,
      "net_income": 99978000,
      "opex": 345910000,
      "cogs": 915136000,
      "rd": null,
      "sga": 345910000,
      "fcf": 15272000,
      "ocf": 57476000,
      "capex": -42204000,
      "gross_margin": 0.34529184555190134,
      "op_margin": 0.09782032470129355,
      "fcf_margin": 0.010925920229049412,
      "incr_op_margin_yoy": 0.4450534592503224,
      "rev_growth_yoy": -0.06435932192044447,
      "rev_growth_yoy_accel": -0.002804353235003887,
      "fcf_margin_change": -0.06622509643027923
    },
    {
      "date": "2024-02-03T00:00:00",
      "quarter_label": "2024-02 (Q1)",
      "revenue": 1794828000,
      "gross_profit": 597009000,
      "operating_income": 203965000,
      "net_income": 168167000,
      "opex": 393044000,
      "cogs": 1197819000,
      "rd": null,
      "sga": 393044000,
      "fcf": 178930000,
      "ocf": 234737000,
      "capex": -55807000,
      "gross_margin": 0.3326274161089531,
      "op_margin": 0.11364041568328553,
      "fcf_margin": 0.09969200391346691,
      "incr_op_margin_yoy": -0.01727884117951371,
      "rev_growth_yoy": 0.027669577435595588,
      "rev_growth_yoy_accel": 0.09202889935604006,
      "op_leverage_ratio": 2.0846695554218755,
      "fcf_margin_change": 0.0887660836844175
    },
    {
      "date": "2024-05-04T00:00:00",
      "quarter_label": "2024-05 (Q2)",
      "revenue": 1364220000,
      "gross_profit": 455793000,
      "operating_income": 102383000,
      "net_income": 76465000,
      "opex": 353410000,
      "cogs": 908427000,
      "rd": null,
      "sga": 353410000,
      "fcf": 167450000,
      "ocf": 199677000,
      "capex": -32227000,
      "gross_margin": 0.3341052029731275,
      "op_margin": 0.07504874580346278,
      "fcf_margin": 0.12274413217809445,
      "incr_op_margin_yoy": 1.2281706122027953,
      "rev_growth_yoy": -0.01401335203803965,
      "rev_growth_yoy_accel": -0.041682929473635236,
      "fcf_margin_change": 0.023052128264627533
    },
    {
      "date": "2024-08-03T00:00:00",
      "quarter_label": "2024-08 (Q3)",
      "revenue": 1548980000,
      "gross_profit": 558725000,
      "operating_income": 190086000,
      "net_income": 142588000,
      "opex": 368639000,
      "cogs": 990255000,
      "rd": null,
      "sga": 368639000,
      "fcf": 50148000,
      "ocf": 91346000,
      "capex": -41198000,
      "gross_margin": 0.3607051091686142,
      "op_margin": 0.12271688465958243,
      "fcf_margin": 0.03237485312915596,
      "incr_op_margin_yoy": 0.612282605507816,
      "rev_growth_yoy": -0.021538434327578508,
      "rev_growth_yoy_accel": -0.007525082289538859,
      "op_leverage_ratio": 3.1429030814017502,
      "fcf_margin_change": -0.09036927904893849
    },
    {
      "date": "2024-11-02T00:00:00",
      "quarter_label": "2024-11 (Q4)",
      "revenue": 1343330000,
      "gross_profit": 456713000,
      "operating_income": 91474000,
      "net_income": 65763000,
      "opex": 365239000,
      "cogs": 886617000,
      "rd": null,
      "sga": 365239000,
      "fcf": 34448000,
      "ocf": 96889000,
      "capex": -62441000,
      "gross_margin": 0.3399857071605637,
      "op_margin": 0.06809495805200509,
      "fcf_margin": 0.025643736088675158,
      "incr_op_margin_yoy": 0.8312120043344904,
      "rev_growth_yoy": -0.038952565394909204,
      "rev_growth_yoy_accel": -0.017414131067330696,
      "fcf_margin_change": -0.006731117040480801
    },
    {
      "date": "2025-02-01T00:00:00",
      "quarter_label": "2025-02 (Q1)",
      "revenue": 1676920000,
      "gross_profit": 540229000,
      "operating_income": 154696000,
      "net_income": 133631000,
      "opex": 385533000,
      "cogs": 1136691000,
      "rd": null,
      "sga": 385534000,
      "fcf": 76447000,
      "ocf": 140170000,
      "capex": -63723000,
      "gross_margin": 0.32215549936788873,
      "op_margin": 0.09225007752307803,
      "fcf_margin": 0.045587744197695776,
      "incr_op_margin_yoy": 0.4178596872137599,
      "rev_growth_yoy": -0.06569320291415111,
      "rev_growth_yoy_accel": -0.026740637519241904,
      "op_leverage_ratio": 4.469302995719132,
      "fcf_margin_change": 0.019944008109020618
    },
    {
      "date": "2025-05-03T00:00:00",
      "quarter_label": "2025-05 (Q2)",
      "revenue": 1351409000,
      "gross_profit": 458869000,
      "operating_income": 69265000,
      "net_income": 46084000,
      "opex": 389604000,
      "cogs": 892540000,
      "rd": null,
      "sga": 389604000,
      "fcf": 106642000,
      "ocf": 157472000,
      "capex": -50830000,
      "gross_margin": 0.33954857485779655,
      "op_margin": 0.051253913508049746,
      "fcf_margin": 0.0789117136262967,
      "incr_op_margin_yoy": 2.585122160643197,
      "rev_growth_yoy": -0.00939071410769524,
      "rev_growth_yoy_accel": 0.05630248880645587,
      "fcf_margin_change": 0.03332396942860093
    },
    {
      "date": "2025-08-02T00:00:00",
      "quarter_label": "2025-08 (Q3)",
      "revenue": 1599838000,
      "gross_profit": 576733000,
      "operating_income": 172381000,
      "net_income": 125434000,
      "opex": 404352000,
      "cogs": 1023105000,
      "rd": null,
      "sga": 404352000,
      "fcf": 21829000,
      "ocf": 78575000,
      "capex": -56746000,
      "gross_margin": 0.36049462508078944,
      "op_margin": 0.10774903458975221,
      "fcf_margin": 0.01364450650628376,
      "incr_op_margin_yoy": -0.34812615517715995,
      "rev_growth_yoy": 0.032833219279784116,
      "rev_growth_yoy_accel": 0.04222393338747936,
      "op_leverage_ratio": 4.856302849502051,
      "fcf_margin_change": -0.06526720712001294
    },
    {
      "date": "2025-11-01T00:00:00",
      "quarter_label": "2025-11 (Q4)",
      "revenue": 1383696000,
      "gross_profit": 493409000,
      "operating_income": 100392000,
      "net_income": 71562000,
      "opex": 393017000,
      "cogs": 890287000,
      "rd": null,
      "sga": 393017000,
      "fcf": -13559000,
      "ocf": 49019000,
      "capex": -62578000,
      "gross_margin": 0.3565877186896544,
      "op_margin": 0.07255350886321851,
      "fcf_margin": -0.009799117725280698,
      "incr_op_margin_yoy": 0.22092850418669177,
      "rev_growth_yoy": 0.030049206077434436,
      "rev_growth_yoy_accel": -0.0027840132023496805,
      "fcf_margin_change": -0.02344362423156446
    }
  ],
  "signals": [
    {
      "quarter": "2025-11 (Q4)",
      "signal": "INCREMENTAL MARGIN (YoY)",
      "detail": "YoY Incr OPM: +22.1% vs year-ago OPM: +6.8%",
      "severity": "MEDIUM"
    },
    {
      "quarter": "2025-08 (Q3)",
      "signal": "OPERATING LEVERAGE",
      "detail": "Rev growth +18.4% vs OpEx growth +3.8% (leverage: 4.9x)",
      "severity": "MEDIUM"
    },
    {
      "quarter": "2025-05 (Q2)",
      "signal": "YoY REVENUE GROWTH ACCELERATION",
      "detail": "YoY growth: -0.9% vs prior quarter YoY: -6.6% (accel: +5.6%)",
      "severity": "MEDIUM"
    },
    {
      "quarter": "2025-05 (Q2)",
      "signal": "INCREMENTAL MARGIN (YoY)",
      "detail": "YoY Incr OPM: +258.5% vs year-ago OPM: +7.5%",
      "severity": "HIGH"
    },
    {
      "quarter": "2025-02 (Q1)",
      "signal": "OPERATING LEVERAGE",
      "detail": "Rev growth +24.8% vs OpEx growth +5.6% (leverage: 4.5x)",
      "severity": "MEDIUM"
    },
    {
      "quarter": "2025-02 (Q1)",
      "signal": "INCREMENTAL MARGIN (YoY)",
      "detail": "YoY Incr OPM: +41.8% vs year-ago OPM: +11.4%",
      "severity": "HIGH"
    },
    {
      "quarter": "2024-11 (Q4)",
      "signal": "INCREMENTAL MARGIN (YoY)",
      "detail": "YoY Incr OPM: +83.1% vs year-ago OPM: +9.8%",
      "severity": "HIGH"
    },
    {
      "quarter": "2024-08 (Q3)",
      "signal": "OPERATING LEVERAGE",
      "detail": "Rev growth +13.5% vs OpEx growth +4.3% (leverage: 3.1x)",
      "severity": "MEDIUM"
    },
    {
      "quarter": "2024-08 (Q3)",
      "signal": "INCREMENTAL MARGIN (YoY)",
      "detail": "YoY Incr OPM: +61.2% vs year-ago OPM: +13.3%",
      "severity": "HIGH"
    },
    {
      "quarter": "2024-05 (Q2)",
      "signal": "INCREMENTAL MARGIN (YoY)",
      "detail": "YoY Incr OPM: +122.8% vs year-ago OPM: +9.1%",
      "severity": "HIGH"
    },
    {
      "quarter": "2024-02 (Q1)",
      "signal": "FCF MARGIN EXPANSION",
      "detail": "FCF margin: +1.1% -> +10.0% (+8.9%)",
      "severity": "MEDIUM"
    },
    {
      "quarter": "2024-02 (Q1)",
      "signal": "OPERATING LEVERAGE",
      "detail": "Rev growth +28.4% vs OpEx growth +13.6% (leverage: 2.1x)",
      "severity": "MEDIUM"
    },
    {
      "quarter": "2024-02 (Q1)",
      "signal": "YoY REVENUE GROWTH ACCELERATION",
      "detail": "YoY growth: +2.8% vs prior quarter YoY: -6.4% (accel: +9.2%)",
      "severity": "MEDIUM"
    },
    {
      "quarter": "2023-10 (Q4)",
      "signal": "INCREMENTAL MARGIN (YoY)",
      "detail": "YoY Incr OPM: +44.5% vs year-ago OPM: +12.0%",
      "severity": "HIGH"
    },
    {
      "quarter": "2023-07 (Q3)",
      "signal": "FCF MARGIN EXPANSION",
      "detail": "FCF margin: +0.8% -> +7.7% (+6.9%)",
      "severity": "MEDIUM"
    },
    {
      "quarter": "2023-07 (Q3)",
      "signal": "OPERATING LEVERAGE",
      "detail": "Rev growth +14.4% vs OpEx growth +3.4% (leverage: 4.3x)",
      "severity": "MEDIUM"
    },
    {
      "quarter": "2023-07 (Q3)",
      "signal": "INCREMENTAL MARGIN (YoY)",
      "detail": "YoY Incr OPM: +44.1% vs year-ago OPM: +15.2%",
      "severity": "HIGH"
    },
    {
      "quarter": "2023-04 (Q2)",
      "signal": "INCREMENTAL MARGIN (YoY)",
      "detail": "YoY Incr OPM: +94.3% vs year-ago OPM: +14.0%",
      "severity": "HIGH"
    },
    {
      "quarter": "2023-01 (Q1)",
      "signal": "FCF MARGIN EXPANSION",
      "detail": "FCF margin: +1.3% -> +12.3% (+11.0%)",
      "severity": "MEDIUM"
    },
    {
      "quarter": "2023-01 (Q1)",
      "signal": "OPERATING LEVERAGE",
      "detail": "Rev growth +16.9% vs OpEx growth +7.2% (leverage: 2.3x)",
      "severity": "MEDIUM"
    },
    {
      "quarter": "2022-10 (Q4)",
      "signal": "INCREMENTAL MARGIN (YoY)",
      "detail": "YoY Incr OPM: +37.0% vs year-ago OPM: +13.6%",
      "severity": "HIGH"
    },
    {
      "quarter": "2022-07 (Q3)",
      "signal": "OPERATING LEVERAGE",
      "detail": "Rev growth +14.9% vs OpEx growth +7.4% (leverage: 2.0x)",
      "severity": "MEDIUM"
    },
    {
      "quarter": "2022-04 (Q2)",
      "signal": "GROSS MARGIN INFLECTION",
      "detail": "GM: +35.2% -> +32.3% -> +35.5% (reversal +3.2%)",
      "severity": "MEDIUM"
    },
    {
      "quarter": "2022-04 (Q2)",
      "signal": "YoY REVENUE GROWTH DECELERATION",
      "detail": "YoY growth: -7.1% vs prior quarter YoY: +13.2% (decel: -20.3%)",
      "severity": "WARNING"
    },
    {
      "quarter": "2022-04 (Q2)",
      "signal": "INCREMENTAL MARGIN (YoY)",
      "detail": "YoY Incr OPM: +29.8% vs year-ago OPM: +15.1%",
      "severity": "MEDIUM"
    },
    {
      "quarter": "2022-01 (Q1)",
      "signal": "INCREMENTAL MARGIN (YoY)",
      "detail": "YoY Incr OPM: +27.1% vs year-ago OPM: +8.8%",
      "severity": "MEDIUM"
    }
  ],
  "data_quality": {
    "n_quarters": 20,
    "coverage": {
      "revenue": [
        20,
        20
      ],
      "gross_profit": [
        20,
        20
      ],
      "op_income": [
        20,
        20
      ],
      "fcf": [
        20,
        20
      ]
    },
    "gaps": [],
    "warnings": []
  },
  "market_cap": null,
  "source": "SEC EDGAR",
  "last_updated": "2026-02-02T21:16:46.310667"
}