{
  "ticker": "ASPN",
  "name": "ASPEN AEROGELS, INC.",
  "quarters": [
    {
      "date": "2020-12-31T00:00:00",
      "quarter_label": "2020-12 (Q4)",
      "revenue": 23018000,
      "gross_profit": 3863000,
      "operating_income": -6131000,
      "net_income": -6189000,
      "opex": 9994000,
      "cogs": null,
      "rd": 2293000,
      "sga": null,
      "fcf": -5958000,
      "ocf": -5142000,
      "capex": -816000,
      "gross_margin": 0.1678251802936832,
      "op_margin": -0.2663567642714397,
      "fcf_margin": -0.25884090711616997
    },
    {
      "date": "2021-03-31T00:00:00",
      "quarter_label": "2021-03 (Q1)",
      "revenue": 28097000,
      "gross_profit": 3956000,
      "operating_income": -6175000,
      "net_income": -6250000,
      "opex": 10131000,
      "cogs": null,
      "rd": 2442000,
      "sga": null,
      "fcf": -3342000,
      "ocf": -1872000,
      "capex": -1470000,
      "gross_margin": 0.14079794995907036,
      "op_margin": -0.21977435313378652,
      "fcf_margin": -0.11894508310495783,
      "op_leverage_ratio": 16.09642406165153,
      "fcf_margin_change": 0.13989582401121214
    },
    {
      "date": "2021-06-30T00:00:00",
      "quarter_label": "2021-06 (Q2)",
      "revenue": 31670000,
      "gross_profit": 4580000,
      "operating_income": -6614000,
      "net_income": -6669000,
      "opex": 11194000,
      "cogs": 27090000,
      "rd": 2609000,
      "sga": null,
      "fcf": -1066000,
      "ocf": 1343000,
      "capex": -2409000,
      "gross_margin": 0.14461635617303442,
      "op_margin": -0.20884117461319862,
      "fcf_margin": -0.03365961477739186,
      "op_leverage_ratio": 1.211970685748615,
      "fcf_margin_change": 0.08528546832756598
    },
    {
      "date": "2021-09-30T00:00:00",
      "quarter_label": "2021-09 (Q3)",
      "revenue": 30380000,
      "gross_profit": 3067000,
      "operating_income": -11498000,
      "net_income": -7822000,
      "opex": 14565000,
      "cogs": 27313000,
      "rd": 3077000,
      "sga": null,
      "fcf": -8304000,
      "ocf": -6050000,
      "capex": -2254000,
      "gross_margin": 0.10095457537853851,
      "op_margin": -0.3784726793943384,
      "fcf_margin": -0.27333772218564845,
      "fcf_margin_change": -0.2396781074082566
    },
    {
      "date": "2021-12-31T00:00:00",
      "quarter_label": "2021-12 (Q4)",
      "revenue": 31475000,
      "gross_profit": -1666000,
      "operating_income": -16312000,
      "net_income": -16353000,
      "opex": 14646000,
      "cogs": 33141000,
      "rd": 3313000,
      "sga": null,
      "fcf": -19694000,
      "ocf": -12049000,
      "capex": -7645000,
      "gross_margin": -0.05293089753772835,
      "op_margin": -0.5182525814138205,
      "fcf_margin": -0.6257029388403494,
      "incr_op_margin_yoy": -1.2038547948445075,
      "rev_growth_yoy": 0.36740811538795726,
      "op_leverage_ratio": 6.481146221929632,
      "fcf_margin_change": -0.352365216654701
    },
    {
      "date": "2022-03-31T00:00:00",
      "quarter_label": "2022-03 (Q1)",
      "revenue": 38407000,
      "gross_profit": -1788000,
      "operating_income": -18624000,
      "net_income": -19484000,
      "opex": 16836000,
      "cogs": 40195000,
      "rd": 3592000,
      "sga": null,
      "fcf": -37333000,
      "ocf": -22829000,
      "capex": -14504000,
      "gross_margin": -0.046554013591272425,
      "op_margin": -0.48491160465540134,
      "fcf_margin": -0.9720363475408129,
      "incr_op_margin_yoy": -1.2074684772065956,
      "rev_growth_yoy": 0.36694309000960956,
      "rev_growth_yoy_accel": -0.0004650253783476943,
      "op_leverage_ratio": 1.4728812386434114,
      "fcf_margin_change": -0.3463334087004635
    },
    {
      "date": "2022-06-30T00:00:00",
      "quarter_label": "2022-06 (Q2)",
      "revenue": 45640000,
      "gross_profit": -1211000,
      "operating_income": -22646000,
      "net_income": -24050000,
      "opex": 21435000,
      "cogs": 46851000,
      "rd": 4447000,
      "sga": null,
      "fcf": -47890000,
      "ocf": -10035000,
      "capex": -37855000,
      "gross_margin": -0.026533742331288343,
      "op_margin": -0.49618755477651183,
      "fcf_margin": -1.0492988606485538,
      "incr_op_margin_yoy": -1.1476020042949178,
      "rev_growth_yoy": 0.4411114619513735,
      "rev_growth_yoy_accel": 0.07416837194176396,
      "op_leverage_ratio": 0.6894195381967482,
      "fcf_margin_change": -0.0772625131077409
    },
    {
      "date": "2022-09-30T00:00:00",
      "quarter_label": "2022-09 (Q3)",
      "revenue": 36706000,
      "gross_profit": -6359000,
      "operating_income": -28309000,
      "net_income": -29595000,
      "opex": 21950000,
      "cogs": 43065000,
      "rd": 4694000,
      "sga": null,
      "fcf": -104444000,
      "ocf": -37455000,
      "capex": -66989000,
      "gross_margin": -0.17324143191848745,
      "op_margin": -0.7712363101400316,
      "fcf_margin": -2.8454203672424128,
      "incr_op_margin_yoy": -2.6574454631678788,
      "rev_growth_yoy": 0.20822909809084925,
      "rev_growth_yoy_accel": -0.23288236386052427,
      "fcf_margin_change": -1.796121506593859
    },
    {
      "date": "2022-12-31T00:00:00",
      "quarter_label": "2022-12 (Q4)",
      "revenue": 59611000,
      "gross_profit": 14334000,
      "operating_income": -9666000,
      "net_income": -9609000,
      "opex": 24000000,
      "cogs": 45277000,
      "rd": 4197000,
      "sga": null,
      "fcf": -82706000,
      "ocf": -24080000,
      "capex": -58626000,
      "gross_margin": 0.24045897569240576,
      "op_margin": -0.16215128080387847,
      "fcf_margin": -1.3874284947409035,
      "incr_op_margin_yoy": 0.236209837930054,
      "rev_growth_yoy": 0.8939158061953931,
      "rev_growth_yoy_accel": 0.6856867081045439,
      "op_leverage_ratio": 6.6814988710558385,
      "fcf_margin_change": 1.4579918725015093
    },
    {
      "date": "2023-03-31T00:00:00",
      "quarter_label": "2023-03 (Q1)",
      "revenue": 45586000,
      "gross_profit": 5086000,
      "operating_income": -18908000,
      "net_income": -16796000,
      "opex": 23994000,
      "cogs": 40500000,
      "rd": 4099000,
      "sga": null,
      "fcf": -74029000,
      "ocf": -24651000,
      "capex": -49378000,
      "gross_margin": 0.11156934146448472,
      "op_margin": -0.41477646645900057,
      "fcf_margin": -1.6239415610055719,
      "incr_op_margin_yoy": -0.03955982727399359,
      "rev_growth_yoy": 0.18691905121462232,
      "rev_growth_yoy_accel": -0.7069967549807707,
      "fcf_margin_change": -0.2365130662646684
    },
    {
      "date": "2023-06-30T00:00:00",
      "quarter_label": "2023-06 (Q2)",
      "revenue": 48158000,
      "gross_profit": 8407000,
      "operating_income": -17044000,
      "net_income": -15423000,
      "opex": 25451000,
      "cogs": 39751000,
      "rd": 3964000,
      "sga": null,
      "fcf": -73692000,
      "ocf": -7680000,
      "capex": -66012000,
      "gross_margin": 0.17457120312305327,
      "op_margin": -0.35391835209103367,
      "fcf_margin": -1.5302130487146477,
      "incr_op_margin_yoy": 2.2247815726767275,
      "rev_growth_yoy": 0.05517090271691499,
      "rev_growth_yoy_accel": -0.13174814849770733,
      "op_leverage_ratio": 0.9291430459706274,
      "fcf_margin_change": 0.09372851229092416
    },
    {
      "date": "2023-09-30T00:00:00",
      "quarter_label": "2023-09 (Q3)",
      "revenue": 60755000,
      "gross_profit": 13810000,
      "operating_income": -14634000,
      "net_income": -13073000,
      "opex": 28444000,
      "cogs": 46945000,
      "rd": 4218000,
      "sga": null,
      "fcf": -39781000,
      "ocf": -7502000,
      "capex": -32279000,
      "gross_margin": 0.2273063945354292,
      "op_margin": -0.2408690642745453,
      "fcf_margin": -0.6547773845774011,
      "incr_op_margin_yoy": 0.5686307122957296,
      "rev_growth_yoy": 0.6551789898109301,
      "rev_growth_yoy_accel": 0.6000080870940152,
      "op_leverage_ratio": 2.2243177170169908,
      "fcf_margin_change": 0.8754356641372466
    },
    {
      "date": "2023-12-31T00:00:00",
      "quarter_label": "2023-12 (Q4)",
      "revenue": 84219000,
      "gross_profit": 29618000,
      "operating_income": 1383000,
      "net_income": -519000,
      "opex": 28235000,
      "cogs": 54601000,
      "rd": 4075000,
      "sga": null,
      "fcf": -30565000,
      "ocf": -2779000,
      "capex": -27786000,
      "gross_margin": 0.35167836236478706,
      "op_margin": 0.0164214725893207,
      "fcf_margin": -0.3629228558876263,
      "incr_op_margin_yoy": 0.44900032509752924,
      "rev_growth_yoy": 0.41280971632752345,
      "rev_growth_yoy_accel": -0.2423692734834067,
      "op_leverage_ratio": Infinity,
      "fcf_margin_change": 0.2918545286897748
    },
    {
      "date": "2024-03-31T00:00:00",
      "quarter_label": "2024-03 (Q1)",
      "revenue": 94501000,
      "gross_profit": 35143000,
      "operating_income": 2436000,
      "net_income": -1835000,
      "opex": 32707000,
      "cogs": 59358000,
      "rd": 4489000,
      "sga": null,
      "fcf": -43612000,
      "ocf": -17749000,
      "capex": -25863000,
      "gross_margin": 0.3718796626490725,
      "op_margin": 0.02577750499994709,
      "fcf_margin": -0.4614977619284452,
      "incr_op_margin_yoy": 0.4363487682714914,
      "rev_growth_yoy": 1.0730268064756723,
      "rev_growth_yoy_accel": 0.6602170901481488,
      "op_leverage_ratio": 0.7708209616885834,
      "fcf_margin_change": -0.09857490604081892
    },
    {
      "date": "2024-06-30T00:00:00",
      "quarter_label": "2024-06 (Q2)",
      "revenue": 117770000,
      "gross_profit": 51578000,
      "operating_income": 19986000,
      "net_income": 16818000,
      "opex": 31592000,
      "cogs": 66192000,
      "rd": 4565000,
      "sga": null,
      "fcf": -17984000,
      "ocf": 6843000,
      "capex": -24827000,
      "gross_margin": 0.43795533667317654,
      "op_margin": 0.16970365967563897,
      "fcf_margin": -0.1527044238770485,
      "incr_op_margin_yoy": 0.5319485146239155,
      "rev_growth_yoy": 1.4454919224220275,
      "rev_growth_yoy_accel": 0.37246511594635523,
      "op_leverage_ratio": Infinity,
      "fcf_margin_change": 0.30879333805139675
    },
    {
      "date": "2024-09-30T00:00:00",
      "quarter_label": "2024-09 (Q3)",
      "revenue": 117340000,
      "gross_profit": 49043000,
      "operating_income": 17400000,
      "net_income": -12970000,
      "opex": 31643000,
      "cogs": 68297000,
      "rd": 4591000,
      "sga": null,
      "fcf": -50000,
      "ocf": 20771000,
      "capex": -20821000,
      "gross_margin": 0.41795636611556164,
      "op_margin": 0.14828702914607125,
      "fcf_margin": -0.00042611215271859556,
      "incr_op_margin_yoy": 0.5661217637182999,
      "rev_growth_yoy": 0.931363673771706,
      "rev_growth_yoy_accel": -0.5141282486503215,
      "fcf_margin_change": 0.1522783117243299
    },
    {
      "date": "2024-12-31T00:00:00",
      "quarter_label": "2024-12 (Q4)",
      "revenue": 123088000,
      "gross_profit": 47133000,
      "operating_income": 14713000,
      "net_income": 11362000,
      "opex": 32420000,
      "cogs": 75955000,
      "rd": 4405000,
      "sga": null,
      "fcf": 20933000,
      "ocf": 35684000,
      "capex": -14751000,
      "gross_margin": 0.38292116209541144,
      "op_margin": 0.11953236708696217,
      "fcf_margin": 0.1700653191212791,
      "incr_op_margin_yoy": 0.34294682137436006,
      "rev_growth_yoy": 0.4615229342547406,
      "rev_growth_yoy_accel": -0.4698407395169654,
      "op_leverage_ratio": 1.9949283769634885,
      "fcf_margin_change": 0.17049143127399768
    },
    {
      "date": "2025-03-31T00:00:00",
      "quarter_label": "2025-03 (Q1)",
      "revenue": 78723000,
      "gross_profit": 22812000,
      "operating_income": -299341000,
      "net_income": -301249000,
      "opex": 322153000,
      "cogs": 55911000,
      "rd": 4333000,
      "sga": null,
      "fcf": -7366000,
      "ocf": 5632000,
      "capex": -12998000,
      "gross_margin": 0.28977554209062156,
      "op_margin": -3.8024592558718546,
      "fcf_margin": -0.09356858859545494,
      "incr_op_margin_yoy": 19.126441881100266,
      "rev_growth_yoy": -0.1669611961778182,
      "rev_growth_yoy_accel": -0.6284841304325588,
      "fcf_margin_change": -0.263633907716734
    },
    {
      "date": "2025-06-30T00:00:00",
      "quarter_label": "2025-06 (Q2)",
      "revenue": 78024000,
      "gross_profit": 25316000,
      "operating_income": -5155000,
      "net_income": -9056000,
      "opex": 30471000,
      "cogs": 52708000,
      "rd": 3794000,
      "sga": null,
      "fcf": -16815000,
      "ocf": -3930000,
      "capex": -12885000,
      "gross_margin": 0.32446426740490103,
      "op_margin": -0.06606941453911618,
      "fcf_margin": -0.21551061211934788,
      "incr_op_margin_yoy": 0.6325416394102551,
      "rev_growth_yoy": -0.3374883247006878,
      "rev_growth_yoy_accel": -0.17052712852286958,
      "fcf_margin_change": -0.12194202352389294
    },
    {
      "date": "2025-09-30T00:00:00",
      "quarter_label": "2025-09 (Q3)",
      "revenue": 73017000,
      "gross_profit": 20799000,
      "operating_income": -3348000,
      "net_income": -6334000,
      "opex": 24147000,
      "cogs": 52218000,
      "rd": 2494000,
      "sga": null,
      "fcf": 5933000,
      "ocf": 15035000,
      "capex": -9102000,
      "gross_margin": 0.28485147294465674,
      "op_margin": -0.04585233575742635,
      "fcf_margin": 0.08125505019379049,
      "incr_op_margin_yoy": 0.46810910813798706,
      "rev_growth_yoy": -0.3777313788989262,
      "rev_growth_yoy_accel": -0.040243054198238426,
      "fcf_margin_change": 0.2967656623131384
    }
  ],
  "signals": [
    {
      "quarter": "2025-09 (Q3)",
      "signal": "FCF TURNED POSITIVE",
      "detail": "FCF margin: -21.6% -> +8.1%",
      "severity": "HIGH"
    },
    {
      "quarter": "2025-06 (Q2)",
      "signal": "GROSS MARGIN INFLECTION",
      "detail": "GM: +38.3% -> +29.0% -> +32.4% (reversal +3.5%)",
      "severity": "MEDIUM"
    },
    {
      "quarter": "2025-06 (Q2)",
      "signal": "YoY REVENUE GROWTH DECELERATION",
      "detail": "YoY growth: -33.7% vs prior quarter YoY: -16.7% (decel: -17.1%)",
      "severity": "WARNING"
    },
    {
      "quarter": "2025-03 (Q1)",
      "signal": "YoY REVENUE GROWTH DECELERATION",
      "detail": "YoY growth: -16.7% vs prior quarter YoY: +46.2% (decel: -62.8%)",
      "severity": "WARNING"
    },
    {
      "quarter": "2024-12 (Q4)",
      "signal": "FCF TURNED POSITIVE",
      "detail": "FCF margin: -0.0% -> +17.0%",
      "severity": "HIGH"
    },
    {
      "quarter": "2024-12 (Q4)",
      "signal": "OPERATING LEVERAGE",
      "detail": "Rev growth +4.9% vs OpEx growth +2.5% (leverage: 2.0x)",
      "severity": "MEDIUM"
    },
    {
      "quarter": "2024-12 (Q4)",
      "signal": "YoY REVENUE GROWTH DECELERATION",
      "detail": "YoY growth: +46.2% vs prior quarter YoY: +93.1% (decel: -47.0%)",
      "severity": "WARNING"
    },
    {
      "quarter": "2024-12 (Q4)",
      "signal": "INCREMENTAL MARGIN (YoY)",
      "detail": "YoY Incr OPM: +34.3% vs year-ago OPM: +1.6%",
      "severity": "HIGH"
    },
    {
      "quarter": "2024-09 (Q3)",
      "signal": "FCF MARGIN EXPANSION",
      "detail": "FCF margin: -15.3% -> -0.0% (+15.2%)",
      "severity": "MEDIUM"
    },
    {
      "quarter": "2024-09 (Q3)",
      "signal": "YoY REVENUE GROWTH DECELERATION",
      "detail": "YoY growth: +93.1% vs prior quarter YoY: +144.5% (decel: -51.4%)",
      "severity": "WARNING"
    },
    {
      "quarter": "2024-09 (Q3)",
      "signal": "OP MARGIN TURNED POSITIVE (YoY)",
      "detail": "Op margin: -24.1% (year-ago) -> +14.8%",
      "severity": "HIGH"
    },
    {
      "quarter": "2024-06 (Q2)",
      "signal": "FCF MARGIN EXPANSION",
      "detail": "FCF margin: -46.1% -> -15.3% (+30.9%)",
      "severity": "MEDIUM"
    },
    {
      "quarter": "2024-06 (Q2)",
      "signal": "YoY REVENUE GROWTH ACCELERATION",
      "detail": "YoY growth: +144.5% vs prior quarter YoY: +107.3% (accel: +37.2%)",
      "severity": "HIGH"
    },
    {
      "quarter": "2024-06 (Q2)",
      "signal": "OP MARGIN TURNED POSITIVE (YoY)",
      "detail": "Op margin: -35.4% (year-ago) -> +17.0%",
      "severity": "HIGH"
    },
    {
      "quarter": "2024-03 (Q1)",
      "signal": "YoY REVENUE GROWTH ACCELERATION",
      "detail": "YoY growth: +107.3% vs prior quarter YoY: +41.3% (accel: +66.0%)",
      "severity": "HIGH"
    },
    {
      "quarter": "2024-03 (Q1)",
      "signal": "OP MARGIN TURNED POSITIVE (YoY)",
      "detail": "Op margin: -41.5% (year-ago) -> +2.6%",
      "severity": "HIGH"
    },
    {
      "quarter": "2023-12 (Q4)",
      "signal": "FCF MARGIN EXPANSION",
      "detail": "FCF margin: -65.5% -> -36.3% (+29.2%)",
      "severity": "MEDIUM"
    },
    {
      "quarter": "2023-12 (Q4)",
      "signal": "YoY REVENUE GROWTH DECELERATION",
      "detail": "YoY growth: +41.3% vs prior quarter YoY: +65.5% (decel: -24.2%)",
      "severity": "WARNING"
    },
    {
      "quarter": "2023-12 (Q4)",
      "signal": "OP MARGIN TURNED POSITIVE (YoY)",
      "detail": "Op margin: -16.2% (year-ago) -> +1.6%",
      "severity": "HIGH"
    },
    {
      "quarter": "2023-12 (Q4)",
      "signal": "OP MARGIN TURNED POSITIVE (QoQ)",
      "detail": "Op margin: -24.1% -> +1.6%",
      "severity": "HIGH"
    },
    {
      "quarter": "2023-09 (Q3)",
      "signal": "FCF MARGIN EXPANSION",
      "detail": "FCF margin: -153.0% -> -65.5% (+87.5%)",
      "severity": "MEDIUM"
    },
    {
      "quarter": "2023-09 (Q3)",
      "signal": "OPERATING LEVERAGE",
      "detail": "Rev growth +26.2% vs OpEx growth +11.8% (leverage: 2.2x)",
      "severity": "MEDIUM"
    },
    {
      "quarter": "2023-09 (Q3)",
      "signal": "YoY REVENUE GROWTH ACCELERATION",
      "detail": "YoY growth: +65.5% vs prior quarter YoY: +5.5% (accel: +60.0%)",
      "severity": "HIGH"
    },
    {
      "quarter": "2023-06 (Q2)",
      "signal": "FCF MARGIN EXPANSION",
      "detail": "FCF margin: -162.4% -> -153.0% (+9.4%)",
      "severity": "MEDIUM"
    },
    {
      "quarter": "2023-06 (Q2)",
      "signal": "GROSS MARGIN INFLECTION",
      "detail": "GM: +24.0% -> +11.2% -> +17.5% (reversal +6.3%)",
      "severity": "HIGH"
    },
    {
      "quarter": "2023-06 (Q2)",
      "signal": "YoY REVENUE GROWTH DECELERATION",
      "detail": "YoY growth: +5.5% vs prior quarter YoY: +18.7% (decel: -13.2%)",
      "severity": "WARNING"
    },
    {
      "quarter": "2023-03 (Q1)",
      "signal": "YoY REVENUE GROWTH DECELERATION",
      "detail": "YoY growth: +18.7% vs prior quarter YoY: +89.4% (decel: -70.7%)",
      "severity": "WARNING"
    },
    {
      "quarter": "2022-12 (Q4)",
      "signal": "FCF MARGIN EXPANSION",
      "detail": "FCF margin: -284.5% -> -138.7% (+145.8%)",
      "severity": "MEDIUM"
    },
    {
      "quarter": "2022-12 (Q4)",
      "signal": "OPERATING LEVERAGE",
      "detail": "Rev growth +62.4% vs OpEx growth +9.3% (leverage: 6.7x)",
      "severity": "MEDIUM"
    },
    {
      "quarter": "2022-12 (Q4)",
      "signal": "GROSS MARGIN INFLECTION",
      "detail": "GM: -2.7% -> -17.3% -> +24.0% (reversal +41.4%)",
      "severity": "HIGH"
    },
    {
      "quarter": "2022-12 (Q4)",
      "signal": "YoY REVENUE GROWTH ACCELERATION",
      "detail": "YoY growth: +89.4% vs prior quarter YoY: +20.8% (accel: +68.6%)",
      "severity": "HIGH"
    },
    {
      "quarter": "2022-09 (Q3)",
      "signal": "YoY REVENUE GROWTH DECELERATION",
      "detail": "YoY growth: +20.8% vs prior quarter YoY: +44.1% (decel: -23.3%)",
      "severity": "WARNING"
    },
    {
      "quarter": "2022-06 (Q2)",
      "signal": "YoY REVENUE GROWTH ACCELERATION",
      "detail": "YoY growth: +44.1% vs prior quarter YoY: +36.7% (accel: +7.4%)",
      "severity": "MEDIUM"
    },
    {
      "quarter": "2021-12 (Q4)",
      "signal": "OPERATING LEVERAGE",
      "detail": "Rev growth +3.6% vs OpEx growth +0.6% (leverage: 6.5x)",
      "severity": "MEDIUM"
    },
    {
      "quarter": "2021-06 (Q2)",
      "signal": "FCF MARGIN EXPANSION",
      "detail": "FCF margin: -11.9% -> -3.4% (+8.5%)",
      "severity": "MEDIUM"
    },
    {
      "quarter": "2021-03 (Q1)",
      "signal": "FCF MARGIN EXPANSION",
      "detail": "FCF margin: -25.9% -> -11.9% (+14.0%)",
      "severity": "MEDIUM"
    },
    {
      "quarter": "2021-03 (Q1)",
      "signal": "OPERATING LEVERAGE",
      "detail": "Rev growth +22.1% vs OpEx growth +1.4% (leverage: 16.1x)",
      "severity": "MEDIUM"
    }
  ],
  "data_quality": {
    "n_quarters": 20,
    "coverage": {
      "revenue": [
        20,
        20
      ],
      "gross_profit": [
        20,
        20
      ],
      "op_income": [
        20,
        20
      ],
      "fcf": [
        20,
        20
      ]
    },
    "gaps": [],
    "warnings": []
  },
  "market_cap": null,
  "source": "SEC EDGAR",
  "last_updated": "2026-02-02T22:47:27.930681"
}