{
  "ticker": "ASPS",
  "name": "ALTISOURCE PORTFOLIO SOLUTIONS S.A.",
  "quarters": [
    {
      "date": "2020-12-31T00:00:00",
      "quarter_label": "2020-12 (Q4)",
      "revenue": 59966000,
      "gross_profit": 4551000,
      "operating_income": -15630000,
      "net_income": null,
      "opex": 20181000,
      "cogs": 55415000,
      "rd": null,
      "sga": 19130000,
      "fcf": -8527000,
      "ocf": -8324000,
      "capex": -203000,
      "gross_margin": 0.07589300603675415,
      "op_margin": -0.26064770036353935,
      "fcf_margin": -0.1421972451055598
    },
    {
      "date": "2021-03-31T00:00:00",
      "quarter_label": "2021-03 (Q1)",
      "revenue": 50465000,
      "gross_profit": 307000,
      "operating_income": -18579000,
      "net_income": null,
      "opex": 18886000,
      "cogs": 50158000,
      "rd": null,
      "sga": 18886000,
      "fcf": -17277000,
      "ocf": -16810000,
      "capex": -467000,
      "gross_margin": 0.006083424155355197,
      "op_margin": -0.3681561478252254,
      "fcf_margin": -0.34235608837808384,
      "fcf_margin_change": -0.20015884327252403
    },
    {
      "date": "2021-06-30T00:00:00",
      "quarter_label": "2021-06 (Q2)",
      "revenue": 46041000,
      "gross_profit": 2004000,
      "operating_income": -14552000,
      "net_income": null,
      "opex": 16556000,
      "cogs": 44037000,
      "rd": null,
      "sga": 16556000,
      "fcf": -6191000,
      "ocf": -5965000,
      "capex": -226000,
      "gross_margin": 0.04352642210203948,
      "op_margin": -0.31606611498447035,
      "fcf_margin": -0.13446710540605114,
      "fcf_margin_change": 0.2078889829720327
    },
    {
      "date": "2021-09-30T00:00:00",
      "quarter_label": "2021-09 (Q3)",
      "revenue": 43243000,
      "gross_profit": 2576000,
      "operating_income": -14028000,
      "net_income": null,
      "opex": 16604000,
      "cogs": 40667000,
      "rd": null,
      "sga": 16604000,
      "fcf": -18790000,
      "ocf": -18358000,
      "capex": -432000,
      "gross_margin": 0.05957033508313484,
      "op_margin": -0.3243993247462017,
      "fcf_margin": -0.43452119418171725,
      "fcf_margin_change": -0.3000540887756661
    },
    {
      "date": "2021-12-31T00:00:00",
      "quarter_label": "2021-12 (Q4)",
      "revenue": 38704000,
      "gross_profit": 2200000,
      "operating_income": 76127000,
      "net_income": null,
      "opex": -73927000,
      "cogs": 36504000,
      "rd": null,
      "sga": 15003000,
      "fcf": -19526000,
      "ocf": -19272000,
      "capex": -254000,
      "gross_margin": 0.05684167011161637,
      "op_margin": 1.9669026457213725,
      "fcf_margin": -0.5044956593633733,
      "incr_op_margin_yoy": -4.3155394600696075,
      "rev_growth_yoy": -0.3545675883000367,
      "fcf_margin_change": -0.06997446518165601
    },
    {
      "date": "2022-03-31T00:00:00",
      "quarter_label": "2022-03 (Q1)",
      "revenue": 39516000,
      "gross_profit": 5647000,
      "operating_income": -8327000,
      "net_income": null,
      "opex": 13974000,
      "cogs": 33869000,
      "rd": null,
      "sga": 13974000,
      "fcf": -16984000,
      "ocf": -16910000,
      "capex": -74000,
      "gross_margin": 0.14290414009515134,
      "op_margin": -0.21072476971353377,
      "fcf_margin": -0.4298005871039579,
      "incr_op_margin_yoy": -0.9363412183761074,
      "rev_growth_yoy": -0.21696225106509462,
      "rev_growth_yoy_accel": 0.1376053372349421,
      "op_leverage_ratio": Infinity,
      "fcf_margin_change": 0.07469507225941535
    },
    {
      "date": "2022-06-30T00:00:00",
      "quarter_label": "2022-06 (Q2)",
      "revenue": 40421000,
      "gross_profit": 4066000,
      "operating_income": -10459000,
      "net_income": null,
      "opex": 14525000,
      "cogs": 36355000,
      "rd": null,
      "sga": 14525000,
      "fcf": -9434000,
      "ocf": -8874000,
      "capex": -560000,
      "gross_margin": 0.10059127681155834,
      "op_margin": -0.25875163899952996,
      "fcf_margin": -0.23339353306449617,
      "incr_op_margin_yoy": -0.7282918149466192,
      "rev_growth_yoy": -0.12206511587498099,
      "rev_growth_yoy_accel": 0.09489713519011363,
      "op_leverage_ratio": 0.580824252952559,
      "fcf_margin_change": 0.19640705403946174
    },
    {
      "date": "2022-09-30T00:00:00",
      "quarter_label": "2022-09 (Q3)",
      "revenue": 38380000,
      "gross_profit": 3993000,
      "operating_income": -10563000,
      "net_income": null,
      "opex": 14556000,
      "cogs": 34387000,
      "rd": null,
      "sga": 14556000,
      "fcf": -6738000,
      "ocf": -6509000,
      "capex": -229000,
      "gross_margin": 0.10403856175091193,
      "op_margin": -0.2752214695153726,
      "fcf_margin": -0.17556018759770714,
      "incr_op_margin_yoy": -0.7125231338679827,
      "rev_growth_yoy": -0.1124575075734801,
      "rev_growth_yoy_accel": 0.009607608301500897,
      "fcf_margin_change": 0.05783334546678903
    },
    {
      "date": "2022-12-31T00:00:00",
      "quarter_label": "2022-12 (Q4)",
      "revenue": 34803000,
      "gross_profit": 8109000,
      "operating_income": -3833000,
      "net_income": null,
      "opex": 11942000,
      "cogs": 26694000,
      "rd": null,
      "sga": 11700000,
      "fcf": -12595000,
      "ocf": -12595000,
      "capex": null,
      "gross_margin": 0.2329971554176364,
      "op_margin": -0.1101341838347269,
      "fcf_margin": -0.3618940895899779,
      "incr_op_margin_yoy": 20.497308382466034,
      "rev_growth_yoy": -0.10079061595700703,
      "rev_growth_yoy_accel": 0.011666891616473066,
      "fcf_margin_change": -0.18633390199227073
    },
    {
      "date": "2023-03-31T00:00:00",
      "quarter_label": "2023-03 (Q1)",
      "revenue": 39461000,
      "gross_profit": 8504000,
      "operating_income": -3590000,
      "net_income": null,
      "opex": 12094000,
      "cogs": 30957000,
      "rd": null,
      "sga": 12094000,
      "fcf": -3058000,
      "ocf": -3058000,
      "capex": null,
      "gross_margin": 0.21550391525810295,
      "op_margin": -0.09097590025594891,
      "fcf_margin": -0.07749423481412027,
      "rev_growth_yoy": -0.001391841279481729,
      "rev_growth_yoy_accel": 0.0993987746775253,
      "op_leverage_ratio": 10.515169593667817,
      "fcf_margin_change": 0.2843998547758576
    },
    {
      "date": "2023-06-30T00:00:00",
      "quarter_label": "2023-06 (Q2)",
      "revenue": 35235000,
      "gross_profit": 5532000,
      "operating_income": -6809000,
      "net_income": null,
      "opex": 12341000,
      "cogs": 29703000,
      "rd": null,
      "sga": 12341000,
      "fcf": -7882000,
      "ocf": -7882000,
      "capex": null,
      "gross_margin": 0.15700297999148574,
      "op_margin": -0.1932453526323258,
      "fcf_margin": -0.22369802752944515,
      "incr_op_margin_yoy": -0.7038179714616275,
      "rev_growth_yoy": -0.12829964622349768,
      "rev_growth_yoy_accel": -0.12690780494401596,
      "fcf_margin_change": -0.14620379271532488
    },
    {
      "date": "2023-09-30T00:00:00",
      "quarter_label": "2023-09 (Q3)",
      "revenue": 36213000,
      "gross_profit": 7189000,
      "operating_income": -3545000,
      "net_income": null,
      "opex": 10734000,
      "cogs": 29024000,
      "rd": null,
      "sga": 10734000,
      "fcf": -6655000,
      "ocf": -6655000,
      "capex": null,
      "gross_margin": 0.1985198685554911,
      "op_margin": -0.09789302184298457,
      "fcf_margin": -0.18377378289564522,
      "incr_op_margin_yoy": -3.238578680203046,
      "rev_growth_yoy": -0.05646169880145909,
      "rev_growth_yoy_accel": 0.07183794742203858,
      "op_leverage_ratio": Infinity,
      "fcf_margin_change": 0.03992424463379993
    },
    {
      "date": "2023-12-31T00:00:00",
      "quarter_label": "2023-12 (Q4)",
      "revenue": 34157000,
      "gross_profit": 8427000,
      "operating_income": -2824000,
      "net_income": null,
      "opex": 11251000,
      "cogs": 25730000,
      "rd": null,
      "sga": 11251000,
      "fcf": -4238000,
      "ocf": -4238000,
      "capex": null,
      "gross_margin": 0.24671370436513745,
      "op_margin": -0.08267705009222122,
      "fcf_margin": -0.1240741282899552,
      "rev_growth_yoy": -0.018561618251300174,
      "rev_growth_yoy_accel": 0.03790008055015892,
      "fcf_margin_change": 0.05969965460569002
    },
    {
      "date": "2024-03-31T00:00:00",
      "quarter_label": "2024-03 (Q1)",
      "revenue": 39469000,
      "gross_profit": 12304000,
      "operating_income": -548000,
      "net_income": null,
      "opex": 12852000,
      "cogs": 27165000,
      "rd": null,
      "sga": 12852000,
      "fcf": -2237000,
      "ocf": -2237000,
      "capex": null,
      "gross_margin": 0.31173832628138537,
      "op_margin": -0.013884314271960272,
      "fcf_margin": -0.05667739238389622,
      "rev_growth_yoy": 0.0002027318111553179,
      "rev_growth_yoy_accel": 0.01876435006245549,
      "op_leverage_ratio": 1.0928942458947466,
      "fcf_margin_change": 0.06739673590605899
    },
    {
      "date": "2024-06-30T00:00:00",
      "quarter_label": "2024-06 (Q2)",
      "revenue": 39121000,
      "gross_profit": 12717000,
      "operating_income": 2083000,
      "net_income": null,
      "opex": 10634000,
      "cogs": 26404000,
      "rd": null,
      "sga": 10634000,
      "fcf": 180000,
      "ocf": 180000,
      "capex": null,
      "gross_margin": 0.3250683775977097,
      "op_margin": 0.0532450601978477,
      "fcf_margin": 0.0046011093785946165,
      "incr_op_margin_yoy": 2.2882141019042717,
      "rev_growth_yoy": 0.1102880658436214,
      "rev_growth_yoy_accel": 0.11008533403246608,
      "fcf_margin_change": 0.061278501762490833
    },
    {
      "date": "2024-09-30T00:00:00",
      "quarter_label": "2024-09 (Q3)",
      "revenue": 40531000,
      "gross_profit": 12070000,
      "operating_income": 1105000,
      "net_income": null,
      "opex": 10965000,
      "cogs": 28461000,
      "rd": null,
      "sga": 10965000,
      "fcf": -1567000,
      "ocf": -1567000,
      "capex": null,
      "gross_margin": 0.2977967481680689,
      "op_margin": 0.02726308257876687,
      "fcf_margin": -0.038661765068712835,
      "incr_op_margin_yoy": 1.0768874478925428,
      "rev_growth_yoy": 0.11923894733935327,
      "rev_growth_yoy_accel": 0.008950881495731866,
      "op_leverage_ratio": 1.1579180590145177,
      "fcf_margin_change": -0.04326287444730745
    },
    {
      "date": "2024-12-31T00:00:00",
      "quarter_label": "2024-12 (Q4)",
      "revenue": 41013000,
      "gross_profit": 12438000,
      "operating_income": 584000,
      "net_income": null,
      "opex": 11854000,
      "cogs": 28575000,
      "rd": null,
      "sga": 11169000,
      "fcf": -1404000,
      "ocf": -1401000,
      "capex": -3000,
      "gross_margin": 0.3032696949747641,
      "op_margin": 0.014239387511276912,
      "fcf_margin": -0.03423304805793285,
      "incr_op_margin_yoy": 0.4970828471411902,
      "rev_growth_yoy": 0.20072020376496766,
      "rev_growth_yoy_accel": 0.08148125642561439,
      "op_leverage_ratio": 0.14667854534763056,
      "fcf_margin_change": 0.004428717010779987
    },
    {
      "date": "2025-03-31T00:00:00",
      "quarter_label": "2025-03 (Q1)",
      "revenue": 43439000,
      "gross_profit": 13325000,
      "operating_income": 3245000,
      "net_income": null,
      "opex": 10080000,
      "cogs": 30114000,
      "rd": null,
      "sga": 10080000,
      "fcf": -4997000,
      "ocf": -4972000,
      "capex": -25000,
      "gross_margin": 0.30675199705333916,
      "op_margin": 0.07470245631805521,
      "fcf_margin": -0.1150348764934736,
      "incr_op_margin_yoy": 0.9554156171284635,
      "rev_growth_yoy": 0.10058526945197496,
      "rev_growth_yoy_accel": -0.1001349343129927,
      "op_leverage_ratio": Infinity,
      "fcf_margin_change": -0.08080182843554076
    },
    {
      "date": "2025-06-30T00:00:00",
      "quarter_label": "2025-06 (Q2)",
      "revenue": 43288000,
      "gross_profit": 13027000,
      "operating_income": 3231000,
      "net_income": null,
      "opex": 9796000,
      "cogs": 30261000,
      "rd": null,
      "sga": 9796000,
      "fcf": -309000,
      "ocf": -306000,
      "capex": -3000,
      "gross_margin": 0.3009379042690815,
      "op_margin": 0.07463962299020514,
      "fcf_margin": -0.007138236924782849,
      "incr_op_margin_yoy": 0.27549796016318695,
      "rev_growth_yoy": 0.10651568211446538,
      "rev_growth_yoy_accel": 0.00593041266249042,
      "fcf_margin_change": 0.10789663956869075
    },
    {
      "date": "2025-09-30T00:00:00",
      "quarter_label": "2025-09 (Q3)",
      "revenue": 41908000,
      "gross_profit": 11347000,
      "operating_income": 521000,
      "net_income": null,
      "opex": 10826000,
      "cogs": 30561000,
      "rd": null,
      "sga": 10826000,
      "fcf": 697000,
      "ocf": 718000,
      "capex": -21000,
      "gross_margin": 0.27075975947313163,
      "op_margin": 0.01243199389138112,
      "fcf_margin": 0.01663166937100315,
      "incr_op_margin_yoy": -0.4241103848946986,
      "rev_growth_yoy": 0.033973995213540255,
      "rev_growth_yoy_accel": -0.07254168690092513,
      "fcf_margin_change": 0.023769906295786
    }
  ],
  "signals": [
    {
      "quarter": "2025-09 (Q3)",
      "signal": "FCF TURNED POSITIVE",
      "detail": "FCF margin: -0.7% -> +1.7%",
      "severity": "HIGH"
    },
    {
      "quarter": "2025-09 (Q3)",
      "signal": "YoY REVENUE GROWTH DECELERATION",
      "detail": "YoY growth: +3.4% vs prior quarter YoY: +10.7% (decel: -7.3%)",
      "severity": "WARNING"
    },
    {
      "quarter": "2025-06 (Q2)",
      "signal": "FCF MARGIN EXPANSION",
      "detail": "FCF margin: -11.5% -> -0.7% (+10.8%)",
      "severity": "MEDIUM"
    },
    {
      "quarter": "2025-06 (Q2)",
      "signal": "INCREMENTAL MARGIN (YoY)",
      "detail": "YoY Incr OPM: +27.5% vs year-ago OPM: +5.3%",
      "severity": "HIGH"
    },
    {
      "quarter": "2025-03 (Q1)",
      "signal": "YoY REVENUE GROWTH DECELERATION",
      "detail": "YoY growth: +10.1% vs prior quarter YoY: +20.1% (decel: -10.0%)",
      "severity": "WARNING"
    },
    {
      "quarter": "2025-03 (Q1)",
      "signal": "OP MARGIN TURNED POSITIVE (YoY)",
      "detail": "Op margin: -1.4% (year-ago) -> +7.5%",
      "severity": "HIGH"
    },
    {
      "quarter": "2024-12 (Q4)",
      "signal": "YoY REVENUE GROWTH ACCELERATION",
      "detail": "YoY growth: +20.1% vs prior quarter YoY: +11.9% (accel: +8.1%)",
      "severity": "MEDIUM"
    },
    {
      "quarter": "2024-12 (Q4)",
      "signal": "OP MARGIN TURNED POSITIVE (YoY)",
      "detail": "Op margin: -8.3% (year-ago) -> +1.4%",
      "severity": "HIGH"
    },
    {
      "quarter": "2024-09 (Q3)",
      "signal": "OP MARGIN TURNED POSITIVE (YoY)",
      "detail": "Op margin: -9.8% (year-ago) -> +2.7%",
      "severity": "HIGH"
    },
    {
      "quarter": "2024-06 (Q2)",
      "signal": "FCF TURNED POSITIVE",
      "detail": "FCF margin: -5.7% -> +0.5%",
      "severity": "HIGH"
    },
    {
      "quarter": "2024-06 (Q2)",
      "signal": "YoY REVENUE GROWTH ACCELERATION",
      "detail": "YoY growth: +11.0% vs prior quarter YoY: +0.0% (accel: +11.0%)",
      "severity": "MEDIUM"
    },
    {
      "quarter": "2024-06 (Q2)",
      "signal": "OP MARGIN TURNED POSITIVE (YoY)",
      "detail": "Op margin: -19.3% (year-ago) -> +5.3%",
      "severity": "HIGH"
    },
    {
      "quarter": "2024-06 (Q2)",
      "signal": "OP MARGIN TURNED POSITIVE (QoQ)",
      "detail": "Op margin: -1.4% -> +5.3%",
      "severity": "HIGH"
    },
    {
      "quarter": "2024-03 (Q1)",
      "signal": "FCF MARGIN EXPANSION",
      "detail": "FCF margin: -12.4% -> -5.7% (+6.7%)",
      "severity": "MEDIUM"
    },
    {
      "quarter": "2023-12 (Q4)",
      "signal": "FCF MARGIN EXPANSION",
      "detail": "FCF margin: -18.4% -> -12.4% (+6.0%)",
      "severity": "MEDIUM"
    },
    {
      "quarter": "2023-09 (Q3)",
      "signal": "GROSS MARGIN INFLECTION",
      "detail": "GM: +21.6% -> +15.7% -> +19.9% (reversal +4.2%)",
      "severity": "MEDIUM"
    },
    {
      "quarter": "2023-09 (Q3)",
      "signal": "YoY REVENUE GROWTH ACCELERATION",
      "detail": "YoY growth: -5.6% vs prior quarter YoY: -12.8% (accel: +7.2%)",
      "severity": "MEDIUM"
    },
    {
      "quarter": "2023-06 (Q2)",
      "signal": "YoY REVENUE GROWTH DECELERATION",
      "detail": "YoY growth: -12.8% vs prior quarter YoY: -0.1% (decel: -12.7%)",
      "severity": "WARNING"
    },
    {
      "quarter": "2023-03 (Q1)",
      "signal": "FCF MARGIN EXPANSION",
      "detail": "FCF margin: -36.2% -> -7.7% (+28.4%)",
      "severity": "MEDIUM"
    },
    {
      "quarter": "2023-03 (Q1)",
      "signal": "OPERATING LEVERAGE",
      "detail": "Rev growth +13.4% vs OpEx growth +1.3% (leverage: 10.5x)",
      "severity": "MEDIUM"
    },
    {
      "quarter": "2023-03 (Q1)",
      "signal": "YoY REVENUE GROWTH ACCELERATION",
      "detail": "YoY growth: -0.1% vs prior quarter YoY: -10.1% (accel: +9.9%)",
      "severity": "MEDIUM"
    },
    {
      "quarter": "2022-09 (Q3)",
      "signal": "FCF MARGIN EXPANSION",
      "detail": "FCF margin: -23.3% -> -17.6% (+5.8%)",
      "severity": "MEDIUM"
    },
    {
      "quarter": "2022-06 (Q2)",
      "signal": "FCF MARGIN EXPANSION",
      "detail": "FCF margin: -43.0% -> -23.3% (+19.6%)",
      "severity": "MEDIUM"
    },
    {
      "quarter": "2022-06 (Q2)",
      "signal": "YoY REVENUE GROWTH ACCELERATION",
      "detail": "YoY growth: -12.2% vs prior quarter YoY: -21.7% (accel: +9.5%)",
      "severity": "MEDIUM"
    },
    {
      "quarter": "2022-03 (Q1)",
      "signal": "FCF MARGIN EXPANSION",
      "detail": "FCF margin: -50.4% -> -43.0% (+7.5%)",
      "severity": "MEDIUM"
    },
    {
      "quarter": "2022-03 (Q1)",
      "signal": "GROSS MARGIN INFLECTION",
      "detail": "GM: +6.0% -> +5.7% -> +14.3% (reversal +8.6%)",
      "severity": "HIGH"
    },
    {
      "quarter": "2022-03 (Q1)",
      "signal": "YoY REVENUE GROWTH ACCELERATION",
      "detail": "YoY growth: -21.7% vs prior quarter YoY: -35.5% (accel: +13.8%)",
      "severity": "MEDIUM"
    },
    {
      "quarter": "2021-12 (Q4)",
      "signal": "OP MARGIN TURNED POSITIVE (YoY)",
      "detail": "Op margin: -26.1% (year-ago) -> +196.7%",
      "severity": "HIGH"
    },
    {
      "quarter": "2021-12 (Q4)",
      "signal": "OP MARGIN TURNED POSITIVE (QoQ)",
      "detail": "Op margin: -32.4% -> +196.7%",
      "severity": "HIGH"
    },
    {
      "quarter": "2021-06 (Q2)",
      "signal": "FCF MARGIN EXPANSION",
      "detail": "FCF margin: -34.2% -> -13.4% (+20.8%)",
      "severity": "MEDIUM"
    },
    {
      "quarter": "2021-06 (Q2)",
      "signal": "GROSS MARGIN INFLECTION",
      "detail": "GM: +7.6% -> +0.6% -> +4.4% (reversal +3.7%)",
      "severity": "MEDIUM"
    }
  ],
  "data_quality": {
    "n_quarters": 20,
    "coverage": {
      "revenue": [
        20,
        20
      ],
      "gross_profit": [
        20,
        20
      ],
      "op_income": [
        20,
        20
      ],
      "fcf": [
        20,
        20
      ]
    },
    "gaps": [],
    "warnings": []
  },
  "market_cap": null,
  "source": "SEC EDGAR",
  "last_updated": "2026-02-02T23:36:00.114707",
  "sector": "Real Estate",
  "industry": "Real Estate Services"
}