{
  "ticker": "ASPU",
  "name": "ASPEN GROUP, INC.",
  "quarters": [
    {
      "date": "2018-04-30T00:00:00",
      "quarter_label": "2018-04 (Q2)",
      "revenue": 7225029,
      "gross_profit": 3654024,
      "operating_income": -2159785,
      "net_income": -3664486,
      "opex": 9384814,
      "cogs": 3571005,
      "rd": null,
      "sga": null,
      "fcf": -2620133,
      "ocf": -1954988,
      "capex": -665145,
      "gross_margin": 0.5057452364551063,
      "op_margin": -0.29893098006942254,
      "fcf_margin": -0.3626467104837918
    },
    {
      "date": "2018-07-31T00:00:00",
      "quarter_label": "2018-07 (Q3)",
      "revenue": 7221305,
      "gross_profit": 3468913,
      "operating_income": -2853324,
      "net_income": -2837276,
      "opex": 10074629,
      "cogs": 3752392,
      "rd": null,
      "sga": null,
      "fcf": -4123967,
      "ocf": -3388210,
      "capex": -735757,
      "gross_margin": 0.48037203801805906,
      "op_margin": -0.3951258117473227,
      "fcf_margin": -0.5710833429691725,
      "fcf_margin_change": -0.2084366324853807
    },
    {
      "date": "2018-10-31T00:00:00",
      "quarter_label": "2018-10 (Q4)",
      "revenue": 8095344,
      "gross_profit": 4259829,
      "operating_income": -2474649,
      "net_income": -2475079,
      "opex": 10569993,
      "cogs": 3835515,
      "rd": null,
      "sga": null,
      "fcf": -6097443,
      "ocf": -5487423,
      "capex": -610020,
      "gross_margin": 0.5262072865587923,
      "op_margin": -0.30568793617664675,
      "fcf_margin": -0.7532036933822701,
      "op_leverage_ratio": 2.4616128127474304,
      "fcf_margin_change": -0.1821203504130976
    },
    {
      "date": "2019-01-31T00:00:00",
      "quarter_label": "2019-01 (Q1)",
      "revenue": 8494627,
      "gross_profit": 4417647,
      "operating_income": -2421686,
      "net_income": -2355940,
      "opex": 10916313,
      "cogs": 4076980,
      "rd": null,
      "sga": null,
      "fcf": -2470676,
      "ocf": -1943127,
      "capex": -527549,
      "gross_margin": 0.520051910460577,
      "op_margin": -0.28508444220093476,
      "fcf_margin": -0.2908516171457558,
      "op_leverage_ratio": 1.5053678569543198,
      "fcf_margin_change": 0.4623520762365143
    },
    {
      "date": "2019-04-30T00:00:00",
      "quarter_label": "2019-04 (Q2)",
      "revenue": 10214142,
      "gross_profit": 5901811,
      "operating_income": -1360067,
      "net_income": -1609923,
      "opex": 11574732,
      "cogs": 4312331,
      "rd": null,
      "sga": null,
      "fcf": -3443659,
      "ocf": -2785464,
      "capex": -658195,
      "gross_margin": 0.5778078080371313,
      "op_margin": -0.13315528607297608,
      "fcf_margin": -0.33714618418267533,
      "incr_op_margin_yoy": 0.2675435823269311,
      "rev_growth_yoy": 0.4137164016919517,
      "op_leverage_ratio": 3.3561029900885915,
      "fcf_margin_change": -0.04629456703691953
    },
    {
      "date": "2019-07-31T00:00:00",
      "quarter_label": "2019-07 (Q3)",
      "revenue": 10357982,
      "gross_profit": 6004924,
      "operating_income": -1638800,
      "net_income": -2075282,
      "opex": 11996782,
      "cogs": 4353058,
      "rd": null,
      "sga": null,
      "fcf": -2315066,
      "ocf": -1685083,
      "capex": -629983,
      "gross_margin": 0.5797387946802766,
      "op_margin": -0.15821614673591824,
      "fcf_margin": -0.22350550522292856,
      "incr_op_margin_yoy": 0.3872008498165415,
      "rev_growth_yoy": 0.4343642873414154,
      "rev_growth_yoy_accel": 0.020647885649463738,
      "op_leverage_ratio": 0.3862111632809221,
      "fcf_margin_change": 0.11364067895974678
    },
    {
      "date": "2019-10-31T00:00:00",
      "quarter_label": "2019-10 (Q4)",
      "revenue": 12085965,
      "gross_profit": 7897909,
      "operating_income": -331775,
      "net_income": -638168,
      "opex": 12417740,
      "cogs": 4188056,
      "rd": null,
      "sga": null,
      "fcf": -954119,
      "ocf": -340024,
      "capex": -614095,
      "gross_margin": 0.6534777322290772,
      "op_margin": -0.027451262683616907,
      "fcf_margin": -0.07894437887251866,
      "incr_op_margin_yoy": 0.5369775781764292,
      "rev_growth_yoy": 0.49295261572578014,
      "rev_growth_yoy_accel": 0.05858832838436473,
      "op_leverage_ratio": 4.7543408413313735,
      "fcf_margin_change": 0.1445611263504099
    },
    {
      "date": "2020-01-31T00:00:00",
      "quarter_label": "2020-01 (Q1)",
      "revenue": 12537940,
      "gross_profit": 7374933,
      "operating_income": -1728048,
      "net_income": -2281052,
      "opex": 14265988,
      "cogs": 5163007,
      "rd": null,
      "sga": null,
      "fcf": -2485958,
      "ocf": -1800158,
      "capex": -685800,
      "gross_margin": 0.5882093071110566,
      "op_margin": -0.13782551200595952,
      "fcf_margin": -0.1982748362171138,
      "incr_op_margin_yoy": 0.17155189321232367,
      "rev_growth_yoy": 0.4759847607199233,
      "rev_growth_yoy_accel": -0.016967855005856847,
      "op_leverage_ratio": 0.251255396706193,
      "fcf_margin_change": -0.11933045734459514
    },
    {
      "date": "2020-04-30T00:00:00",
      "quarter_label": "2020-04 (Q2)",
      "revenue": 14079193,
      "gross_profit": 8648012,
      "operating_income": -339790,
      "net_income": -664563,
      "opex": 14420733,
      "cogs": 5431181,
      "rd": null,
      "sga": null,
      "fcf": -3270000,
      "ocf": -1923368,
      "capex": -1346632,
      "gross_margin": 0.6142406031368417,
      "op_margin": -0.024134195759657532,
      "fcf_margin": -0.23225763010706652,
      "incr_op_margin_yoy": 0.2639750419852157,
      "rev_growth_yoy": 0.37840192548723134,
      "rev_growth_yoy_accel": -0.09758283523269196,
      "op_leverage_ratio": 11.332689158652759,
      "fcf_margin_change": -0.033982793889952706
    },
    {
      "date": "2020-07-31T00:00:00",
      "quarter_label": "2020-07 (Q3)",
      "revenue": 15165562,
      "gross_profit": 9318039,
      "operating_income": -366341,
      "net_income": -943196,
      "opex": 15531903,
      "cogs": 5847523,
      "rd": null,
      "sga": null,
      "fcf": -1295927,
      "ocf": -636759,
      "capex": -659168,
      "gross_margin": 0.6144209492533148,
      "op_margin": -0.024156111062682676,
      "fcf_margin": -0.08545196017134084,
      "incr_op_margin_yoy": 0.26467765487001776,
      "rev_growth_yoy": 0.4641425327829301,
      "rev_growth_yoy_accel": 0.08574060729569877,
      "op_leverage_ratio": 1.0013973329092338,
      "fcf_margin_change": 0.1468056699357257
    },
    {
      "date": "2020-10-31T00:00:00",
      "quarter_label": "2020-10 (Q4)",
      "revenue": 16971045,
      "gross_profit": 9646265,
      "operating_income": -2797247,
      "net_income": -4370525,
      "opex": 19768292,
      "cogs": 7324780,
      "rd": null,
      "sga": null,
      "fcf": -3014242,
      "ocf": -1440062,
      "capex": -1574180,
      "gross_margin": 0.5683954641567446,
      "op_margin": -0.164824676382627,
      "fcf_margin": -0.1776108660368292,
      "incr_op_margin_yoy": -0.5046942936451398,
      "rev_growth_yoy": 0.40419445199452425,
      "rev_growth_yoy_accel": -0.059948080788405855,
      "op_leverage_ratio": 0.43647938087597377,
      "fcf_margin_change": -0.09215890586548837
    },
    {
      "date": "2021-01-31T00:00:00",
      "quarter_label": "2021-01 (Q1)",
      "revenue": 16624837,
      "gross_profit": 9064886,
      "operating_income": -2784825,
      "net_income": -2815266,
      "opex": 19409662,
      "cogs": 7559951,
      "rd": null,
      "sga": null,
      "fcf": -3843308,
      "ocf": -3198898,
      "capex": -644410,
      "gross_margin": 0.5452616467758451,
      "op_margin": -0.16750991302952323,
      "fcf_margin": -0.2311786876466819,
      "incr_op_margin_yoy": -0.25857686161408033,
      "rev_growth_yoy": 0.3259623989267774,
      "rev_growth_yoy_accel": -0.07823205306774683,
      "fcf_margin_change": -0.053567821609852684
    },
    {
      "date": "2021-04-30T00:00:00",
      "quarter_label": "2021-04 (Q2)",
      "revenue": 19051076,
      "gross_profit": 10329597,
      "operating_income": -2295735,
      "net_income": -2319986,
      "opex": 21346811,
      "cogs": 8721479,
      "rd": null,
      "sga": null,
      "fcf": 290660,
      "ocf": 6261297,
      "capex": -5970637,
      "gross_margin": 0.5422054376351236,
      "op_margin": -0.12050421718962226,
      "fcf_margin": 0.015256881028662107,
      "incr_op_margin_yoy": -0.39340125260389275,
      "rev_growth_yoy": 0.35313693050446854,
      "rev_growth_yoy_accel": 0.02717453157769112,
      "op_leverage_ratio": 1.4622819844414847,
      "fcf_margin_change": 0.246435568675344
    },
    {
      "date": "2021-07-31T00:00:00",
      "quarter_label": "2021-07 (Q3)",
      "revenue": 19430995,
      "gross_profit": 10837427,
      "operating_income": -1238459,
      "net_income": -870888,
      "opex": 20669454,
      "cogs": 8593568,
      "rd": null,
      "sga": null,
      "fcf": -3279704,
      "ocf": -2432491,
      "capex": -847213,
      "gross_margin": 0.557739168786776,
      "op_margin": -0.06373626260518311,
      "fcf_margin": -0.16878723915064567,
      "incr_op_margin_yoy": -0.2044617744552546,
      "rev_growth_yoy": 0.28125782611946726,
      "rev_growth_yoy_accel": -0.07187910438500128,
      "op_leverage_ratio": Infinity,
      "fcf_margin_change": -0.18404412017930777
    },
    {
      "date": "2021-10-31T00:00:00",
      "quarter_label": "2021-10 (Q4)",
      "revenue": 18940211,
      "gross_profit": 10151010,
      "operating_income": -2657536,
      "net_income": -2852258,
      "opex": 21597747,
      "cogs": 8789201,
      "rd": null,
      "sga": null,
      "fcf": -2057539,
      "ocf": -1021442,
      "capex": -1036097,
      "gross_margin": 0.5359502066793237,
      "op_margin": -0.14031184763464358,
      "fcf_margin": -0.10863337266939635,
      "incr_op_margin_yoy": 0.07094932575516742,
      "rev_growth_yoy": 0.11603092207934161,
      "rev_growth_yoy_accel": -0.16522690404012563,
      "fcf_margin_change": 0.06015386648124932
    },
    {
      "date": "2022-01-31T00:00:00",
      "quarter_label": "2022-01 (Q1)",
      "revenue": 18944798,
      "gross_profit": 9669379,
      "operating_income": -3335644,
      "net_income": -3733997,
      "opex": 22280442,
      "cogs": 9275419,
      "rd": null,
      "sga": null,
      "fcf": -5139334,
      "ocf": -4265827,
      "capex": -873507,
      "gross_margin": 0.5103975772135443,
      "op_margin": -0.17607176386889953,
      "fcf_margin": -0.2712794298466524,
      "incr_op_margin_yoy": -0.23742597397111417,
      "rev_growth_yoy": 0.1395478945146951,
      "rev_growth_yoy_accel": 0.023516972435353486,
      "fcf_margin_change": -0.16264605717725603
    },
    {
      "date": "2022-04-30T00:00:00",
      "quarter_label": "2022-04 (Q2)",
      "revenue": 19378362,
      "gross_profit": 10777269,
      "operating_income": -1738684,
      "net_income": -2128638,
      "opex": 21117046,
      "cogs": 8601093,
      "rd": null,
      "sga": null,
      "fcf": -4961966,
      "ocf": -3558465,
      "capex": -1403501,
      "gross_margin": 0.5561496374151748,
      "op_margin": -0.08972296007268313,
      "fcf_margin": -0.2560570392894921,
      "rev_growth_yoy": 0.017179397111218284,
      "rev_growth_yoy_accel": -0.12236849740347681,
      "op_leverage_ratio": Infinity,
      "fcf_margin_change": 0.015222390557160292
    },
    {
      "date": "2022-07-31T00:00:00",
      "quarter_label": "2022-07 (Q3)",
      "revenue": 18893913,
      "gross_profit": 8688362,
      "operating_income": -3114766,
      "net_income": -3714971,
      "opex": 22008679,
      "cogs": 10205551,
      "rd": null,
      "sga": null,
      "fcf": -4093026,
      "ocf": -3616193,
      "capex": -476833,
      "gross_margin": 0.459849793952158,
      "op_margin": -0.16485552780940613,
      "fcf_margin": -0.21663199147789025,
      "rev_growth_yoy": -0.02764047852413116,
      "rev_growth_yoy_accel": -0.04481987563534945,
      "fcf_margin_change": 0.03942504781160183
    },
    {
      "date": "2022-10-31T00:00:00",
      "quarter_label": "2022-10 (Q4)",
      "revenue": 17074547,
      "gross_profit": 10727539,
      "operating_income": -1540649,
      "net_income": -2293640,
      "opex": 18615196,
      "cogs": 6347008,
      "rd": null,
      "sga": null,
      "fcf": 624994,
      "ocf": 990205,
      "capex": -365211,
      "gross_margin": 0.6282766389058521,
      "op_margin": -0.09023073935724327,
      "fcf_margin": 0.03660384079296511,
      "incr_op_margin_yoy": -0.5986538840863093,
      "rev_growth_yoy": -0.09850280970998686,
      "rev_growth_yoy_accel": -0.07086233118585569,
      "fcf_margin_change": 0.25323583227085533
    },
    {
      "date": "2023-01-31T00:00:00",
      "quarter_label": "2023-01 (Q1)",
      "revenue": 15574042,
      "gross_profit": 10179887,
      "operating_income": -813793,
      "net_income": -1555040,
      "opex": 16387835,
      "cogs": 5394155,
      "rd": null,
      "sga": null,
      "fcf": -2169791,
      "ocf": -1830129,
      "capex": -339662,
      "gross_margin": 0.6536445066733478,
      "op_margin": -0.052253165876912366,
      "fcf_margin": -0.13932099322706334,
      "incr_op_margin_yoy": -0.7481559033047779,
      "rev_growth_yoy": -0.17792514863446948,
      "rev_growth_yoy_accel": -0.07942233892448262,
      "fcf_margin_change": -0.17592483402002845
    }
  ],
  "signals": [
    {
      "quarter": "2023-01 (Q1)",
      "signal": "YoY REVENUE GROWTH DECELERATION",
      "detail": "YoY growth: -17.8% vs prior quarter YoY: -9.9% (decel: -7.9%)",
      "severity": "WARNING"
    },
    {
      "quarter": "2022-10 (Q4)",
      "signal": "FCF TURNED POSITIVE",
      "detail": "FCF margin: -21.7% -> +3.7%",
      "severity": "HIGH"
    },
    {
      "quarter": "2022-10 (Q4)",
      "signal": "GROSS MARGIN INFLECTION",
      "detail": "GM: +55.6% -> +46.0% -> +62.8% (reversal +16.8%)",
      "severity": "HIGH"
    },
    {
      "quarter": "2022-10 (Q4)",
      "signal": "YoY REVENUE GROWTH DECELERATION",
      "detail": "YoY growth: -9.9% vs prior quarter YoY: -2.8% (decel: -7.1%)",
      "severity": "WARNING"
    },
    {
      "quarter": "2022-04 (Q2)",
      "signal": "GROSS MARGIN INFLECTION",
      "detail": "GM: +53.6% -> +51.0% -> +55.6% (reversal +4.6%)",
      "severity": "MEDIUM"
    },
    {
      "quarter": "2022-04 (Q2)",
      "signal": "YoY REVENUE GROWTH DECELERATION",
      "detail": "YoY growth: +1.7% vs prior quarter YoY: +14.0% (decel: -12.2%)",
      "severity": "WARNING"
    },
    {
      "quarter": "2021-10 (Q4)",
      "signal": "FCF MARGIN EXPANSION",
      "detail": "FCF margin: -16.9% -> -10.9% (+6.0%)",
      "severity": "MEDIUM"
    },
    {
      "quarter": "2021-10 (Q4)",
      "signal": "YoY REVENUE GROWTH DECELERATION",
      "detail": "YoY growth: +11.6% vs prior quarter YoY: +28.1% (decel: -16.5%)",
      "severity": "WARNING"
    },
    {
      "quarter": "2021-07 (Q3)",
      "signal": "YoY REVENUE GROWTH DECELERATION",
      "detail": "YoY growth: +28.1% vs prior quarter YoY: +35.3% (decel: -7.2%)",
      "severity": "WARNING"
    },
    {
      "quarter": "2021-04 (Q2)",
      "signal": "FCF TURNED POSITIVE",
      "detail": "FCF margin: -23.1% -> +1.5%",
      "severity": "HIGH"
    },
    {
      "quarter": "2021-01 (Q1)",
      "signal": "YoY REVENUE GROWTH DECELERATION",
      "detail": "YoY growth: +32.6% vs prior quarter YoY: +40.4% (decel: -7.8%)",
      "severity": "WARNING"
    },
    {
      "quarter": "2020-10 (Q4)",
      "signal": "YoY REVENUE GROWTH DECELERATION",
      "detail": "YoY growth: +40.4% vs prior quarter YoY: +46.4% (decel: -6.0%)",
      "severity": "WARNING"
    },
    {
      "quarter": "2020-07 (Q3)",
      "signal": "FCF MARGIN EXPANSION",
      "detail": "FCF margin: -23.2% -> -8.5% (+14.7%)",
      "severity": "MEDIUM"
    },
    {
      "quarter": "2020-07 (Q3)",
      "signal": "YoY REVENUE GROWTH ACCELERATION",
      "detail": "YoY growth: +46.4% vs prior quarter YoY: +37.8% (accel: +8.6%)",
      "severity": "MEDIUM"
    },
    {
      "quarter": "2020-04 (Q2)",
      "signal": "OPERATING LEVERAGE",
      "detail": "Rev growth +12.3% vs OpEx growth +1.1% (leverage: 11.3x)",
      "severity": "MEDIUM"
    },
    {
      "quarter": "2020-04 (Q2)",
      "signal": "GROSS MARGIN INFLECTION",
      "detail": "GM: +65.3% -> +58.8% -> +61.4% (reversal +2.6%)",
      "severity": "MEDIUM"
    },
    {
      "quarter": "2020-04 (Q2)",
      "signal": "YoY REVENUE GROWTH DECELERATION",
      "detail": "YoY growth: +37.8% vs prior quarter YoY: +47.6% (decel: -9.8%)",
      "severity": "WARNING"
    },
    {
      "quarter": "2019-10 (Q4)",
      "signal": "FCF MARGIN EXPANSION",
      "detail": "FCF margin: -22.4% -> -7.9% (+14.5%)",
      "severity": "MEDIUM"
    },
    {
      "quarter": "2019-10 (Q4)",
      "signal": "OPERATING LEVERAGE",
      "detail": "Rev growth +16.7% vs OpEx growth +3.5% (leverage: 4.8x)",
      "severity": "MEDIUM"
    },
    {
      "quarter": "2019-10 (Q4)",
      "signal": "YoY REVENUE GROWTH ACCELERATION",
      "detail": "YoY growth: +49.3% vs prior quarter YoY: +43.4% (accel: +5.9%)",
      "severity": "MEDIUM"
    },
    {
      "quarter": "2019-07 (Q3)",
      "signal": "FCF MARGIN EXPANSION",
      "detail": "FCF margin: -33.7% -> -22.4% (+11.4%)",
      "severity": "MEDIUM"
    },
    {
      "quarter": "2019-04 (Q2)",
      "signal": "OPERATING LEVERAGE",
      "detail": "Rev growth +20.2% vs OpEx growth +6.0% (leverage: 3.4x)",
      "severity": "MEDIUM"
    },
    {
      "quarter": "2019-04 (Q2)",
      "signal": "GROSS MARGIN INFLECTION",
      "detail": "GM: +52.6% -> +52.0% -> +57.8% (reversal +5.8%)",
      "severity": "HIGH"
    },
    {
      "quarter": "2019-01 (Q1)",
      "signal": "FCF MARGIN EXPANSION",
      "detail": "FCF margin: -75.3% -> -29.1% (+46.2%)",
      "severity": "MEDIUM"
    },
    {
      "quarter": "2019-01 (Q1)",
      "signal": "OPERATING LEVERAGE",
      "detail": "Rev growth +4.9% vs OpEx growth +3.3% (leverage: 1.5x)",
      "severity": "MEDIUM"
    },
    {
      "quarter": "2018-10 (Q4)",
      "signal": "OPERATING LEVERAGE",
      "detail": "Rev growth +12.1% vs OpEx growth +4.9% (leverage: 2.5x)",
      "severity": "MEDIUM"
    },
    {
      "quarter": "2018-10 (Q4)",
      "signal": "GROSS MARGIN INFLECTION",
      "detail": "GM: +50.6% -> +48.0% -> +52.6% (reversal +4.6%)",
      "severity": "MEDIUM"
    }
  ],
  "data_quality": {
    "n_quarters": 20,
    "coverage": {
      "revenue": [
        20,
        20
      ],
      "gross_profit": [
        20,
        20
      ],
      "op_income": [
        20,
        20
      ],
      "fcf": [
        20,
        20
      ]
    },
    "gaps": [],
    "warnings": []
  },
  "market_cap": null,
  "source": "SEC EDGAR",
  "last_updated": "2026-02-03T01:03:11.389752",
  "sector": "Consumer Defensive",
  "industry": "Education & Training Services"
}