{
  "ticker": "ASRT",
  "name": "ASSERTIO HOLDINGS, INC.",
  "quarters": [
    {
      "date": "2020-12-31T00:00:00",
      "quarter_label": "2020-12 (Q4)",
      "revenue": 30176000,
      "gross_profit": 23403000,
      "operating_income": -34957000,
      "net_income": -24353000,
      "opex": 65133000,
      "cogs": 6773000,
      "rd": null,
      "sga": 23133000,
      "fcf": -5982000,
      "ocf": -5982000,
      "capex": null,
      "gross_margin": 0.7755501060445387,
      "op_margin": -1.1584371686108166,
      "fcf_margin": -0.1982370095440085
    },
    {
      "date": "2021-03-31T00:00:00",
      "quarter_label": "2021-03 (Q1)",
      "revenue": 26839000,
      "gross_profit": 22873000,
      "operating_income": 7507000,
      "net_income": 4544000,
      "opex": 19332000,
      "cogs": 3966000,
      "rd": null,
      "sga": 7730000,
      "fcf": -4226000,
      "ocf": -4226000,
      "capex": null,
      "gross_margin": 0.852229963858564,
      "op_margin": 0.2797049070382652,
      "fcf_margin": -0.15745743134990126,
      "fcf_margin_change": 0.04077957819410724
    },
    {
      "date": "2021-06-30T00:00:00",
      "quarter_label": "2021-06 (Q2)",
      "revenue": 25373000,
      "gross_profit": 21452000,
      "operating_income": -12001000,
      "net_income": -14169000,
      "opex": 37374000,
      "cogs": 3921000,
      "rd": null,
      "sga": 26235000,
      "fcf": 964000,
      "ocf": 964000,
      "capex": null,
      "gross_margin": 0.845465652465219,
      "op_margin": -0.4729830922634296,
      "fcf_margin": 0.037993142316635795,
      "fcf_margin_change": 0.19545057366653706
    },
    {
      "date": "2021-09-30T00:00:00",
      "quarter_label": "2021-09 (Q3)",
      "revenue": 25472000,
      "gross_profit": 22422000,
      "operating_income": 5934000,
      "net_income": 3737000,
      "opex": 19538000,
      "cogs": 3050000,
      "rd": null,
      "sga": 9313000,
      "fcf": 4654000,
      "ocf": 4654000,
      "capex": null,
      "gross_margin": 0.8802606783919598,
      "op_margin": 0.23296168341708542,
      "fcf_margin": 0.1827104271356784,
      "fcf_margin_change": 0.1447172848190426
    },
    {
      "date": "2021-12-31T00:00:00",
      "quarter_label": "2021-12 (Q4)",
      "revenue": 33328000,
      "gross_profit": 28432000,
      "operating_income": 7981000,
      "net_income": 4606000,
      "opex": 25347000,
      "cogs": 4896000,
      "rd": null,
      "sga": 13276000,
      "fcf": 4078000,
      "ocf": 4131000,
      "capex": -53000,
      "gross_margin": 0.8530964954392702,
      "op_margin": 0.23946831493038886,
      "fcf_margin": 0.12235957753240519,
      "incr_op_margin_yoy": 13.62246192893401,
      "rev_growth_yoy": 0.10445387062566278,
      "op_leverage_ratio": 1.037330524199583,
      "fcf_margin_change": -0.06035084960327321
    },
    {
      "date": "2022-03-31T00:00:00",
      "quarter_label": "2022-03 (Q1)",
      "revenue": 36538000,
      "gross_profit": 32343000,
      "operating_income": 11559000,
      "net_income": 9064000,
      "opex": 24979000,
      "cogs": 4195000,
      "rd": null,
      "sga": 10638000,
      "fcf": 27426000,
      "ocf": 27426000,
      "capex": null,
      "gross_margin": 0.8851880234276643,
      "op_margin": 0.3163555750177897,
      "fcf_margin": 0.7506157972521759,
      "incr_op_margin_yoy": 0.4177750283534385,
      "rev_growth_yoy": 0.3613771004880957,
      "rev_growth_yoy_accel": 0.2569232298624329,
      "op_leverage_ratio": Infinity,
      "fcf_margin_change": 0.6282562197197706
    },
    {
      "date": "2022-06-30T00:00:00",
      "quarter_label": "2022-06 (Q2)",
      "revenue": 35131000,
      "gross_profit": 30603000,
      "operating_income": 10791000,
      "net_income": 7834000,
      "opex": 24340000,
      "cogs": 4528000,
      "rd": 0,
      "sga": 10543000,
      "fcf": 14430000,
      "ocf": 14430000,
      "capex": null,
      "gross_margin": 0.8711109846004953,
      "op_margin": 0.3071646124505423,
      "fcf_margin": 0.4107483419202414,
      "incr_op_margin_yoy": 2.3357245337159256,
      "rev_growth_yoy": 0.38458203602254365,
      "rev_growth_yoy_accel": 0.023204935534447968,
      "fcf_margin_change": -0.33986745533193446
    },
    {
      "date": "2022-09-30T00:00:00",
      "quarter_label": "2022-09 (Q3)",
      "revenue": 34212000,
      "gross_profit": 30203000,
      "operating_income": 6434000,
      "net_income": 4174000,
      "opex": 27778000,
      "cogs": 4009000,
      "rd": 0,
      "sga": 11900000,
      "fcf": 10045000,
      "ocf": 10045000,
      "capex": null,
      "gross_margin": 0.8828188939553373,
      "op_margin": 0.18806266806968316,
      "fcf_margin": 0.2936104290892085,
      "incr_op_margin_yoy": 0.057208237986270026,
      "rev_growth_yoy": 0.3431218592964824,
      "rev_growth_yoy_accel": -0.041460176726061226,
      "fcf_margin_change": -0.11713791283103292
    },
    {
      "date": "2022-12-31T00:00:00",
      "quarter_label": "2022-12 (Q4)",
      "revenue": 50350000,
      "gross_profit": 44336000,
      "operating_income": 10622000,
      "net_income": 88553000,
      "opex": 39728000,
      "cogs": 6014000,
      "rd": 0,
      "sga": 13702000,
      "fcf": 26423000,
      "ocf": 26697000,
      "capex": -274000,
      "gross_margin": 0.8805561072492553,
      "op_margin": 0.2109632571996028,
      "fcf_margin": 0.5247864945382323,
      "incr_op_margin_yoy": 0.15515215603336857,
      "rev_growth_yoy": 0.510741718674988,
      "rev_growth_yoy_accel": 0.16761985937850554,
      "op_leverage_ratio": 1.0964890931122555,
      "fcf_margin_change": 0.23117606544902386
    },
    {
      "date": "2023-03-31T00:00:00",
      "quarter_label": "2023-03 (Q1)",
      "revenue": 42466000,
      "gross_profit": 36999000,
      "operating_income": 4644000,
      "net_income": -3484000,
      "opex": 37822000,
      "cogs": 5467000,
      "rd": 0,
      "sga": 16904000,
      "fcf": 22717000,
      "ocf": 22717000,
      "capex": null,
      "gross_margin": 0.8712617152545565,
      "op_margin": 0.10935807469505016,
      "fcf_margin": 0.5349456035416569,
      "incr_op_margin_yoy": -1.166497975708502,
      "rev_growth_yoy": 0.16224204937325523,
      "rev_growth_yoy_accel": -0.3484996693017327,
      "fcf_margin_change": 0.010159109003424538
    },
    {
      "date": "2023-06-30T00:00:00",
      "quarter_label": "2023-06 (Q2)",
      "revenue": 40991000,
      "gross_profit": 36219000,
      "operating_income": 12420000,
      "net_income": 8470000,
      "opex": 28571000,
      "cogs": 4772000,
      "rd": 503000,
      "sga": 16771000,
      "fcf": 18601000,
      "ocf": 18601000,
      "capex": null,
      "gross_margin": 0.8835842014100657,
      "op_margin": 0.3029933400014637,
      "fcf_margin": 0.45378253763021154,
      "incr_op_margin_yoy": 0.2779863481228669,
      "rev_growth_yoy": 0.16680424696137314,
      "rev_growth_yoy_accel": 0.0045621975881179055,
      "fcf_margin_change": -0.08116306591144534
    },
    {
      "date": "2023-09-30T00:00:00",
      "quarter_label": "2023-09 (Q3)",
      "revenue": 35627000,
      "gross_profit": 28567000,
      "operating_income": -228271000,
      "net_income": -279544000,
      "opex": 263898000,
      "cogs": 7060000,
      "rd": 1316000,
      "sga": 21005000,
      "fcf": 2579000,
      "ocf": 2579000,
      "capex": null,
      "gross_margin": 0.8018356864176046,
      "op_margin": -6.407247312431583,
      "fcf_margin": 0.0723889185168552,
      "incr_op_margin_yoy": -165.86925795053003,
      "rev_growth_yoy": 0.04135975681047586,
      "rev_growth_yoy_accel": -0.1254444901508973,
      "fcf_margin_change": -0.38139361911335634
    },
    {
      "date": "2023-12-31T00:00:00",
      "quarter_label": "2023-12 (Q4)",
      "revenue": 32985000,
      "gross_profit": 23264000,
      "operating_income": -32329000,
      "net_income": -57384000,
      "opex": 65314000,
      "cogs": 9721000,
      "rd": 1024000,
      "sga": 23958000,
      "fcf": 5607000,
      "ocf": 5707000,
      "capex": -100000,
      "gross_margin": 0.7052902834621798,
      "op_margin": -0.9801121721994847,
      "fcf_margin": 0.16998635743519783,
      "incr_op_margin_yoy": 2.4734235531241002,
      "rev_growth_yoy": -0.3448857994041708,
      "rev_growth_yoy_accel": -0.3862455562146467,
      "fcf_margin_change": 0.09759743891834263
    },
    {
      "date": "2024-03-31T00:00:00",
      "quarter_label": "2024-03 (Q1)",
      "revenue": 32448000,
      "gross_profit": 21271000,
      "operating_income": -4337000,
      "net_income": -4510000,
      "opex": 36785000,
      "cogs": 11177000,
      "rd": 733000,
      "sga": 18524000,
      "fcf": 7508000,
      "ocf": 7508000,
      "capex": null,
      "gross_margin": 0.6555411735700197,
      "op_margin": -0.13366000986193294,
      "fcf_margin": 0.23138560157790927,
      "incr_op_margin_yoy": 0.8964863246156918,
      "rev_growth_yoy": -0.23590637215654878,
      "rev_growth_yoy_accel": 0.10897942724762202,
      "fcf_margin_change": 0.061399244142711445
    },
    {
      "date": "2024-06-30T00:00:00",
      "quarter_label": "2024-06 (Q2)",
      "revenue": 31126000,
      "gross_profit": 22237000,
      "operating_income": -3617000,
      "net_income": -3674000,
      "opex": 34743000,
      "cogs": 8889000,
      "rd": 798000,
      "sga": 18385000,
      "fcf": 7387000,
      "ocf": 7387000,
      "capex": null,
      "gross_margin": 0.7144188138533701,
      "op_margin": -0.11620510184411746,
      "fcf_margin": 0.23732570841097475,
      "incr_op_margin_yoy": 1.6256462240243283,
      "rev_growth_yoy": -0.24066258446976166,
      "rev_growth_yoy_accel": -0.004756212313212882,
      "fcf_margin_change": 0.005940106833065478
    },
    {
      "date": "2024-09-30T00:00:00",
      "quarter_label": "2024-09 (Q3)",
      "revenue": 29204000,
      "gross_profit": 21654000,
      "operating_income": -3048000,
      "net_income": -2921000,
      "opex": 32252000,
      "cogs": 7550000,
      "rd": 1005000,
      "sga": 16726000,
      "fcf": -35000,
      "ocf": -35000,
      "capex": null,
      "gross_margin": 0.7414737707163402,
      "op_margin": -0.10436926448431721,
      "fcf_margin": -0.0011984659635666348,
      "incr_op_margin_yoy": -35.065078623696095,
      "rev_growth_yoy": -0.1802846156005277,
      "rev_growth_yoy_accel": 0.06037796886923397,
      "fcf_margin_change": -0.23852417437454138
    },
    {
      "date": "2024-12-31T00:00:00",
      "quarter_label": "2024-12 (Q4)",
      "revenue": 32183000,
      "gross_profit": 20572000,
      "operating_income": -13474000,
      "net_income": -10476000,
      "opex": 45657000,
      "cogs": 11611000,
      "rd": 1286000,
      "sga": 21416000,
      "fcf": 11548000,
      "ocf": 11548000,
      "capex": null,
      "gross_margin": 0.6392194636920113,
      "op_margin": -0.41866824099679956,
      "fcf_margin": 0.3588229810769661,
      "rev_growth_yoy": -0.02431408215855692,
      "rev_growth_yoy_accel": 0.15597053344197076,
      "op_leverage_ratio": 0.2454245459827513,
      "fcf_margin_change": 0.36002144704053274
    },
    {
      "date": "2025-03-31T00:00:00",
      "quarter_label": "2025-03 (Q1)",
      "revenue": 26488000,
      "gross_profit": 18702000,
      "operating_income": -13233000,
      "net_income": -13541000,
      "opex": 39721000,
      "cogs": 7786000,
      "rd": 438000,
      "sga": 21975000,
      "fcf": -12538000,
      "ocf": -12538000,
      "capex": null,
      "gross_margin": 0.7060555723346421,
      "op_margin": -0.4995847176079734,
      "fcf_margin": -0.4733464210208396,
      "incr_op_margin_yoy": 1.4926174496644296,
      "rev_growth_yoy": -0.1836785009861933,
      "rev_growth_yoy_accel": -0.15936441882763636,
      "fcf_margin_change": -0.8321694020978057
    },
    {
      "date": "2025-06-30T00:00:00",
      "quarter_label": "2025-06 (Q2)",
      "revenue": 29222000,
      "gross_profit": 18545000,
      "operating_income": -8035000,
      "net_income": -16352000,
      "opex": 37257000,
      "cogs": 10677000,
      "rd": 387000,
      "sga": 16960000,
      "fcf": 19091000,
      "ocf": 19091000,
      "capex": null,
      "gross_margin": 0.6346245979056875,
      "op_margin": -0.27496406816781876,
      "fcf_margin": 0.6533091506399288,
      "incr_op_margin_yoy": 2.3203781512605044,
      "rev_growth_yoy": -0.06117072543854013,
      "rev_growth_yoy_accel": 0.12250777554765316,
      "op_leverage_ratio": Infinity,
      "fcf_margin_change": 1.1266555716607685
    },
    {
      "date": "2025-09-30T00:00:00",
      "quarter_label": "2025-09 (Q3)",
      "revenue": 49459000,
      "gross_profit": 35805000,
      "operating_income": 11478000,
      "net_income": 11445000,
      "opex": 37981000,
      "cogs": 13654000,
      "rd": 379000,
      "sga": 16930000,
      "fcf": -4767000,
      "ocf": -4767000,
      "capex": null,
      "gross_margin": 0.7239329545684304,
      "op_margin": 0.23207100830991326,
      "fcf_margin": -0.0963828625730403,
      "incr_op_margin_yoy": 0.7171562577141447,
      "rev_growth_yoy": 0.6935693740583482,
      "rev_growth_yoy_accel": 0.7547400994968883,
      "op_leverage_ratio": 35.637358905403524,
      "fcf_margin_change": -0.7496920132129691
    }
  ],
  "signals": [
    {
      "quarter": "2025-09 (Q3)",
      "signal": "OPERATING LEVERAGE",
      "detail": "Rev growth +69.3% vs OpEx growth +1.9% (leverage: 35.6x)",
      "severity": "MEDIUM"
    },
    {
      "quarter": "2025-09 (Q3)",
      "signal": "GROSS MARGIN INFLECTION",
      "detail": "GM: +70.6% -> +63.5% -> +72.4% (reversal +8.9%)",
      "severity": "HIGH"
    },
    {
      "quarter": "2025-09 (Q3)",
      "signal": "YoY REVENUE GROWTH ACCELERATION",
      "detail": "YoY growth: +69.4% vs prior quarter YoY: -6.1% (accel: +75.5%)",
      "severity": "HIGH"
    },
    {
      "quarter": "2025-09 (Q3)",
      "signal": "OP MARGIN TURNED POSITIVE (YoY)",
      "detail": "Op margin: -10.4% (year-ago) -> +23.2%",
      "severity": "HIGH"
    },
    {
      "quarter": "2025-09 (Q3)",
      "signal": "OP MARGIN TURNED POSITIVE (QoQ)",
      "detail": "Op margin: -27.5% -> +23.2%",
      "severity": "HIGH"
    },
    {
      "quarter": "2025-06 (Q2)",
      "signal": "FCF TURNED POSITIVE",
      "detail": "FCF margin: -47.3% -> +65.3%",
      "severity": "HIGH"
    },
    {
      "quarter": "2025-06 (Q2)",
      "signal": "YoY REVENUE GROWTH ACCELERATION",
      "detail": "YoY growth: -6.1% vs prior quarter YoY: -18.4% (accel: +12.3%)",
      "severity": "MEDIUM"
    },
    {
      "quarter": "2025-03 (Q1)",
      "signal": "GROSS MARGIN INFLECTION",
      "detail": "GM: +74.1% -> +63.9% -> +70.6% (reversal +6.7%)",
      "severity": "HIGH"
    },
    {
      "quarter": "2025-03 (Q1)",
      "signal": "YoY REVENUE GROWTH DECELERATION",
      "detail": "YoY growth: -18.4% vs prior quarter YoY: -2.4% (decel: -15.9%)",
      "severity": "WARNING"
    },
    {
      "quarter": "2024-12 (Q4)",
      "signal": "FCF TURNED POSITIVE",
      "detail": "FCF margin: -0.1% -> +35.9%",
      "severity": "HIGH"
    },
    {
      "quarter": "2024-12 (Q4)",
      "signal": "YoY REVENUE GROWTH ACCELERATION",
      "detail": "YoY growth: -2.4% vs prior quarter YoY: -18.0% (accel: +15.6%)",
      "severity": "HIGH"
    },
    {
      "quarter": "2024-09 (Q3)",
      "signal": "YoY REVENUE GROWTH ACCELERATION",
      "detail": "YoY growth: -18.0% vs prior quarter YoY: -24.1% (accel: +6.0%)",
      "severity": "MEDIUM"
    },
    {
      "quarter": "2024-06 (Q2)",
      "signal": "GROSS MARGIN INFLECTION",
      "detail": "GM: +70.5% -> +65.6% -> +71.4% (reversal +5.9%)",
      "severity": "HIGH"
    },
    {
      "quarter": "2024-03 (Q1)",
      "signal": "FCF MARGIN EXPANSION",
      "detail": "FCF margin: +17.0% -> +23.1% (+6.1%)",
      "severity": "MEDIUM"
    },
    {
      "quarter": "2024-03 (Q1)",
      "signal": "YoY REVENUE GROWTH ACCELERATION",
      "detail": "YoY growth: -23.6% vs prior quarter YoY: -34.5% (accel: +10.9%)",
      "severity": "MEDIUM"
    },
    {
      "quarter": "2023-12 (Q4)",
      "signal": "FCF MARGIN EXPANSION",
      "detail": "FCF margin: +7.2% -> +17.0% (+9.8%)",
      "severity": "MEDIUM"
    },
    {
      "quarter": "2023-12 (Q4)",
      "signal": "YoY REVENUE GROWTH DECELERATION",
      "detail": "YoY growth: -34.5% vs prior quarter YoY: +4.1% (decel: -38.6%)",
      "severity": "WARNING"
    },
    {
      "quarter": "2023-09 (Q3)",
      "signal": "YoY REVENUE GROWTH DECELERATION",
      "detail": "YoY growth: +4.1% vs prior quarter YoY: +16.7% (decel: -12.5%)",
      "severity": "WARNING"
    },
    {
      "quarter": "2023-03 (Q1)",
      "signal": "YoY REVENUE GROWTH DECELERATION",
      "detail": "YoY growth: +16.2% vs prior quarter YoY: +51.1% (decel: -34.8%)",
      "severity": "WARNING"
    },
    {
      "quarter": "2022-12 (Q4)",
      "signal": "FCF MARGIN EXPANSION",
      "detail": "FCF margin: +29.4% -> +52.5% (+23.1%)",
      "severity": "MEDIUM"
    },
    {
      "quarter": "2022-12 (Q4)",
      "signal": "YoY REVENUE GROWTH ACCELERATION",
      "detail": "YoY growth: +51.1% vs prior quarter YoY: +34.3% (accel: +16.8%)",
      "severity": "HIGH"
    },
    {
      "quarter": "2022-06 (Q2)",
      "signal": "OP MARGIN TURNED POSITIVE (YoY)",
      "detail": "Op margin: -47.3% (year-ago) -> +30.7%",
      "severity": "HIGH"
    },
    {
      "quarter": "2022-03 (Q1)",
      "signal": "FCF MARGIN EXPANSION",
      "detail": "FCF margin: +12.2% -> +75.1% (+62.8%)",
      "severity": "MEDIUM"
    },
    {
      "quarter": "2022-03 (Q1)",
      "signal": "GROSS MARGIN INFLECTION",
      "detail": "GM: +88.0% -> +85.3% -> +88.5% (reversal +3.2%)",
      "severity": "MEDIUM"
    },
    {
      "quarter": "2022-03 (Q1)",
      "signal": "YoY REVENUE GROWTH ACCELERATION",
      "detail": "YoY growth: +36.1% vs prior quarter YoY: +10.4% (accel: +25.7%)",
      "severity": "HIGH"
    },
    {
      "quarter": "2022-03 (Q1)",
      "signal": "INCREMENTAL MARGIN (YoY)",
      "detail": "YoY Incr OPM: +41.8% vs year-ago OPM: +28.0%",
      "severity": "MEDIUM"
    },
    {
      "quarter": "2021-12 (Q4)",
      "signal": "OP MARGIN TURNED POSITIVE (YoY)",
      "detail": "Op margin: -115.8% (year-ago) -> +23.9%",
      "severity": "HIGH"
    },
    {
      "quarter": "2021-09 (Q3)",
      "signal": "FCF MARGIN EXPANSION",
      "detail": "FCF margin: +3.8% -> +18.3% (+14.5%)",
      "severity": "MEDIUM"
    },
    {
      "quarter": "2021-09 (Q3)",
      "signal": "GROSS MARGIN INFLECTION",
      "detail": "GM: +85.2% -> +84.5% -> +88.0% (reversal +3.5%)",
      "severity": "MEDIUM"
    },
    {
      "quarter": "2021-09 (Q3)",
      "signal": "OP MARGIN TURNED POSITIVE (QoQ)",
      "detail": "Op margin: -47.3% -> +23.3%",
      "severity": "HIGH"
    },
    {
      "quarter": "2021-06 (Q2)",
      "signal": "FCF TURNED POSITIVE",
      "detail": "FCF margin: -15.7% -> +3.8%",
      "severity": "HIGH"
    },
    {
      "quarter": "2021-03 (Q1)",
      "signal": "OP MARGIN TURNED POSITIVE (QoQ)",
      "detail": "Op margin: -115.8% -> +28.0%",
      "severity": "HIGH"
    }
  ],
  "data_quality": {
    "n_quarters": 20,
    "coverage": {
      "revenue": [
        20,
        20
      ],
      "gross_profit": [
        20,
        20
      ],
      "op_income": [
        20,
        20
      ],
      "fcf": [
        20,
        20
      ]
    },
    "gaps": [],
    "warnings": []
  },
  "market_cap": null,
  "source": "SEC EDGAR",
  "last_updated": "2026-02-02T23:28:20.158180",
  "sector": "Healthcare",
  "industry": "Drug Manufacturers - Specialty & Generic"
}