{
  "ticker": "ASTE",
  "name": "Astec Industries, Inc.",
  "quarters": [
    {
      "date": "2020-12-31T00:00:00",
      "quarter_label": "2020-12 (Q4)",
      "revenue": 238900000,
      "gross_profit": 56900000,
      "operating_income": 17806000,
      "net_income": 15400000,
      "opex": 39094000,
      "cogs": 182822000,
      "rd": 4500000,
      "sga": 19143000,
      "fcf": 34900000,
      "ocf": 39400000,
      "capex": -4500000,
      "gross_margin": 0.23817496860611134,
      "op_margin": 0.07453327752197572,
      "fcf_margin": 0.1460862285475094
    },
    {
      "date": "2021-03-31T00:00:00",
      "quarter_label": "2021-03 (Q1)",
      "revenue": 284400000,
      "gross_profit": 68500000,
      "operating_income": 9800000,
      "net_income": 8700000,
      "opex": 58700000,
      "cogs": 215900000,
      "rd": 6300000,
      "sga": 51700000,
      "fcf": 11300000,
      "ocf": 14600000,
      "capex": -3300000,
      "gross_margin": 0.24085794655414908,
      "op_margin": 0.034458509142053444,
      "fcf_margin": 0.039732770745428976,
      "op_leverage_ratio": 0.3797662421875024,
      "fcf_margin_change": -0.10635345780208044
    },
    {
      "date": "2021-06-30T00:00:00",
      "quarter_label": "2021-06 (Q2)",
      "revenue": 278000000,
      "gross_profit": 67000000,
      "operating_income": 11200000,
      "net_income": 9000000,
      "opex": 55800000,
      "cogs": 211000000,
      "rd": 7000000,
      "sga": 48000000,
      "fcf": 12000000,
      "ocf": 15900000,
      "capex": -3900000,
      "gross_margin": 0.24100719424460432,
      "op_margin": 0.04028776978417266,
      "fcf_margin": 0.04316546762589928,
      "fcf_margin_change": 0.0034326968804703067
    },
    {
      "date": "2021-09-30T00:00:00",
      "quarter_label": "2021-09 (Q3)",
      "revenue": 267000000,
      "gross_profit": 62300000,
      "operating_income": 6700000,
      "net_income": 9300000,
      "opex": 55600000,
      "cogs": 204700000,
      "rd": 6700000,
      "sga": 48600000,
      "fcf": -6900000,
      "ocf": -3200000,
      "capex": -3700000,
      "gross_margin": 0.23333333333333334,
      "op_margin": 0.025093632958801498,
      "fcf_margin": -0.025842696629213482,
      "fcf_margin_change": -0.06900816425511276
    },
    {
      "date": "2021-12-31T00:00:00",
      "quarter_label": "2021-12 (Q4)",
      "revenue": 267800000,
      "gross_profit": 53900000,
      "operating_income": -5600000,
      "net_income": -9200000,
      "opex": 59500000,
      "cogs": 213900000,
      "rd": 6500000,
      "sga": 52300000,
      "fcf": -29100000,
      "ocf": -19900000,
      "capex": -9200000,
      "gross_margin": 0.20126960418222553,
      "op_margin": -0.020911127707244213,
      "fcf_margin": -0.10866318147871545,
      "incr_op_margin_yoy": -0.8098961937716262,
      "rev_growth_yoy": 0.12097111762243616,
      "fcf_margin_change": -0.08282048484950197
    },
    {
      "date": "2022-03-31T00:00:00",
      "quarter_label": "2022-03 (Q1)",
      "revenue": 291200000,
      "gross_profit": 66100000,
      "operating_income": 5400000,
      "net_income": 4100000,
      "opex": 60700000,
      "cogs": 225100000,
      "rd": 7000000,
      "sga": 52700000,
      "fcf": -21200000,
      "ocf": -9600000,
      "capex": -11600000,
      "gross_margin": 0.22699175824175824,
      "op_margin": 0.018543956043956044,
      "fcf_margin": -0.07280219780219781,
      "incr_op_margin_yoy": -0.6470588235294118,
      "rev_growth_yoy": 0.02390998593530239,
      "rev_growth_yoy_accel": -0.09706113168713378,
      "op_leverage_ratio": 4.33252427184466,
      "fcf_margin_change": 0.035860983676517647
    },
    {
      "date": "2022-06-30T00:00:00",
      "quarter_label": "2022-06 (Q2)",
      "revenue": 318200000,
      "gross_profit": 60600000,
      "operating_income": -4000000,
      "net_income": -3900000,
      "opex": 64600000,
      "cogs": 257600000,
      "rd": 7500000,
      "sga": 53700000,
      "fcf": -39500000,
      "ocf": -32300000,
      "capex": -7200000,
      "gross_margin": 0.19044626021370206,
      "op_margin": -0.01257071024512885,
      "fcf_margin": -0.1241357636706474,
      "incr_op_margin_yoy": -0.3781094527363184,
      "rev_growth_yoy": 0.1446043165467626,
      "rev_growth_yoy_accel": 0.1206943306114602,
      "op_leverage_ratio": 1.4431001690617076,
      "fcf_margin_change": -0.05133356586844959
    },
    {
      "date": "2022-09-30T00:00:00",
      "quarter_label": "2022-09 (Q3)",
      "revenue": 315200000,
      "gross_profit": 65400000,
      "operating_income": 1800000,
      "net_income": 700000,
      "opex": 63600000,
      "cogs": 249800000,
      "rd": 8500000,
      "sga": 55000000,
      "fcf": -23700000,
      "ocf": -14900000,
      "capex": -8800000,
      "gross_margin": 0.20748730964467005,
      "op_margin": 0.005710659898477157,
      "fcf_margin": -0.07519035532994923,
      "incr_op_margin_yoy": -0.1016597510373444,
      "rev_growth_yoy": 0.1805243445692884,
      "rev_growth_yoy_accel": 0.03592002802252581,
      "fcf_margin_change": 0.04894540834069816
    },
    {
      "date": "2022-12-31T00:00:00",
      "quarter_label": "2022-12 (Q4)",
      "revenue": 349900000,
      "gross_profit": 72000000,
      "operating_income": 4300000,
      "net_income": -1000000,
      "opex": 67700000,
      "cogs": 277900000,
      "rd": 8500000,
      "sga": 54700000,
      "fcf": -30200000,
      "ocf": -17100000,
      "capex": -13100000,
      "gross_margin": 0.20577307802229208,
      "op_margin": 0.012289225492998,
      "fcf_margin": -0.08631037439268362,
      "incr_op_margin_yoy": 0.12058465286236297,
      "rev_growth_yoy": 0.30657206870799103,
      "rev_growth_yoy_accel": 0.12604772413870263,
      "op_leverage_ratio": 1.7077194502909496,
      "fcf_margin_change": -0.011120019062734382
    },
    {
      "date": "2023-03-31T00:00:00",
      "quarter_label": "2023-03 (Q1)",
      "revenue": 347900000,
      "gross_profit": 89200000,
      "operating_income": 17600000,
      "net_income": 12100000,
      "opex": 71600000,
      "cogs": 258700000,
      "rd": null,
      "sga": 67900000,
      "fcf": -27200000,
      "ocf": -19200000,
      "capex": -8000000,
      "gross_margin": 0.25639551595286003,
      "op_margin": 0.05058924978442081,
      "fcf_margin": -0.07818338603046852,
      "incr_op_margin_yoy": 0.21516754850088182,
      "rev_growth_yoy": 0.19471153846153846,
      "rev_growth_yoy_accel": -0.11186053024645257,
      "fcf_margin_change": 0.008126988362215093
    },
    {
      "date": "2023-06-30T00:00:00",
      "quarter_label": "2023-06 (Q2)",
      "revenue": 350000000,
      "gross_profit": 82900000,
      "operating_income": 17300000,
      "net_income": 13100000,
      "opex": 65600000,
      "cogs": 267100000,
      "rd": null,
      "sga": 64500000,
      "fcf": 7600000,
      "ocf": 16700000,
      "capex": -9100000,
      "gross_margin": 0.23685714285714285,
      "op_margin": 0.049428571428571426,
      "fcf_margin": 0.021714285714285714,
      "incr_op_margin_yoy": 0.6698113207547169,
      "rev_growth_yoy": 0.09993714644877436,
      "rev_growth_yoy_accel": -0.09477439201276411,
      "fcf_margin_change": 0.09989767174475424
    },
    {
      "date": "2023-09-30T00:00:00",
      "quarter_label": "2023-09 (Q3)",
      "revenue": 303100000,
      "gross_profit": 69600000,
      "operating_income": -5200000,
      "net_income": -6600000,
      "opex": 74800000,
      "cogs": 233500000,
      "rd": null,
      "sga": 74300000,
      "fcf": -24200000,
      "ocf": -16300000,
      "capex": -7900000,
      "gross_margin": 0.22962718574727814,
      "op_margin": -0.017156054107555264,
      "fcf_margin": -0.07984163642362256,
      "incr_op_margin_yoy": 0.5785123966942148,
      "rev_growth_yoy": -0.038388324873096444,
      "rev_growth_yoy_accel": -0.13832547132187079,
      "fcf_margin_change": -0.10155592213790827
    },
    {
      "date": "2023-12-31T00:00:00",
      "quarter_label": "2023-12 (Q4)",
      "revenue": 337200000,
      "gross_profit": 89100000,
      "operating_income": 18900000,
      "net_income": 14900000,
      "opex": 70200000,
      "cogs": 248100000,
      "rd": null,
      "sga": 69700000,
      "fcf": 37500000,
      "ocf": 46600000,
      "capex": -9100000,
      "gross_margin": 0.26423487544483987,
      "op_margin": 0.05604982206405694,
      "fcf_margin": 0.11120996441281139,
      "incr_op_margin_yoy": -1.1496062992125984,
      "rev_growth_yoy": -0.03629608459559874,
      "rev_growth_yoy_accel": 0.0020922402774977006,
      "op_leverage_ratio": Infinity,
      "fcf_margin_change": 0.19105160083643397
    },
    {
      "date": "2024-03-31T00:00:00",
      "quarter_label": "2024-03 (Q1)",
      "revenue": 309200000,
      "gross_profit": 76900000,
      "operating_income": 6300000,
      "net_income": 3400000,
      "opex": 70600000,
      "cogs": 232300000,
      "rd": null,
      "sga": 71400000,
      "fcf": -52800000,
      "ocf": -47000000,
      "capex": -5800000,
      "gross_margin": 0.24870633893919794,
      "op_margin": 0.0203751617076326,
      "fcf_margin": -0.17076326002587322,
      "incr_op_margin_yoy": 0.29198966408268734,
      "rev_growth_yoy": -0.11123886174187984,
      "rev_growth_yoy_accel": -0.0749427771462811,
      "fcf_margin_change": -0.2819732244386846
    },
    {
      "date": "2024-06-30T00:00:00",
      "quarter_label": "2024-06 (Q2)",
      "revenue": 345500000,
      "gross_profit": 81300000,
      "operating_income": -10700000,
      "net_income": -14000000,
      "opex": 92000000,
      "cogs": 264200000,
      "rd": null,
      "sga": 71100000,
      "fcf": 3300000,
      "ocf": 10900000,
      "capex": -7600000,
      "gross_margin": 0.23531114327062227,
      "op_margin": -0.03096960926193922,
      "fcf_margin": 0.009551374819102749,
      "incr_op_margin_yoy": 6.222222222222222,
      "rev_growth_yoy": -0.012857142857142857,
      "rev_growth_yoy_accel": 0.09838171888473699,
      "op_leverage_ratio": 0.3873094267993374,
      "fcf_margin_change": 0.18031463484497598
    },
    {
      "date": "2024-09-30T00:00:00",
      "quarter_label": "2024-09 (Q3)",
      "revenue": 291400000,
      "gross_profit": 66800000,
      "operating_income": -7200000,
      "net_income": -6200000,
      "opex": 74000000,
      "cogs": 224600000,
      "rd": null,
      "sga": 65600000,
      "fcf": 19900000,
      "ocf": 22500000,
      "capex": -2600000,
      "gross_margin": 0.22923816060398078,
      "op_margin": -0.024708304735758406,
      "fcf_margin": 0.06829100892244337,
      "incr_op_margin_yoy": 0.17094017094017094,
      "rev_growth_yoy": -0.03860112174199934,
      "rev_growth_yoy_accel": -0.02574397888485648,
      "fcf_margin_change": 0.05873963410334063
    },
    {
      "date": "2024-12-31T00:00:00",
      "quarter_label": "2024-12 (Q4)",
      "revenue": 359000000,
      "gross_profit": 102900000,
      "operating_income": 34800000,
      "net_income": 21100000,
      "opex": 68100000,
      "cogs": 256100000,
      "rd": null,
      "sga": 68000000,
      "fcf": 32100000,
      "ocf": 36600000,
      "capex": -4500000,
      "gross_margin": 0.28662952646239553,
      "op_margin": 0.09693593314763231,
      "fcf_margin": 0.0894150417827298,
      "incr_op_margin_yoy": 0.7293577981651376,
      "rev_growth_yoy": 0.06465005931198102,
      "rev_growth_yoy_accel": 0.10325118105398036,
      "op_leverage_ratio": Infinity,
      "fcf_margin_change": 0.021124032860286426
    },
    {
      "date": "2025-03-31T00:00:00",
      "quarter_label": "2025-03 (Q1)",
      "revenue": 329400000,
      "gross_profit": 92400000,
      "operating_income": 20500000,
      "net_income": 14300000,
      "opex": 71900000,
      "cogs": 237000000,
      "rd": null,
      "sga": 71900000,
      "fcf": 16600000,
      "ocf": 20500000,
      "capex": -3900000,
      "gross_margin": 0.28051001821493626,
      "op_margin": 0.06223436551305404,
      "fcf_margin": 0.050394656952034,
      "incr_op_margin_yoy": 0.7029702970297029,
      "rev_growth_yoy": 0.06532988357050452,
      "rev_growth_yoy_accel": 0.0006798242585235037,
      "fcf_margin_change": -0.039020384830695795
    },
    {
      "date": "2025-06-30T00:00:00",
      "quarter_label": "2025-06 (Q2)",
      "revenue": 330300000,
      "gross_profit": 88300000,
      "operating_income": 21400000,
      "net_income": 16700000,
      "opex": 66900000,
      "cogs": 242000000,
      "rd": null,
      "sga": 67000000,
      "fcf": 9000000,
      "ocf": 12900000,
      "capex": -3900000,
      "gross_margin": 0.26733272782319106,
      "op_margin": 0.06478958522555253,
      "fcf_margin": 0.027247956403269755,
      "incr_op_margin_yoy": -2.111842105263158,
      "rev_growth_yoy": -0.04399421128798842,
      "rev_growth_yoy_accel": -0.10932409485849295,
      "fcf_margin_change": -0.02314670054876425
    },
    {
      "date": "2025-09-30T00:00:00",
      "quarter_label": "2025-09 (Q3)",
      "revenue": 350100000,
      "gross_profit": 84200000,
      "operating_income": 1100000,
      "net_income": -4200000,
      "opex": 83100000,
      "cogs": 265900000,
      "rd": null,
      "sga": 83300000,
      "fcf": -12300000,
      "ocf": -8100000,
      "capex": -4200000,
      "gross_margin": 0.2405027135104256,
      "op_margin": 0.003141959440159954,
      "fcf_margin": -0.03513281919451585,
      "incr_op_margin_yoy": 0.141396933560477,
      "rev_growth_yoy": 0.20144131777625257,
      "rev_growth_yoy_accel": 0.245435529064241,
      "op_leverage_ratio": 0.24755272984155816,
      "fcf_margin_change": -0.062380775597785605
    }
  ],
  "signals": [
    {
      "quarter": "2025-09 (Q3)",
      "signal": "YoY REVENUE GROWTH ACCELERATION",
      "detail": "YoY growth: +20.1% vs prior quarter YoY: -4.4% (accel: +24.5%)",
      "severity": "HIGH"
    },
    {
      "quarter": "2025-09 (Q3)",
      "signal": "OP MARGIN TURNED POSITIVE (YoY)",
      "detail": "Op margin: -2.5% (year-ago) -> +0.3%",
      "severity": "HIGH"
    },
    {
      "quarter": "2025-06 (Q2)",
      "signal": "YoY REVENUE GROWTH DECELERATION",
      "detail": "YoY growth: -4.4% vs prior quarter YoY: +6.5% (decel: -10.9%)",
      "severity": "WARNING"
    },
    {
      "quarter": "2025-06 (Q2)",
      "signal": "OP MARGIN TURNED POSITIVE (YoY)",
      "detail": "Op margin: -3.1% (year-ago) -> +6.5%",
      "severity": "HIGH"
    },
    {
      "quarter": "2025-03 (Q1)",
      "signal": "INCREMENTAL MARGIN (YoY)",
      "detail": "YoY Incr OPM: +70.3% vs year-ago OPM: +2.0%",
      "severity": "HIGH"
    },
    {
      "quarter": "2024-12 (Q4)",
      "signal": "GROSS MARGIN INFLECTION",
      "detail": "GM: +23.5% -> +22.9% -> +28.7% (reversal +5.7%)",
      "severity": "HIGH"
    },
    {
      "quarter": "2024-12 (Q4)",
      "signal": "YoY REVENUE GROWTH ACCELERATION",
      "detail": "YoY growth: +6.5% vs prior quarter YoY: -3.9% (accel: +10.3%)",
      "severity": "MEDIUM"
    },
    {
      "quarter": "2024-12 (Q4)",
      "signal": "INCREMENTAL MARGIN (YoY)",
      "detail": "YoY Incr OPM: +72.9% vs year-ago OPM: +5.6%",
      "severity": "HIGH"
    },
    {
      "quarter": "2024-12 (Q4)",
      "signal": "OP MARGIN TURNED POSITIVE (QoQ)",
      "detail": "Op margin: -2.5% -> +9.7%",
      "severity": "HIGH"
    },
    {
      "quarter": "2024-09 (Q3)",
      "signal": "FCF MARGIN EXPANSION",
      "detail": "FCF margin: +1.0% -> +6.8% (+5.9%)",
      "severity": "MEDIUM"
    },
    {
      "quarter": "2024-06 (Q2)",
      "signal": "FCF TURNED POSITIVE",
      "detail": "FCF margin: -17.1% -> +1.0%",
      "severity": "HIGH"
    },
    {
      "quarter": "2024-06 (Q2)",
      "signal": "YoY REVENUE GROWTH ACCELERATION",
      "detail": "YoY growth: -1.3% vs prior quarter YoY: -11.1% (accel: +9.8%)",
      "severity": "MEDIUM"
    },
    {
      "quarter": "2024-03 (Q1)",
      "signal": "YoY REVENUE GROWTH DECELERATION",
      "detail": "YoY growth: -11.1% vs prior quarter YoY: -3.6% (decel: -7.5%)",
      "severity": "WARNING"
    },
    {
      "quarter": "2024-03 (Q1)",
      "signal": "INCREMENTAL MARGIN (YoY)",
      "detail": "YoY Incr OPM: +29.2% vs year-ago OPM: +5.1%",
      "severity": "HIGH"
    },
    {
      "quarter": "2023-12 (Q4)",
      "signal": "FCF TURNED POSITIVE",
      "detail": "FCF margin: -8.0% -> +11.1%",
      "severity": "HIGH"
    },
    {
      "quarter": "2023-12 (Q4)",
      "signal": "GROSS MARGIN INFLECTION",
      "detail": "GM: +23.7% -> +23.0% -> +26.4% (reversal +3.5%)",
      "severity": "MEDIUM"
    },
    {
      "quarter": "2023-12 (Q4)",
      "signal": "OP MARGIN TURNED POSITIVE (QoQ)",
      "detail": "Op margin: -1.7% -> +5.6%",
      "severity": "HIGH"
    },
    {
      "quarter": "2023-09 (Q3)",
      "signal": "YoY REVENUE GROWTH DECELERATION",
      "detail": "YoY growth: -3.8% vs prior quarter YoY: +10.0% (decel: -13.8%)",
      "severity": "WARNING"
    },
    {
      "quarter": "2023-06 (Q2)",
      "signal": "FCF TURNED POSITIVE",
      "detail": "FCF margin: -7.8% -> +2.2%",
      "severity": "HIGH"
    },
    {
      "quarter": "2023-06 (Q2)",
      "signal": "YoY REVENUE GROWTH DECELERATION",
      "detail": "YoY growth: +10.0% vs prior quarter YoY: +19.5% (decel: -9.5%)",
      "severity": "WARNING"
    },
    {
      "quarter": "2023-06 (Q2)",
      "signal": "OP MARGIN TURNED POSITIVE (YoY)",
      "detail": "Op margin: -1.3% (year-ago) -> +4.9%",
      "severity": "HIGH"
    },
    {
      "quarter": "2023-03 (Q1)",
      "signal": "GROSS MARGIN INFLECTION",
      "detail": "GM: +20.7% -> +20.6% -> +25.6% (reversal +5.1%)",
      "severity": "HIGH"
    },
    {
      "quarter": "2023-03 (Q1)",
      "signal": "YoY REVENUE GROWTH DECELERATION",
      "detail": "YoY growth: +19.5% vs prior quarter YoY: +30.7% (decel: -11.2%)",
      "severity": "WARNING"
    },
    {
      "quarter": "2023-03 (Q1)",
      "signal": "INCREMENTAL MARGIN (YoY)",
      "detail": "YoY Incr OPM: +21.5% vs year-ago OPM: +1.9%",
      "severity": "MEDIUM"
    },
    {
      "quarter": "2022-12 (Q4)",
      "signal": "OPERATING LEVERAGE",
      "detail": "Rev growth +11.0% vs OpEx growth +6.4% (leverage: 1.7x)",
      "severity": "MEDIUM"
    },
    {
      "quarter": "2022-12 (Q4)",
      "signal": "YoY REVENUE GROWTH ACCELERATION",
      "detail": "YoY growth: +30.7% vs prior quarter YoY: +18.1% (accel: +12.6%)",
      "severity": "MEDIUM"
    },
    {
      "quarter": "2022-12 (Q4)",
      "signal": "OP MARGIN TURNED POSITIVE (YoY)",
      "detail": "Op margin: -2.1% (year-ago) -> +1.2%",
      "severity": "HIGH"
    },
    {
      "quarter": "2022-09 (Q3)",
      "signal": "OP MARGIN TURNED POSITIVE (QoQ)",
      "detail": "Op margin: -1.3% -> +0.6%",
      "severity": "HIGH"
    },
    {
      "quarter": "2022-06 (Q2)",
      "signal": "YoY REVENUE GROWTH ACCELERATION",
      "detail": "YoY growth: +14.5% vs prior quarter YoY: +2.4% (accel: +12.1%)",
      "severity": "MEDIUM"
    },
    {
      "quarter": "2022-03 (Q1)",
      "signal": "OPERATING LEVERAGE",
      "detail": "Rev growth +8.7% vs OpEx growth +2.0% (leverage: 4.3x)",
      "severity": "MEDIUM"
    },
    {
      "quarter": "2022-03 (Q1)",
      "signal": "GROSS MARGIN INFLECTION",
      "detail": "GM: +23.3% -> +20.1% -> +22.7% (reversal +2.6%)",
      "severity": "MEDIUM"
    },
    {
      "quarter": "2022-03 (Q1)",
      "signal": "YoY REVENUE GROWTH DECELERATION",
      "detail": "YoY growth: +2.4% vs prior quarter YoY: +12.1% (decel: -9.7%)",
      "severity": "WARNING"
    },
    {
      "quarter": "2022-03 (Q1)",
      "signal": "OP MARGIN TURNED POSITIVE (QoQ)",
      "detail": "Op margin: -2.1% -> +1.9%",
      "severity": "HIGH"
    }
  ],
  "data_quality": {
    "n_quarters": 20,
    "coverage": {
      "revenue": [
        20,
        20
      ],
      "gross_profit": [
        20,
        20
      ],
      "op_income": [
        20,
        20
      ],
      "fcf": [
        20,
        20
      ]
    },
    "gaps": [],
    "warnings": []
  },
  "market_cap": null,
  "source": "SEC EDGAR",
  "last_updated": "2026-02-02T21:58:03.420564",
  "sector": "Industrials",
  "industry": "Farm & Heavy Construction Machinery"
}