{
  "ticker": "ASTH",
  "name": "ASTRANA HEALTH, INC.",
  "quarters": [
    {
      "date": "2020-12-31T00:00:00",
      "quarter_label": "2020-12 (Q4)",
      "revenue": 176783000,
      "gross_profit": 39678000,
      "operating_income": 25876000,
      "net_income": 10057000,
      "opex": 150907000,
      "cogs": 137105000,
      "rd": null,
      "sga": null,
      "fcf": -3212000,
      "ocf": -2601000,
      "capex": -611000,
      "gross_margin": 0.22444465814020578,
      "op_margin": 0.14637154024991092,
      "fcf_margin": -0.018169167849849815
    },
    {
      "date": "2021-03-31T00:00:00",
      "quarter_label": "2021-03 (Q1)",
      "revenue": 176058000,
      "gross_profit": 35442000,
      "operating_income": 21781000,
      "net_income": 13151000,
      "opex": 154277000,
      "cogs": 140616000,
      "rd": null,
      "sga": null,
      "fcf": 9854000,
      "ocf": 9952000,
      "capex": -98000,
      "gross_margin": 0.20130865964625294,
      "op_margin": 0.12371491213122948,
      "fcf_margin": 0.05597019164139091,
      "fcf_margin_change": 0.07413935949124073
    },
    {
      "date": "2021-06-30T00:00:00",
      "quarter_label": "2021-06 (Q2)",
      "revenue": 175638000,
      "gross_profit": 39424000,
      "operating_income": 20988000,
      "net_income": 12658000,
      "opex": 154650000,
      "cogs": 136214000,
      "rd": null,
      "sga": null,
      "fcf": 14068000,
      "ocf": 21334000,
      "capex": -7266000,
      "gross_margin": 0.2244616768580831,
      "op_margin": 0.11949578109520718,
      "fcf_margin": 0.08009656224734966,
      "fcf_margin_change": 0.024126370605958757
    },
    {
      "date": "2021-09-30T00:00:00",
      "quarter_label": "2021-09 (Q3)",
      "revenue": 227117000,
      "gross_profit": 79644000,
      "operating_income": 53160000,
      "net_income": 34279000,
      "opex": 173957000,
      "cogs": 147473000,
      "rd": null,
      "sga": null,
      "fcf": 42183000,
      "ocf": 51239000,
      "capex": -9056000,
      "gross_margin": 0.35067388174377084,
      "op_margin": 0.23406438091380213,
      "fcf_margin": 0.1857324638842535,
      "op_leverage_ratio": 2.3477224159631134,
      "fcf_margin_change": 0.10563590163690383
    },
    {
      "date": "2021-12-31T00:00:00",
      "quarter_label": "2021-12 (Q4)",
      "revenue": 195100000,
      "gross_profit": 23261000,
      "operating_income": 2248000,
      "net_income": 12279000,
      "opex": 192852000,
      "cogs": 171839000,
      "rd": null,
      "sga": null,
      "fcf": -14993000,
      "ocf": -12190000,
      "capex": -2803000,
      "gross_margin": 0.11922603792926705,
      "op_margin": 0.011522296258329063,
      "fcf_margin": -0.0768477703741671,
      "incr_op_margin_yoy": -1.289949227493585,
      "rev_growth_yoy": 0.1036129039556971,
      "fcf_margin_change": -0.2625802342584206
    },
    {
      "date": "2022-03-31T00:00:00",
      "quarter_label": "2022-03 (Q1)",
      "revenue": 263258000,
      "gross_profit": 42528000,
      "operating_income": 26211000,
      "net_income": 14264000,
      "opex": 237047000,
      "cogs": 220730000,
      "rd": null,
      "sga": null,
      "fcf": 6549000,
      "ocf": 24038000,
      "capex": -17489000,
      "gross_margin": 0.16154494830166605,
      "op_margin": 0.09956392588259426,
      "fcf_margin": 0.024876736889287314,
      "incr_op_margin_yoy": 0.05080275229357798,
      "rev_growth_yoy": 0.4952913244498972,
      "rev_growth_yoy_accel": 0.3916784204942001,
      "op_leverage_ratio": 1.5244408492278494,
      "fcf_margin_change": 0.10172450726345442
    },
    {
      "date": "2022-06-30T00:00:00",
      "quarter_label": "2022-06 (Q2)",
      "revenue": 269697000,
      "gross_profit": 39627000,
      "operating_income": 15382000,
      "net_income": 11399000,
      "opex": 254315000,
      "cogs": 230070000,
      "rd": null,
      "sga": null,
      "fcf": 7665000,
      "ocf": 9021000,
      "capex": -1356000,
      "gross_margin": 0.1469315565245442,
      "op_margin": 0.0570343756141151,
      "fcf_margin": 0.028420783323507493,
      "incr_op_margin_yoy": -0.05960088880383589,
      "rev_growth_yoy": 0.5355276193078946,
      "rev_growth_yoy_accel": 0.0402362948579974,
      "op_leverage_ratio": 0.335760243296385,
      "fcf_margin_change": 0.0035440464342201793
    },
    {
      "date": "2022-09-30T00:00:00",
      "quarter_label": "2022-09 (Q3)",
      "revenue": 317001000,
      "gross_profit": 76233000,
      "operating_income": 50091000,
      "net_income": 25986000,
      "opex": 266910000,
      "cogs": 240768000,
      "rd": null,
      "sga": null,
      "fcf": -39079000,
      "ocf": -35870000,
      "capex": -3209000,
      "gross_margin": 0.2404818912243179,
      "op_margin": 0.1580152743997653,
      "fcf_margin": -0.12327721363655005,
      "incr_op_margin_yoy": -0.03414400783231721,
      "rev_growth_yoy": 0.39576077528322406,
      "rev_growth_yoy_accel": -0.13976684402467054,
      "op_leverage_ratio": 3.5415677567248824,
      "fcf_margin_change": -0.15169799696005754
    },
    {
      "date": "2022-12-31T00:00:00",
      "quarter_label": "2022-12 (Q4)",
      "revenue": 294208000,
      "gross_profit": 41089000,
      "operating_income": 12580000,
      "net_income": -3728000,
      "opex": 281628000,
      "cogs": 253119000,
      "rd": null,
      "sga": null,
      "fcf": 84053000,
      "ocf": 84939000,
      "capex": -886000,
      "gross_margin": 0.13965969654122254,
      "op_margin": 0.04275886447683272,
      "fcf_margin": 0.2856924352838808,
      "incr_op_margin_yoy": 0.10424990918997458,
      "rev_growth_yoy": 0.5079856483854434,
      "rev_growth_yoy_accel": 0.11222487310221929,
      "fcf_margin_change": 0.4089696489204308
    },
    {
      "date": "2023-03-31T00:00:00",
      "quarter_label": "2023-03 (Q1)",
      "revenue": 337244000,
      "gross_profit": 47847000,
      "operating_income": 22373000,
      "net_income": 14622000,
      "opex": 314871000,
      "cogs": 289397000,
      "rd": null,
      "sga": null,
      "fcf": 1693000,
      "ocf": 7720000,
      "capex": -6027000,
      "gross_margin": 0.14187650484515663,
      "op_margin": 0.06634069101303507,
      "fcf_margin": 0.00502010413825005,
      "incr_op_margin_yoy": -0.05187467899332306,
      "rev_growth_yoy": 0.28103989242492156,
      "rev_growth_yoy_accel": -0.2269457559605218,
      "op_leverage_ratio": 1.2392332072428789,
      "fcf_margin_change": -0.2806723311456307
    },
    {
      "date": "2023-06-30T00:00:00",
      "quarter_label": "2023-06 (Q2)",
      "revenue": 348209000,
      "gross_profit": 55333000,
      "operating_income": 27029000,
      "net_income": 13170000,
      "opex": 321180000,
      "cogs": 292876000,
      "rd": null,
      "sga": null,
      "fcf": 14462000,
      "ocf": 25802000,
      "capex": -11340000,
      "gross_margin": 0.15890743777444005,
      "op_margin": 0.07762292186589088,
      "fcf_margin": 0.041532527878371896,
      "incr_op_margin_yoy": 0.14834674954147137,
      "rev_growth_yoy": 0.29111187740315986,
      "rev_growth_yoy_accel": 0.010071984978238302,
      "op_leverage_ratio": 1.6226936635032605,
      "fcf_margin_change": 0.03651242374012185
    },
    {
      "date": "2023-09-30T00:00:00",
      "quarter_label": "2023-09 (Q3)",
      "revenue": 348173000,
      "gross_profit": 72798000,
      "operating_income": 39083000,
      "net_income": 22059000,
      "opex": 309090000,
      "cogs": 275375000,
      "rd": null,
      "sga": null,
      "fcf": 11300000,
      "ocf": 15405000,
      "capex": -4105000,
      "gross_margin": 0.2090857131368601,
      "op_margin": 0.11225166799263585,
      "fcf_margin": 0.03245513006465177,
      "incr_op_margin_yoy": -0.3531374310278455,
      "rev_growth_yoy": 0.09833407465591591,
      "rev_growth_yoy_accel": -0.19277780274724393,
      "fcf_margin_change": -0.009077397813720127
    },
    {
      "date": "2023-12-31T00:00:00",
      "quarter_label": "2023-12 (Q4)",
      "revenue": 353036000,
      "gross_profit": 38981000,
      "operating_income": -3870000,
      "net_income": 12356000,
      "opex": 356906000,
      "cogs": 314055000,
      "rd": null,
      "sga": null,
      "fcf": 12243000,
      "ocf": 19300000,
      "capex": -7057000,
      "gross_margin": 0.11041650143328159,
      "op_margin": -0.010962054861260609,
      "fcf_margin": 0.0346791828595384,
      "incr_op_margin_yoy": -0.27962874821513567,
      "rev_growth_yoy": 0.1999537742005656,
      "rev_growth_yoy_accel": 0.10161969954464968,
      "op_leverage_ratio": 0.09028609960163568,
      "fcf_margin_change": 0.002224052794886633
    },
    {
      "date": "2024-03-31T00:00:00",
      "quarter_label": "2024-03 (Q1)",
      "revenue": 404356000,
      "gross_profit": 73957000,
      "operating_income": 30139000,
      "net_income": 14835000,
      "opex": 374217000,
      "cogs": 330399000,
      "rd": null,
      "sga": null,
      "fcf": 5608000,
      "ocf": 5977000,
      "capex": -369000,
      "gross_margin": 0.18290071125443916,
      "op_margin": 0.07453580508264994,
      "fcf_margin": 0.01386896694991542,
      "incr_op_margin_yoy": 0.11571701037072357,
      "rev_growth_yoy": 0.1990013165541863,
      "rev_growth_yoy_accel": -0.0009524576463793011,
      "op_leverage_ratio": 2.9970869768054933,
      "fcf_margin_change": -0.02081021590962298
    },
    {
      "date": "2024-06-30T00:00:00",
      "quarter_label": "2024-06 (Q2)",
      "revenue": 486265000,
      "gross_profit": 73460000,
      "operating_income": 30066000,
      "net_income": 19171000,
      "opex": 456199000,
      "cogs": 412805000,
      "rd": null,
      "sga": null,
      "fcf": 20352000,
      "ocf": 23188000,
      "capex": -2836000,
      "gross_margin": 0.15106988987486247,
      "op_margin": 0.06183048337840478,
      "fcf_margin": 0.0418537217360904,
      "incr_op_margin_yoy": 0.021998319522512605,
      "rev_growth_yoy": 0.3964745311005747,
      "rev_growth_yoy_accel": 0.1974732145463884,
      "op_leverage_ratio": 0.9246401251675396,
      "fcf_margin_change": 0.02798475478617498
    },
    {
      "date": "2024-09-30T00:00:00",
      "quarter_label": "2024-09 (Q3)",
      "revenue": 478710000,
      "gross_profit": 73492000,
      "operating_income": 28425000,
      "net_income": 16094000,
      "opex": 450285000,
      "cogs": 405218000,
      "rd": null,
      "sga": null,
      "fcf": 31686000,
      "ocf": 33981000,
      "capex": -2295000,
      "gross_margin": 0.15352092080800483,
      "op_margin": 0.05937832925988595,
      "fcf_margin": 0.06619038666415993,
      "incr_op_margin_yoy": -0.0816473490274788,
      "rev_growth_yoy": 0.37491993922561484,
      "rev_growth_yoy_accel": -0.02155459187495984,
      "fcf_margin_change": 0.024336664928069525
    },
    {
      "date": "2024-12-31T00:00:00",
      "quarter_label": "2024-12 (Q4)",
      "revenue": 665209000,
      "gross_profit": 50479000,
      "operating_income": 720000,
      "net_income": -6951000,
      "opex": 664489000,
      "cogs": 614730000,
      "rd": null,
      "sga": null,
      "fcf": -13479000,
      "ocf": -10948000,
      "capex": -2531000,
      "gross_margin": 0.07588442128714434,
      "op_margin": 0.0010823665945590033,
      "fcf_margin": -0.020262804622306674,
      "incr_op_margin_yoy": 0.01470338562271561,
      "rev_growth_yoy": 0.8842525974688134,
      "rev_growth_yoy_accel": 0.5093326582431985,
      "op_leverage_ratio": 0.8189623021575719,
      "fcf_margin_change": -0.0864531912864666
    },
    {
      "date": "2025-03-31T00:00:00",
      "quarter_label": "2025-03 (Q1)",
      "revenue": 620390000,
      "gross_profit": 71329000,
      "operating_income": 20583000,
      "net_income": 6692000,
      "opex": 599807000,
      "cogs": 549061000,
      "rd": null,
      "sga": null,
      "fcf": 13557000,
      "ocf": 16627000,
      "capex": -3070000,
      "gross_margin": 0.11497445155466722,
      "op_margin": 0.03317751736810716,
      "fcf_margin": 0.021852383178323314,
      "incr_op_margin_yoy": -0.04423377801642334,
      "rev_growth_yoy": 0.5342668341758252,
      "rev_growth_yoy_accel": -0.34998576329298814,
      "fcf_margin_change": 0.04211518780062999
    },
    {
      "date": "2025-06-30T00:00:00",
      "quarter_label": "2025-06 (Q2)",
      "revenue": 654808000,
      "gross_profit": 77969000,
      "operating_income": 20340000,
      "net_income": 9423000,
      "opex": 634468000,
      "cogs": 576839000,
      "rd": null,
      "sga": null,
      "fcf": 89480000,
      "ocf": 90900000,
      "capex": -1420000,
      "gross_margin": 0.1190715446359849,
      "op_margin": 0.031062540469878195,
      "fcf_margin": 0.13665074342402658,
      "incr_op_margin_yoy": -0.05770634200174436,
      "rev_growth_yoy": 0.3466073026024904,
      "rev_growth_yoy_accel": -0.18765953157333481,
      "op_leverage_ratio": 0.9600443209147022,
      "fcf_margin_change": 0.11479836024570327
    },
    {
      "date": "2025-09-30T00:00:00",
      "quarter_label": "2025-09 (Q3)",
      "revenue": 956048000,
      "gross_profit": 97192000,
      "operating_income": 19210000,
      "net_income": 373000,
      "opex": 936838000,
      "cogs": 858856000,
      "rd": null,
      "sga": null,
      "fcf": 7404000,
      "ocf": 9956000,
      "capex": -2552000,
      "gross_margin": 0.10166016769032517,
      "op_margin": 0.020093133399159874,
      "fcf_margin": 0.007744381035261828,
      "incr_op_margin_yoy": -0.0193049788619385,
      "rev_growth_yoy": 0.9971339641954419,
      "rev_growth_yoy_accel": 0.6505266615929515,
      "op_leverage_ratio": 0.9653164014579948,
      "fcf_margin_change": -0.12890636238876477
    }
  ],
  "signals": [
    {
      "quarter": "2025-09 (Q3)",
      "signal": "YoY REVENUE GROWTH ACCELERATION",
      "detail": "YoY growth: +99.7% vs prior quarter YoY: +34.7% (accel: +65.1%)",
      "severity": "HIGH"
    },
    {
      "quarter": "2025-06 (Q2)",
      "signal": "FCF MARGIN EXPANSION",
      "detail": "FCF margin: +2.2% -> +13.7% (+11.5%)",
      "severity": "MEDIUM"
    },
    {
      "quarter": "2025-06 (Q2)",
      "signal": "YoY REVENUE GROWTH DECELERATION",
      "detail": "YoY growth: +34.7% vs prior quarter YoY: +53.4% (decel: -18.8%)",
      "severity": "WARNING"
    },
    {
      "quarter": "2025-03 (Q1)",
      "signal": "FCF TURNED POSITIVE",
      "detail": "FCF margin: -2.0% -> +2.2%",
      "severity": "HIGH"
    },
    {
      "quarter": "2025-03 (Q1)",
      "signal": "GROSS MARGIN INFLECTION",
      "detail": "GM: +15.4% -> +7.6% -> +11.5% (reversal +3.9%)",
      "severity": "MEDIUM"
    },
    {
      "quarter": "2025-03 (Q1)",
      "signal": "YoY REVENUE GROWTH DECELERATION",
      "detail": "YoY growth: +53.4% vs prior quarter YoY: +88.4% (decel: -35.0%)",
      "severity": "WARNING"
    },
    {
      "quarter": "2024-12 (Q4)",
      "signal": "YoY REVENUE GROWTH ACCELERATION",
      "detail": "YoY growth: +88.4% vs prior quarter YoY: +37.5% (accel: +50.9%)",
      "severity": "HIGH"
    },
    {
      "quarter": "2024-12 (Q4)",
      "signal": "OP MARGIN TURNED POSITIVE (YoY)",
      "detail": "Op margin: -1.1% (year-ago) -> +0.1%",
      "severity": "HIGH"
    },
    {
      "quarter": "2024-06 (Q2)",
      "signal": "YoY REVENUE GROWTH ACCELERATION",
      "detail": "YoY growth: +39.6% vs prior quarter YoY: +19.9% (accel: +19.7%)",
      "severity": "HIGH"
    },
    {
      "quarter": "2024-03 (Q1)",
      "signal": "OPERATING LEVERAGE",
      "detail": "Rev growth +14.5% vs OpEx growth +4.9% (leverage: 3.0x)",
      "severity": "MEDIUM"
    },
    {
      "quarter": "2024-03 (Q1)",
      "signal": "GROSS MARGIN INFLECTION",
      "detail": "GM: +20.9% -> +11.0% -> +18.3% (reversal +7.2%)",
      "severity": "HIGH"
    },
    {
      "quarter": "2024-03 (Q1)",
      "signal": "OP MARGIN TURNED POSITIVE (QoQ)",
      "detail": "Op margin: -1.1% -> +7.5%",
      "severity": "HIGH"
    },
    {
      "quarter": "2023-12 (Q4)",
      "signal": "YoY REVENUE GROWTH ACCELERATION",
      "detail": "YoY growth: +20.0% vs prior quarter YoY: +9.8% (accel: +10.2%)",
      "severity": "MEDIUM"
    },
    {
      "quarter": "2023-09 (Q3)",
      "signal": "YoY REVENUE GROWTH DECELERATION",
      "detail": "YoY growth: +9.8% vs prior quarter YoY: +29.1% (decel: -19.3%)",
      "severity": "WARNING"
    },
    {
      "quarter": "2023-06 (Q2)",
      "signal": "OPERATING LEVERAGE",
      "detail": "Rev growth +3.3% vs OpEx growth +2.0% (leverage: 1.6x)",
      "severity": "MEDIUM"
    },
    {
      "quarter": "2023-03 (Q1)",
      "signal": "YoY REVENUE GROWTH DECELERATION",
      "detail": "YoY growth: +28.1% vs prior quarter YoY: +50.8% (decel: -22.7%)",
      "severity": "WARNING"
    },
    {
      "quarter": "2022-12 (Q4)",
      "signal": "FCF TURNED POSITIVE",
      "detail": "FCF margin: -12.3% -> +28.6%",
      "severity": "HIGH"
    },
    {
      "quarter": "2022-12 (Q4)",
      "signal": "YoY REVENUE GROWTH ACCELERATION",
      "detail": "YoY growth: +50.8% vs prior quarter YoY: +39.6% (accel: +11.2%)",
      "severity": "MEDIUM"
    },
    {
      "quarter": "2022-09 (Q3)",
      "signal": "OPERATING LEVERAGE",
      "detail": "Rev growth +17.5% vs OpEx growth +5.0% (leverage: 3.5x)",
      "severity": "MEDIUM"
    },
    {
      "quarter": "2022-09 (Q3)",
      "signal": "GROSS MARGIN INFLECTION",
      "detail": "GM: +16.2% -> +14.7% -> +24.0% (reversal +9.4%)",
      "severity": "HIGH"
    },
    {
      "quarter": "2022-09 (Q3)",
      "signal": "YoY REVENUE GROWTH DECELERATION",
      "detail": "YoY growth: +39.6% vs prior quarter YoY: +53.6% (decel: -14.0%)",
      "severity": "WARNING"
    },
    {
      "quarter": "2022-03 (Q1)",
      "signal": "FCF TURNED POSITIVE",
      "detail": "FCF margin: -7.7% -> +2.5%",
      "severity": "HIGH"
    },
    {
      "quarter": "2022-03 (Q1)",
      "signal": "OPERATING LEVERAGE",
      "detail": "Rev growth +34.9% vs OpEx growth +22.9% (leverage: 1.5x)",
      "severity": "MEDIUM"
    },
    {
      "quarter": "2022-03 (Q1)",
      "signal": "GROSS MARGIN INFLECTION",
      "detail": "GM: +35.1% -> +11.9% -> +16.2% (reversal +4.2%)",
      "severity": "MEDIUM"
    },
    {
      "quarter": "2022-03 (Q1)",
      "signal": "YoY REVENUE GROWTH ACCELERATION",
      "detail": "YoY growth: +49.5% vs prior quarter YoY: +10.4% (accel: +39.2%)",
      "severity": "HIGH"
    },
    {
      "quarter": "2021-09 (Q3)",
      "signal": "FCF MARGIN EXPANSION",
      "detail": "FCF margin: +8.0% -> +18.6% (+10.6%)",
      "severity": "MEDIUM"
    },
    {
      "quarter": "2021-09 (Q3)",
      "signal": "OPERATING LEVERAGE",
      "detail": "Rev growth +29.3% vs OpEx growth +12.5% (leverage: 2.3x)",
      "severity": "MEDIUM"
    },
    {
      "quarter": "2021-06 (Q2)",
      "signal": "GROSS MARGIN INFLECTION",
      "detail": "GM: +22.4% -> +20.1% -> +22.4% (reversal +2.3%)",
      "severity": "MEDIUM"
    },
    {
      "quarter": "2021-03 (Q1)",
      "signal": "FCF TURNED POSITIVE",
      "detail": "FCF margin: -1.8% -> +5.6%",
      "severity": "HIGH"
    }
  ],
  "data_quality": {
    "n_quarters": 20,
    "coverage": {
      "revenue": [
        20,
        20
      ],
      "gross_profit": [
        20,
        20
      ],
      "op_income": [
        20,
        20
      ],
      "fcf": [
        20,
        20
      ]
    },
    "gaps": [],
    "warnings": []
  },
  "market_cap": null,
  "source": "SEC EDGAR",
  "last_updated": "2026-02-02T21:59:13.184633",
  "sector": "Healthcare",
  "industry": "Medical Care Facilities"
}