{
  "ticker": "ASTS",
  "name": "AST SpaceMobile, Inc.",
  "quarters": [
    {
      "date": "2020-12-31T00:00:00",
      "quarter_label": "2020-12 (Q4)",
      "revenue": 2702000,
      "gross_profit": 2311000,
      "operating_income": -632682,
      "net_income": -549049,
      "opex": -15416307,
      "cogs": 391000,
      "rd": 951000,
      "sga": null,
      "fcf": -14159000,
      "ocf": -9746000,
      "capex": -4413000,
      "gross_margin": 0.8552923760177646,
      "op_margin": -0.23415321983715767,
      "fcf_margin": -5.24019245003701
    },
    {
      "date": "2021-03-31T00:00:00",
      "quarter_label": "2021-03 (Q1)",
      "revenue": 951000,
      "gross_profit": 55000,
      "operating_income": -1434836,
      "net_income": 597052,
      "opex": 1434836,
      "cogs": 896000,
      "rd": 304000,
      "sga": null,
      "fcf": -11255000,
      "ocf": -8527000,
      "capex": -2728000,
      "gross_margin": 0.05783385909568875,
      "op_margin": -1.5087655099894848,
      "fcf_margin": -11.83491062039958,
      "fcf_margin_change": -6.59471817036257
    },
    {
      "date": "2021-06-30T00:00:00",
      "quarter_label": "2021-06 (Q2)",
      "revenue": 2773000,
      "gross_profit": 1661000,
      "operating_income": null,
      "net_income": null,
      "opex": 25097000,
      "cogs": 1112000,
      "rd": 9052000,
      "sga": null,
      "fcf": -34115000,
      "ocf": -29845000,
      "capex": -4270000,
      "gross_margin": 0.5989902632527948,
      "op_margin": null,
      "fcf_margin": -12.302560403894699,
      "op_leverage_ratio": 0.11617579690517067,
      "fcf_margin_change": -0.4676497834951192
    },
    {
      "date": "2021-09-30T00:00:00",
      "quarter_label": "2021-09 (Q3)",
      "revenue": 2450000,
      "gross_profit": 347000,
      "operating_income": null,
      "net_income": 4115000,
      "opex": 23112000,
      "cogs": 2103000,
      "rd": 4888000,
      "sga": null,
      "fcf": -24535000,
      "ocf": -20240000,
      "capex": -4295000,
      "gross_margin": 0.1416326530612245,
      "op_margin": null,
      "fcf_margin": -10.014285714285714,
      "fcf_margin_change": 2.2882746896089845
    },
    {
      "date": "2021-12-31T00:00:00",
      "quarter_label": "2021-12 (Q4)",
      "revenue": 6220000,
      "gross_profit": 2779000,
      "operating_income": null,
      "net_income": -3110000,
      "opex": 31260000,
      "cogs": 3441000,
      "rd": 7949000,
      "sga": null,
      "fcf": -25270000,
      "ocf": -21483000,
      "capex": -3787000,
      "gross_margin": 0.4467845659163987,
      "op_margin": null,
      "fcf_margin": -4.062700964630225,
      "rev_growth_yoy": 1.3019985196150998,
      "op_leverage_ratio": 4.364774127618647,
      "fcf_margin_change": 5.951584749655489
    },
    {
      "date": "2022-03-31T00:00:00",
      "quarter_label": "2022-03 (Q1)",
      "revenue": 2394000,
      "gross_profit": 408000,
      "operating_income": null,
      "net_income": -10721000,
      "opex": 32740000,
      "cogs": 1986000,
      "rd": 8281000,
      "sga": null,
      "fcf": -52168000,
      "ocf": -47508000,
      "capex": -4660000,
      "gross_margin": 0.17042606516290726,
      "op_margin": null,
      "fcf_margin": -21.791144527986635,
      "rev_growth_yoy": 1.5173501577287065,
      "rev_growth_yoy_accel": 0.2153516381136067,
      "fcf_margin_change": -17.72844356335641
    },
    {
      "date": "2022-06-30T00:00:00",
      "quarter_label": "2022-06 (Q2)",
      "revenue": 7264000,
      "gross_profit": 5062000,
      "operating_income": null,
      "net_income": -2924000,
      "opex": 35404000,
      "cogs": 2202000,
      "rd": 9145000,
      "sga": null,
      "fcf": -69937000,
      "ocf": -40997000,
      "capex": -28940000,
      "gross_margin": 0.6968612334801763,
      "op_margin": null,
      "fcf_margin": -9.627890969162996,
      "rev_growth_yoy": 1.6195456184637576,
      "rev_growth_yoy_accel": 0.10219546073505104,
      "op_leverage_ratio": 25.0005331145682,
      "fcf_margin_change": 12.163253558823639
    },
    {
      "date": "2022-09-30T00:00:00",
      "quarter_label": "2022-09 (Q3)",
      "revenue": 4168000,
      "gross_profit": 1643000,
      "operating_income": null,
      "net_income": -9766000,
      "opex": 42123000,
      "cogs": 2525000,
      "rd": 13543000,
      "sga": null,
      "fcf": -45169000,
      "ocf": -32919000,
      "capex": -12250000,
      "gross_margin": 0.39419385796545103,
      "op_margin": null,
      "fcf_margin": -10.837092130518235,
      "rev_growth_yoy": 0.7012244897959183,
      "rev_growth_yoy_accel": -0.9183211286678392,
      "fcf_margin_change": -1.2092011613552387
    },
    {
      "date": "2022-12-31T00:00:00",
      "quarter_label": "2022-12 (Q4)",
      "revenue": 0,
      "gross_profit": 0,
      "operating_income": null,
      "net_income": -8229000,
      "opex": 42607000,
      "cogs": 0,
      "rd": 14651000,
      "sga": null,
      "fcf": -46474000,
      "ocf": -35040000,
      "capex": -11434000,
      "gross_margin": null,
      "op_margin": null,
      "fcf_margin": null,
      "rev_growth_yoy": -1.0,
      "rev_growth_yoy_accel": -1.7012244897959183
    },
    {
      "date": "2023-03-31T00:00:00",
      "quarter_label": "2023-03 (Q1)",
      "revenue": 2394000,
      "gross_profit": 0,
      "operating_income": null,
      "net_income": -16318000,
      "opex": 44454000,
      "cogs": 0,
      "rd": 16381000,
      "sga": null,
      "fcf": -53121000,
      "ocf": -37733000,
      "capex": -15388000,
      "gross_margin": 0.0,
      "op_margin": null,
      "fcf_margin": -22.18922305764411,
      "rev_growth_yoy": 0.0,
      "rev_growth_yoy_accel": 1.0
    },
    {
      "date": "2023-06-30T00:00:00",
      "quarter_label": "2023-06 (Q2)",
      "revenue": 0,
      "gross_profit": 0,
      "operating_income": null,
      "net_income": -18408000,
      "opex": 58070000,
      "cogs": 0,
      "rd": 10921000,
      "sga": null,
      "fcf": -57840000,
      "ocf": -50256000,
      "capex": -7584000,
      "gross_margin": null,
      "op_margin": null,
      "fcf_margin": null,
      "rev_growth_yoy": -1.0,
      "rev_growth_yoy_accel": -1.0
    },
    {
      "date": "2023-09-30T00:00:00",
      "quarter_label": "2023-09 (Q3)",
      "revenue": 0,
      "gross_profit": 0,
      "operating_income": null,
      "net_income": -20909000,
      "opex": 58965000,
      "cogs": 0,
      "rd": 9418000,
      "sga": null,
      "fcf": -109542000,
      "ocf": -36052000,
      "capex": -73490000,
      "gross_margin": null,
      "op_margin": null,
      "fcf_margin": null,
      "rev_growth_yoy": -1.0,
      "rev_growth_yoy_accel": 0.0
    },
    {
      "date": "2023-12-31T00:00:00",
      "quarter_label": "2023-12 (Q4)",
      "revenue": 0,
      "gross_profit": 0,
      "operating_income": null,
      "net_income": -31926000,
      "opex": 60878000,
      "cogs": 0,
      "rd": 10765000,
      "sga": null,
      "fcf": -47246000,
      "ocf": -24901000,
      "capex": -22345000,
      "gross_margin": null,
      "op_margin": null,
      "fcf_margin": null
    },
    {
      "date": "2024-03-31T00:00:00",
      "quarter_label": "2024-03 (Q1)",
      "revenue": 500000,
      "gross_profit": null,
      "operating_income": null,
      "net_income": -19730000,
      "opex": 56000000,
      "cogs": null,
      "rd": 4257000,
      "sga": null,
      "fcf": -87690000,
      "ocf": -48122000,
      "capex": -39568000,
      "gross_margin": null,
      "op_margin": null,
      "fcf_margin": -175.38,
      "rev_growth_yoy": -0.7911445279866333
    },
    {
      "date": "2024-06-30T00:00:00",
      "quarter_label": "2024-06 (Q2)",
      "revenue": 900000,
      "gross_profit": null,
      "operating_income": null,
      "net_income": -72550000,
      "opex": 63893000,
      "cogs": null,
      "rd": 4460000,
      "sga": null,
      "fcf": -38354000,
      "ocf": -16152000,
      "capex": -22202000,
      "gross_margin": null,
      "op_margin": null,
      "fcf_margin": -42.61555555555555,
      "op_leverage_ratio": 5.675915368047637,
      "fcf_margin_change": 132.76444444444445
    },
    {
      "date": "2024-09-30T00:00:00",
      "quarter_label": "2024-09 (Q3)",
      "revenue": 1100000,
      "gross_profit": null,
      "operating_income": null,
      "net_income": -171946000,
      "opex": 66646000,
      "cogs": null,
      "rd": 14724000,
      "sga": null,
      "fcf": -63754000,
      "ocf": -33429000,
      "capex": -30325000,
      "gross_margin": null,
      "op_margin": null,
      "fcf_margin": -57.95818181818182,
      "op_leverage_ratio": 5.1574444040844325,
      "fcf_margin_change": -15.342626262626268
    },
    {
      "date": "2024-12-31T00:00:00",
      "quarter_label": "2024-12 (Q4)",
      "revenue": 1900000,
      "gross_profit": null,
      "operating_income": null,
      "net_income": -35857000,
      "opex": 60642000,
      "cogs": null,
      "rd": 5348000,
      "sga": null,
      "fcf": -110472000,
      "ocf": -28440000,
      "capex": -82032000,
      "gross_margin": null,
      "op_margin": null,
      "fcf_margin": -58.143157894736845,
      "op_leverage_ratio": Infinity,
      "fcf_margin_change": -0.18497607655502435
    },
    {
      "date": "2025-03-31T00:00:00",
      "quarter_label": "2025-03 (Q1)",
      "revenue": 718000,
      "gross_profit": null,
      "operating_income": null,
      "net_income": -45706000,
      "opex": 63681000,
      "cogs": null,
      "rd": 7135000,
      "sga": null,
      "fcf": -149002000,
      "ocf": -28546000,
      "capex": -120456000,
      "gross_margin": null,
      "op_margin": null,
      "fcf_margin": -207.52367688022284,
      "rev_growth_yoy": 0.436,
      "fcf_margin_change": -149.380518985486
    },
    {
      "date": "2025-06-30T00:00:00",
      "quarter_label": "2025-06 (Q2)",
      "revenue": 1156000,
      "gross_profit": null,
      "operating_income": null,
      "net_income": -99394000,
      "opex": 73953000,
      "cogs": null,
      "rd": 6393000,
      "sga": null,
      "fcf": -353644000,
      "ocf": -43478000,
      "capex": -310166000,
      "gross_margin": null,
      "op_margin": null,
      "fcf_margin": -305.9204152249135,
      "rev_growth_yoy": 0.28444444444444444,
      "rev_growth_yoy_accel": -0.15155555555555555,
      "op_leverage_ratio": 3.781852009736287,
      "fcf_margin_change": -98.39673834469065
    },
    {
      "date": "2025-09-30T00:00:00",
      "quarter_label": "2025-09 (Q3)",
      "revenue": 14739000,
      "gross_profit": null,
      "operating_income": null,
      "net_income": -122874000,
      "opex": 94415000,
      "cogs": null,
      "rd": 5530000,
      "sga": null,
      "fcf": -302885000,
      "ocf": -64462000,
      "capex": -238423000,
      "gross_margin": null,
      "op_margin": null,
      "fcf_margin": -20.549901621548273,
      "rev_growth_yoy": 12.399090909090908,
      "rev_growth_yoy_accel": 12.114646464646464,
      "op_leverage_ratio": 42.46641335157854,
      "fcf_margin_change": 285.3705136033652
    }
  ],
  "signals": [
    {
      "quarter": "2025-09 (Q3)",
      "signal": "FCF MARGIN EXPANSION",
      "detail": "FCF margin: -30592.0% -> -2055.0% (+28537.1%)",
      "severity": "MEDIUM"
    },
    {
      "quarter": "2025-09 (Q3)",
      "signal": "OPERATING LEVERAGE",
      "detail": "Rev growth +1175.0% vs OpEx growth +27.7% (leverage: 42.5x)",
      "severity": "MEDIUM"
    },
    {
      "quarter": "2025-09 (Q3)",
      "signal": "YoY REVENUE GROWTH ACCELERATION",
      "detail": "YoY growth: +1239.9% vs prior quarter YoY: +28.4% (accel: +1211.5%)",
      "severity": "HIGH"
    },
    {
      "quarter": "2025-06 (Q2)",
      "signal": "OPERATING LEVERAGE",
      "detail": "Rev growth +61.0% vs OpEx growth +16.1% (leverage: 3.8x)",
      "severity": "MEDIUM"
    },
    {
      "quarter": "2025-06 (Q2)",
      "signal": "YoY REVENUE GROWTH DECELERATION",
      "detail": "YoY growth: +28.4% vs prior quarter YoY: +43.6% (decel: -15.2%)",
      "severity": "WARNING"
    },
    {
      "quarter": "2024-09 (Q3)",
      "signal": "OPERATING LEVERAGE",
      "detail": "Rev growth +22.2% vs OpEx growth +4.3% (leverage: 5.2x)",
      "severity": "MEDIUM"
    },
    {
      "quarter": "2024-06 (Q2)",
      "signal": "FCF MARGIN EXPANSION",
      "detail": "FCF margin: -17538.0% -> -4261.6% (+13276.4%)",
      "severity": "MEDIUM"
    },
    {
      "quarter": "2024-06 (Q2)",
      "signal": "OPERATING LEVERAGE",
      "detail": "Rev growth +80.0% vs OpEx growth +14.1% (leverage: 5.7x)",
      "severity": "MEDIUM"
    },
    {
      "quarter": "2023-06 (Q2)",
      "signal": "YoY REVENUE GROWTH DECELERATION",
      "detail": "YoY growth: -100.0% vs prior quarter YoY: +0.0% (decel: -100.0%)",
      "severity": "WARNING"
    },
    {
      "quarter": "2023-03 (Q1)",
      "signal": "YoY REVENUE GROWTH ACCELERATION",
      "detail": "YoY growth: +0.0% vs prior quarter YoY: -100.0% (accel: +100.0%)",
      "severity": "HIGH"
    },
    {
      "quarter": "2022-12 (Q4)",
      "signal": "YoY REVENUE GROWTH DECELERATION",
      "detail": "YoY growth: -100.0% vs prior quarter YoY: +70.1% (decel: -170.1%)",
      "severity": "WARNING"
    },
    {
      "quarter": "2022-09 (Q3)",
      "signal": "YoY REVENUE GROWTH DECELERATION",
      "detail": "YoY growth: +70.1% vs prior quarter YoY: +162.0% (decel: -91.8%)",
      "severity": "WARNING"
    },
    {
      "quarter": "2022-06 (Q2)",
      "signal": "FCF MARGIN EXPANSION",
      "detail": "FCF margin: -2179.1% -> -962.8% (+1216.3%)",
      "severity": "MEDIUM"
    },
    {
      "quarter": "2022-06 (Q2)",
      "signal": "OPERATING LEVERAGE",
      "detail": "Rev growth +203.4% vs OpEx growth +8.1% (leverage: 25.0x)",
      "severity": "MEDIUM"
    },
    {
      "quarter": "2022-06 (Q2)",
      "signal": "GROSS MARGIN INFLECTION",
      "detail": "GM: +44.7% -> +17.0% -> +69.7% (reversal +52.6%)",
      "severity": "HIGH"
    },
    {
      "quarter": "2022-06 (Q2)",
      "signal": "YoY REVENUE GROWTH ACCELERATION",
      "detail": "YoY growth: +162.0% vs prior quarter YoY: +151.7% (accel: +10.2%)",
      "severity": "MEDIUM"
    },
    {
      "quarter": "2022-03 (Q1)",
      "signal": "YoY REVENUE GROWTH ACCELERATION",
      "detail": "YoY growth: +151.7% vs prior quarter YoY: +130.2% (accel: +21.5%)",
      "severity": "HIGH"
    },
    {
      "quarter": "2021-12 (Q4)",
      "signal": "FCF MARGIN EXPANSION",
      "detail": "FCF margin: -1001.4% -> -406.3% (+595.2%)",
      "severity": "MEDIUM"
    },
    {
      "quarter": "2021-12 (Q4)",
      "signal": "OPERATING LEVERAGE",
      "detail": "Rev growth +153.9% vs OpEx growth +35.3% (leverage: 4.4x)",
      "severity": "MEDIUM"
    },
    {
      "quarter": "2021-12 (Q4)",
      "signal": "GROSS MARGIN INFLECTION",
      "detail": "GM: +59.9% -> +14.2% -> +44.7% (reversal +30.5%)",
      "severity": "HIGH"
    },
    {
      "quarter": "2021-09 (Q3)",
      "signal": "FCF MARGIN EXPANSION",
      "detail": "FCF margin: -1230.3% -> -1001.4% (+228.8%)",
      "severity": "MEDIUM"
    },
    {
      "quarter": "2021-06 (Q2)",
      "signal": "GROSS MARGIN INFLECTION",
      "detail": "GM: +85.5% -> +5.8% -> +59.9% (reversal +54.1%)",
      "severity": "HIGH"
    }
  ],
  "data_quality": {
    "n_quarters": 20,
    "coverage": {
      "revenue": [
        20,
        20
      ],
      "gross_profit": [
        13,
        20
      ],
      "op_income": [
        2,
        20
      ],
      "fcf": [
        20,
        20
      ]
    },
    "gaps": [],
    "warnings": [
      "gross_profit: 13/20Q",
      "op_income: 2/20Q"
    ]
  },
  "market_cap": null,
  "source": "SEC EDGAR",
  "last_updated": "2026-02-02T20:02:57.171820"
}