{
  "ticker": "ASUR",
  "name": "ASURE SOFTWARE, INC.",
  "quarters": [
    {
      "date": "2020-09-30T00:00:00",
      "quarter_label": "2020-09 (Q3)",
      "revenue": 16015000,
      "gross_profit": null,
      "operating_income": null,
      "net_income": null,
      "opex": null,
      "cogs": null,
      "rd": null,
      "sga": null,
      "fcf": null,
      "ocf": null,
      "capex": null,
      "gross_margin": null,
      "op_margin": null,
      "fcf_margin": null
    },
    {
      "date": "2020-12-31T00:00:00",
      "quarter_label": "2020-12 (Q4)",
      "revenue": 16431000,
      "gross_profit": 9824000,
      "operating_income": -3047000,
      "net_income": -5836000,
      "opex": 12871000,
      "cogs": 6607000,
      "rd": 1603000,
      "sga": null,
      "fcf": -59000,
      "ocf": -61000,
      "capex": 2000,
      "gross_margin": 0.5978942243320553,
      "op_margin": -0.18544215202969996,
      "fcf_margin": -0.0035907735378248435
    },
    {
      "date": "2021-03-31T00:00:00",
      "quarter_label": "2021-03 (Q1)",
      "revenue": 19802000,
      "gross_profit": 12492000,
      "operating_income": -1269000,
      "net_income": -1598000,
      "opex": 13761000,
      "cogs": 7310000,
      "rd": 1124000,
      "sga": null,
      "fcf": -1409000,
      "ocf": -1361000,
      "capex": -48000,
      "gross_margin": 0.6308453691546309,
      "op_margin": -0.06408443591556408,
      "fcf_margin": -0.07115442884557116,
      "op_leverage_ratio": 2.9669965446241315,
      "fcf_margin_change": -0.06756365530774631
    },
    {
      "date": "2021-06-30T00:00:00",
      "quarter_label": "2021-06 (Q2)",
      "revenue": 17168000,
      "gross_profit": 9945000,
      "operating_income": -4369000,
      "net_income": 3764000,
      "opex": 14314000,
      "cogs": 7223000,
      "rd": 1343000,
      "sga": null,
      "fcf": -575000,
      "ocf": -537000,
      "capex": -38000,
      "gross_margin": 0.579275396085741,
      "op_margin": -0.2544850885368127,
      "fcf_margin": -0.03349254426840634,
      "fcf_margin_change": 0.03766188457716482
    },
    {
      "date": "2021-09-30T00:00:00",
      "quarter_label": "2021-09 (Q3)",
      "revenue": 17981000,
      "gross_profit": 10868000,
      "operating_income": -4073000,
      "net_income": 5328000,
      "opex": 14941000,
      "cogs": 7113000,
      "rd": 1505000,
      "sga": null,
      "fcf": 740000,
      "ocf": 754000,
      "capex": -14000,
      "gross_margin": 0.6044157722039931,
      "op_margin": -0.22651687892775707,
      "fcf_margin": 0.04115455202713976,
      "rev_growth_yoy": 0.12275991258195441,
      "op_leverage_ratio": 1.0810961307785263,
      "fcf_margin_change": 0.0746470962955461
    },
    {
      "date": "2021-12-31T00:00:00",
      "quarter_label": "2021-12 (Q4)",
      "revenue": 21113000,
      "gross_profit": 13259000,
      "operating_income": -3101000,
      "net_income": -4301000,
      "opex": 16360000,
      "cogs": 7854000,
      "rd": 1438000,
      "sga": null,
      "fcf": 2489000,
      "ocf": 2522000,
      "capex": -33000,
      "gross_margin": 0.6280017051105954,
      "op_margin": -0.14687633211765264,
      "fcf_margin": 0.11788945199640032,
      "incr_op_margin_yoy": -0.011533532678342588,
      "rev_growth_yoy": 0.2849491814253545,
      "rev_growth_yoy_accel": 0.16218926884340013,
      "op_leverage_ratio": 1.8340247098975626,
      "fcf_margin_change": 0.07673489996926056
    },
    {
      "date": "2022-03-31T00:00:00",
      "quarter_label": "2022-03 (Q1)",
      "revenue": 24333000,
      "gross_profit": 15464000,
      "operating_income": -2171000,
      "net_income": -3017000,
      "opex": 17635000,
      "cogs": 8869000,
      "rd": 1821000,
      "sga": null,
      "fcf": 2475000,
      "ocf": 2530000,
      "capex": -55000,
      "gross_margin": 0.6355155550076028,
      "op_margin": -0.08922040027945588,
      "fcf_margin": 0.10171372210578226,
      "incr_op_margin_yoy": -0.19907305230633415,
      "rev_growth_yoy": 0.2288152711847288,
      "rev_growth_yoy_accel": -0.05613391024062572,
      "op_leverage_ratio": 1.956946886176438,
      "fcf_margin_change": -0.01617572989061805
    },
    {
      "date": "2022-06-30T00:00:00",
      "quarter_label": "2022-06 (Q2)",
      "revenue": 20300000,
      "gross_profit": 12261000,
      "operating_income": -5848000,
      "net_income": -5860000,
      "opex": 18109000,
      "cogs": 8039000,
      "rd": 1472000,
      "sga": null,
      "fcf": 4700000,
      "ocf": 4951000,
      "capex": -251000,
      "gross_margin": 0.6039901477832512,
      "op_margin": -0.28807881773399013,
      "fcf_margin": 0.2315270935960591,
      "incr_op_margin_yoy": -0.4722222222222222,
      "rev_growth_yoy": 0.18243243243243243,
      "rev_growth_yoy_accel": -0.046382838752296374,
      "fcf_margin_change": 0.12981337149027683
    },
    {
      "date": "2022-09-30T00:00:00",
      "quarter_label": "2022-09 (Q3)",
      "revenue": 21903000,
      "gross_profit": 13647000,
      "operating_income": -3708000,
      "net_income": -4533000,
      "opex": 17355000,
      "cogs": 8256000,
      "rd": 1230000,
      "sga": null,
      "fcf": -2406000,
      "ocf": -524000,
      "capex": -1882000,
      "gross_margin": 0.6230653335159567,
      "op_margin": -0.16929187782495547,
      "fcf_margin": -0.10984796603205041,
      "incr_op_margin_yoy": 0.09306476287608363,
      "rev_growth_yoy": 0.2181191257438407,
      "rev_growth_yoy_accel": 0.03568669331140828,
      "op_leverage_ratio": Infinity,
      "fcf_margin_change": -0.34137505962810955
    },
    {
      "date": "2022-12-31T00:00:00",
      "quarter_label": "2022-12 (Q4)",
      "revenue": 29292000,
      "gross_profit": 21138000,
      "operating_income": 420000,
      "net_income": -1056000,
      "opex": 20718000,
      "cogs": 8154000,
      "rd": 1624000,
      "sga": null,
      "fcf": 6587000,
      "ocf": 6717000,
      "capex": -130000,
      "gross_margin": 0.7216304793117575,
      "op_margin": 0.014338385907414994,
      "fcf_margin": 0.22487368564795848,
      "incr_op_margin_yoy": 0.43049272527203813,
      "rev_growth_yoy": 0.38739165443091933,
      "rev_growth_yoy_accel": 0.16927252868707862,
      "op_leverage_ratio": 1.740924006719596,
      "fcf_margin_change": 0.3347216516800089
    },
    {
      "date": "2023-03-31T00:00:00",
      "quarter_label": "2023-03 (Q1)",
      "revenue": 33064000,
      "gross_profit": 24400000,
      "operating_income": 1963000,
      "net_income": 339000,
      "opex": 22437000,
      "cogs": 8664000,
      "rd": 1979000,
      "sga": null,
      "fcf": 3862000,
      "ocf": 4588000,
      "capex": -726000,
      "gross_margin": 0.737962738930559,
      "op_margin": 0.059369707234454394,
      "fcf_margin": 0.11680377449794338,
      "incr_op_margin_yoy": 0.4734852823273394,
      "rev_growth_yoy": 0.358813134426499,
      "rev_growth_yoy_accel": -0.02857852000442035,
      "op_leverage_ratio": 1.5520103410827106,
      "fcf_margin_change": -0.1080699111500151
    },
    {
      "date": "2023-06-30T00:00:00",
      "quarter_label": "2023-06 (Q2)",
      "revenue": 30420000,
      "gross_profit": 22018000,
      "operating_income": -1452000,
      "net_income": -3765000,
      "opex": 23470000,
      "cogs": 8402000,
      "rd": 1325000,
      "sga": null,
      "fcf": 1214000,
      "ocf": 1508000,
      "capex": -294000,
      "gross_margin": 0.7238001314924392,
      "op_margin": -0.04773175542406312,
      "fcf_margin": 0.03990795529257068,
      "incr_op_margin_yoy": 0.4343873517786561,
      "rev_growth_yoy": 0.49852216748768474,
      "rev_growth_yoy_accel": 0.13970903306118576,
      "fcf_margin_change": -0.0768958192053727
    },
    {
      "date": "2023-09-30T00:00:00",
      "quarter_label": "2023-09 (Q3)",
      "revenue": 29334000,
      "gross_profit": 21280000,
      "operating_income": 253000,
      "net_income": -2206000,
      "opex": 21027000,
      "cogs": 8054000,
      "rd": 1803000,
      "sga": null,
      "fcf": 5394000,
      "ocf": 5739000,
      "capex": -345000,
      "gross_margin": 0.7254380582259494,
      "op_margin": 0.008624803981727687,
      "fcf_margin": 0.1838821844958069,
      "incr_op_margin_yoy": 0.5330372762750639,
      "rev_growth_yoy": 0.3392685933433776,
      "rev_growth_yoy_accel": -0.15925357414430713,
      "fcf_margin_change": 0.14397422920323621
    },
    {
      "date": "2023-12-31T00:00:00",
      "quarter_label": "2023-12 (Q4)",
      "revenue": 26264000,
      "gross_profit": 17839000,
      "operating_income": -3763000,
      "net_income": -3582000,
      "opex": 21602000,
      "cogs": 8425000,
      "rd": 1739000,
      "sga": null,
      "fcf": 6845000,
      "ocf": 7065000,
      "capex": -220000,
      "gross_margin": 0.6792187024063356,
      "op_margin": -0.1432759671032592,
      "fcf_margin": 0.2606229058787694,
      "incr_op_margin_yoy": 1.381439894319683,
      "rev_growth_yoy": -0.10337293458964905,
      "rev_growth_yoy_accel": -0.4426415279330267,
      "fcf_margin_change": 0.0767407213829625
    },
    {
      "date": "2024-03-31T00:00:00",
      "quarter_label": "2024-03 (Q1)",
      "revenue": 31652000,
      "gross_profit": 22607000,
      "operating_income": -441000,
      "net_income": -308000,
      "opex": 23048000,
      "cogs": 9045000,
      "rd": 1769000,
      "sga": null,
      "fcf": -4187000,
      "ocf": -3947000,
      "capex": -240000,
      "gross_margin": 0.7142360672311386,
      "op_margin": -0.01393276886136737,
      "fcf_margin": -0.13228232023252876,
      "incr_op_margin_yoy": 1.7025495750708215,
      "rev_growth_yoy": -0.04270505685942415,
      "rev_growth_yoy_accel": 0.0606678777302249,
      "op_leverage_ratio": 3.064731175185129,
      "fcf_margin_change": -0.3929052261112982
    },
    {
      "date": "2024-06-30T00:00:00",
      "quarter_label": "2024-06 (Q2)",
      "revenue": 28044000,
      "gross_profit": 18868000,
      "operating_income": -4182000,
      "net_income": -4360000,
      "opex": 23050000,
      "cogs": 9176000,
      "rd": 1962000,
      "sga": null,
      "fcf": 2093000,
      "ocf": 2228000,
      "capex": -135000,
      "gross_margin": 0.6727998858935957,
      "op_margin": -0.14912280701754385,
      "fcf_margin": 0.07463272001141064,
      "incr_op_margin_yoy": 1.148989898989899,
      "rev_growth_yoy": -0.07810650887573964,
      "rev_growth_yoy_accel": -0.03540145201631549,
      "fcf_margin_change": 0.2069150402439394
    },
    {
      "date": "2024-09-30T00:00:00",
      "quarter_label": "2024-09 (Q3)",
      "revenue": 29304000,
      "gross_profit": 19704000,
      "operating_income": -3622000,
      "net_income": -3901000,
      "opex": 23326000,
      "cogs": 9600000,
      "rd": 1973000,
      "sga": null,
      "fcf": 1154000,
      "ocf": 1325000,
      "capex": -171000,
      "gross_margin": 0.6723996723996724,
      "op_margin": -0.1236008736008736,
      "fcf_margin": 0.03938028938028938,
      "rev_growth_yoy": -0.0010227040294538761,
      "rev_growth_yoy_accel": 0.07708380484628577,
      "op_leverage_ratio": 3.7522557719856375,
      "fcf_margin_change": -0.035252430631121254
    },
    {
      "date": "2025-03-31T00:00:00",
      "quarter_label": "2025-03 (Q1)",
      "revenue": 34854000,
      "gross_profit": 24608000,
      "operating_income": -2015000,
      "net_income": -2398000,
      "opex": 26623000,
      "cogs": 10246000,
      "rd": 2029000,
      "sga": null,
      "fcf": 1804000,
      "ocf": 1996000,
      "capex": -192000,
      "gross_margin": 0.7060308716359672,
      "op_margin": -0.05781258965972342,
      "fcf_margin": 0.05175876513456131,
      "incr_op_margin_yoy": -0.4915677701436602,
      "rev_growth_yoy": 0.10116264375078984,
      "rev_growth_yoy_accel": 0.10218534778024371,
      "op_leverage_ratio": 1.3399463240227572,
      "fcf_margin_change": 0.01237847575427193
    },
    {
      "date": "2025-06-30T00:00:00",
      "quarter_label": "2025-06 (Q2)",
      "revenue": 30124000,
      "gross_profit": 19911000,
      "operating_income": -4652000,
      "net_income": -6123000,
      "opex": 24563000,
      "cogs": 10213000,
      "rd": 1273000,
      "sga": null,
      "fcf": 2954000,
      "ocf": 3155000,
      "capex": -201000,
      "gross_margin": 0.6609679989377241,
      "op_margin": -0.1544283627672288,
      "fcf_margin": 0.09806134643473642,
      "incr_op_margin_yoy": -0.22596153846153846,
      "rev_growth_yoy": 0.07416916274425903,
      "rev_growth_yoy_accel": -0.026993481006530817,
      "fcf_margin_change": 0.04630258130017511
    },
    {
      "date": "2025-09-30T00:00:00",
      "quarter_label": "2025-09 (Q3)",
      "revenue": 36252000,
      "gross_profit": 23142000,
      "operating_income": -3499000,
      "net_income": -5362000,
      "opex": 26641000,
      "cogs": 13110000,
      "rd": 1174000,
      "sga": null,
      "fcf": 5651000,
      "ocf": 5773000,
      "capex": -122000,
      "gross_margin": 0.6383647798742138,
      "op_margin": -0.09651881275515833,
      "fcf_margin": 0.15588105483835374,
      "incr_op_margin_yoy": 0.01770293609671848,
      "rev_growth_yoy": 0.2371007371007371,
      "rev_growth_yoy_accel": 0.16293157435647806,
      "op_leverage_ratio": 2.4045952379826523,
      "fcf_margin_change": 0.05781970840361732
    }
  ],
  "signals": [
    {
      "quarter": "2025-09 (Q3)",
      "signal": "FCF MARGIN EXPANSION",
      "detail": "FCF margin: +9.8% -> +15.6% (+5.8%)",
      "severity": "MEDIUM"
    },
    {
      "quarter": "2025-09 (Q3)",
      "signal": "OPERATING LEVERAGE",
      "detail": "Rev growth +20.3% vs OpEx growth +8.5% (leverage: 2.4x)",
      "severity": "MEDIUM"
    },
    {
      "quarter": "2025-09 (Q3)",
      "signal": "YoY REVENUE GROWTH ACCELERATION",
      "detail": "YoY growth: +23.7% vs prior quarter YoY: +7.4% (accel: +16.3%)",
      "severity": "HIGH"
    },
    {
      "quarter": "2025-03 (Q1)",
      "signal": "GROSS MARGIN INFLECTION",
      "detail": "GM: +67.3% -> +67.2% -> +70.6% (reversal +3.4%)",
      "severity": "MEDIUM"
    },
    {
      "quarter": "2025-03 (Q1)",
      "signal": "YoY REVENUE GROWTH ACCELERATION",
      "detail": "YoY growth: +10.1% vs prior quarter YoY: -0.1% (accel: +10.2%)",
      "severity": "MEDIUM"
    },
    {
      "quarter": "2024-09 (Q3)",
      "signal": "OPERATING LEVERAGE",
      "detail": "Rev growth +4.5% vs OpEx growth +1.2% (leverage: 3.8x)",
      "severity": "MEDIUM"
    },
    {
      "quarter": "2024-09 (Q3)",
      "signal": "YoY REVENUE GROWTH ACCELERATION",
      "detail": "YoY growth: -0.1% vs prior quarter YoY: -7.8% (accel: +7.7%)",
      "severity": "MEDIUM"
    },
    {
      "quarter": "2024-06 (Q2)",
      "signal": "FCF TURNED POSITIVE",
      "detail": "FCF margin: -13.2% -> +7.5%",
      "severity": "HIGH"
    },
    {
      "quarter": "2024-03 (Q1)",
      "signal": "OPERATING LEVERAGE",
      "detail": "Rev growth +20.5% vs OpEx growth +6.7% (leverage: 3.1x)",
      "severity": "MEDIUM"
    },
    {
      "quarter": "2024-03 (Q1)",
      "signal": "GROSS MARGIN INFLECTION",
      "detail": "GM: +72.5% -> +67.9% -> +71.4% (reversal +3.5%)",
      "severity": "MEDIUM"
    },
    {
      "quarter": "2024-03 (Q1)",
      "signal": "YoY REVENUE GROWTH ACCELERATION",
      "detail": "YoY growth: -4.3% vs prior quarter YoY: -10.3% (accel: +6.1%)",
      "severity": "MEDIUM"
    },
    {
      "quarter": "2023-12 (Q4)",
      "signal": "FCF MARGIN EXPANSION",
      "detail": "FCF margin: +18.4% -> +26.1% (+7.7%)",
      "severity": "MEDIUM"
    },
    {
      "quarter": "2023-12 (Q4)",
      "signal": "YoY REVENUE GROWTH DECELERATION",
      "detail": "YoY growth: -10.3% vs prior quarter YoY: +33.9% (decel: -44.3%)",
      "severity": "WARNING"
    },
    {
      "quarter": "2023-09 (Q3)",
      "signal": "FCF MARGIN EXPANSION",
      "detail": "FCF margin: +4.0% -> +18.4% (+14.4%)",
      "severity": "MEDIUM"
    },
    {
      "quarter": "2023-09 (Q3)",
      "signal": "YoY REVENUE GROWTH DECELERATION",
      "detail": "YoY growth: +33.9% vs prior quarter YoY: +49.9% (decel: -15.9%)",
      "severity": "WARNING"
    },
    {
      "quarter": "2023-09 (Q3)",
      "signal": "OP MARGIN TURNED POSITIVE (YoY)",
      "detail": "Op margin: -16.9% (year-ago) -> +0.9%",
      "severity": "HIGH"
    },
    {
      "quarter": "2023-09 (Q3)",
      "signal": "OP MARGIN TURNED POSITIVE (QoQ)",
      "detail": "Op margin: -4.8% -> +0.9%",
      "severity": "HIGH"
    },
    {
      "quarter": "2023-06 (Q2)",
      "signal": "YoY REVENUE GROWTH ACCELERATION",
      "detail": "YoY growth: +49.9% vs prior quarter YoY: +35.9% (accel: +14.0%)",
      "severity": "MEDIUM"
    },
    {
      "quarter": "2023-03 (Q1)",
      "signal": "OPERATING LEVERAGE",
      "detail": "Rev growth +12.9% vs OpEx growth +8.3% (leverage: 1.6x)",
      "severity": "MEDIUM"
    },
    {
      "quarter": "2023-03 (Q1)",
      "signal": "OP MARGIN TURNED POSITIVE (YoY)",
      "detail": "Op margin: -8.9% (year-ago) -> +5.9%",
      "severity": "HIGH"
    },
    {
      "quarter": "2022-12 (Q4)",
      "signal": "FCF TURNED POSITIVE",
      "detail": "FCF margin: -11.0% -> +22.5%",
      "severity": "HIGH"
    },
    {
      "quarter": "2022-12 (Q4)",
      "signal": "OPERATING LEVERAGE",
      "detail": "Rev growth +33.7% vs OpEx growth +19.4% (leverage: 1.7x)",
      "severity": "MEDIUM"
    },
    {
      "quarter": "2022-12 (Q4)",
      "signal": "YoY REVENUE GROWTH ACCELERATION",
      "detail": "YoY growth: +38.7% vs prior quarter YoY: +21.8% (accel: +16.9%)",
      "severity": "HIGH"
    },
    {
      "quarter": "2022-12 (Q4)",
      "signal": "OP MARGIN TURNED POSITIVE (YoY)",
      "detail": "Op margin: -14.7% (year-ago) -> +1.4%",
      "severity": "HIGH"
    },
    {
      "quarter": "2022-12 (Q4)",
      "signal": "OP MARGIN TURNED POSITIVE (QoQ)",
      "detail": "Op margin: -16.9% -> +1.4%",
      "severity": "HIGH"
    },
    {
      "quarter": "2022-06 (Q2)",
      "signal": "FCF MARGIN EXPANSION",
      "detail": "FCF margin: +10.2% -> +23.2% (+13.0%)",
      "severity": "MEDIUM"
    },
    {
      "quarter": "2022-03 (Q1)",
      "signal": "OPERATING LEVERAGE",
      "detail": "Rev growth +15.3% vs OpEx growth +7.8% (leverage: 2.0x)",
      "severity": "MEDIUM"
    },
    {
      "quarter": "2022-03 (Q1)",
      "signal": "YoY REVENUE GROWTH DECELERATION",
      "detail": "YoY growth: +22.9% vs prior quarter YoY: +28.5% (decel: -5.6%)",
      "severity": "WARNING"
    },
    {
      "quarter": "2021-12 (Q4)",
      "signal": "FCF MARGIN EXPANSION",
      "detail": "FCF margin: +4.1% -> +11.8% (+7.7%)",
      "severity": "MEDIUM"
    },
    {
      "quarter": "2021-12 (Q4)",
      "signal": "OPERATING LEVERAGE",
      "detail": "Rev growth +17.4% vs OpEx growth +9.5% (leverage: 1.8x)",
      "severity": "MEDIUM"
    },
    {
      "quarter": "2021-12 (Q4)",
      "signal": "YoY REVENUE GROWTH ACCELERATION",
      "detail": "YoY growth: +28.5% vs prior quarter YoY: +12.3% (accel: +16.2%)",
      "severity": "HIGH"
    },
    {
      "quarter": "2021-09 (Q3)",
      "signal": "FCF TURNED POSITIVE",
      "detail": "FCF margin: -3.3% -> +4.1%",
      "severity": "HIGH"
    },
    {
      "quarter": "2021-09 (Q3)",
      "signal": "GROSS MARGIN INFLECTION",
      "detail": "GM: +63.1% -> +57.9% -> +60.4% (reversal +2.5%)",
      "severity": "MEDIUM"
    },
    {
      "quarter": "2021-03 (Q1)",
      "signal": "OPERATING LEVERAGE",
      "detail": "Rev growth +20.5% vs OpEx growth +6.9% (leverage: 3.0x)",
      "severity": "MEDIUM"
    }
  ],
  "data_quality": {
    "n_quarters": 20,
    "coverage": {
      "revenue": [
        20,
        20
      ],
      "gross_profit": [
        19,
        20
      ],
      "op_income": [
        19,
        20
      ],
      "fcf": [
        19,
        20
      ]
    },
    "gaps": [
      [
        "2024-09 (Q3)",
        "2025-03 (Q1)",
        182
      ]
    ],
    "warnings": [
      "gap: 1Q missing between 2024-09 (Q3) and 2025-03 (Q1)"
    ]
  },
  "market_cap": null,
  "source": "SEC EDGAR",
  "last_updated": "2026-02-02T22:50:46.988930",
  "sector": "Technology",
  "industry": "Software - Application"
}