{
  "ticker": "ASYS",
  "name": "AMTECH SYSTEMS INC",
  "quarters": [
    {
      "date": "2020-12-31T00:00:00",
      "quarter_label": "2020-12 (Q4)",
      "revenue": 17975000,
      "gross_profit": 7512000,
      "operating_income": 1054000,
      "net_income": 719000,
      "opex": 6458000,
      "cogs": 10463000,
      "rd": 1245000,
      "sga": 5213000,
      "fcf": -94000,
      "ocf": 104000,
      "capex": -198000,
      "gross_margin": 0.41791376912378303,
      "op_margin": 0.05863699582753825,
      "fcf_margin": -0.0052294853963838666
    },
    {
      "date": "2021-03-31T00:00:00",
      "quarter_label": "2021-03 (Q1)",
      "revenue": 19790000,
      "gross_profit": 7728000,
      "operating_income": 171000,
      "net_income": -246000,
      "opex": 7557000,
      "cogs": 12062000,
      "rd": 1869000,
      "sga": 5688000,
      "fcf": -604000,
      "ocf": -369000,
      "capex": -235000,
      "gross_margin": 0.390500252652855,
      "op_margin": 0.008640727640222334,
      "fcf_margin": -0.030520464881253158,
      "op_leverage_ratio": 0.5933460814674106,
      "fcf_margin_change": -0.025290979484869292
    },
    {
      "date": "2021-06-30T00:00:00",
      "quarter_label": "2021-06 (Q2)",
      "revenue": 23100000,
      "gross_profit": 10079000,
      "operating_income": 1204000,
      "net_income": 369000,
      "opex": 8875000,
      "cogs": 13021000,
      "rd": 1523000,
      "sga": 7281000,
      "fcf": -2864000,
      "ocf": -2507000,
      "capex": -357000,
      "gross_margin": 0.43632034632034633,
      "op_margin": 0.052121212121212124,
      "fcf_margin": -0.12398268398268399,
      "op_leverage_ratio": 0.9589947100089635,
      "fcf_margin_change": -0.09346221910143082
    },
    {
      "date": "2021-09-30T00:00:00",
      "quarter_label": "2021-09 (Q3)",
      "revenue": 24340000,
      "gross_profit": 9211000,
      "operating_income": 1296000,
      "net_income": 666000,
      "opex": 7915000,
      "cogs": 15129000,
      "rd": 1342000,
      "sga": 6558000,
      "fcf": -5412000,
      "ocf": -3190000,
      "capex": -2222000,
      "gross_margin": 0.37843056696795396,
      "op_margin": 0.053245686113393594,
      "fcf_margin": -0.22235004108463435,
      "op_leverage_ratio": Infinity,
      "fcf_margin_change": -0.09836735710195037
    },
    {
      "date": "2021-12-31T00:00:00",
      "quarter_label": "2021-12 (Q4)",
      "revenue": 27329000,
      "gross_profit": 10764000,
      "operating_income": 1240000,
      "net_income": 997000,
      "opex": 9524000,
      "cogs": 16565000,
      "rd": null,
      "sga": 7952000,
      "fcf": 2444000,
      "ocf": 2489000,
      "capex": -45000,
      "gross_margin": 0.3938673204288485,
      "op_margin": 0.04537304694646712,
      "fcf_margin": 0.08942881188481101,
      "incr_op_margin_yoy": 0.019884541372674792,
      "rev_growth_yoy": 0.5203894297635605,
      "op_leverage_ratio": 0.6040880104874339,
      "fcf_margin_change": 0.31177885296944535
    },
    {
      "date": "2022-03-31T00:00:00",
      "quarter_label": "2022-03 (Q1)",
      "revenue": 28579000,
      "gross_profit": 12183000,
      "operating_income": 2595000,
      "net_income": 1965000,
      "opex": 9588000,
      "cogs": 16396000,
      "rd": null,
      "sga": 7788000,
      "fcf": -2930000,
      "ocf": -2850000,
      "capex": -80000,
      "gross_margin": 0.426292032611358,
      "op_margin": 0.09080093775149585,
      "fcf_margin": -0.10252283144966584,
      "incr_op_margin_yoy": 0.2757992945727614,
      "rev_growth_yoy": 0.4441131884790298,
      "rev_growth_yoy_accel": -0.0762762412845307,
      "op_leverage_ratio": 6.80652877895276,
      "fcf_margin_change": -0.19195164333447684
    },
    {
      "date": "2022-06-30T00:00:00",
      "quarter_label": "2022-06 (Q2)",
      "revenue": 19964000,
      "gross_profit": 5900000,
      "operating_income": 9562000,
      "net_income": 10222000,
      "opex": -3662000,
      "cogs": 14064000,
      "rd": null,
      "sga": 7157000,
      "fcf": 5251000,
      "ocf": 5451000,
      "capex": -200000,
      "gross_margin": 0.2955319575235424,
      "op_margin": 0.4789621318373071,
      "fcf_margin": 0.2630234421959527,
      "incr_op_margin_yoy": -2.6651785714285716,
      "rev_growth_yoy": -0.13575757575757577,
      "rev_growth_yoy_accel": -0.5798707642366056,
      "fcf_margin_change": 0.36554627364561854
    },
    {
      "date": "2022-09-30T00:00:00",
      "quarter_label": "2022-09 (Q3)",
      "revenue": 32315000,
      "gross_profit": 12553000,
      "operating_income": 3889000,
      "net_income": 4183000,
      "opex": 8664000,
      "cogs": 19762000,
      "rd": null,
      "sga": 7292000,
      "fcf": -696000,
      "ocf": 114000,
      "capex": -810000,
      "gross_margin": 0.388457372737119,
      "op_margin": 0.12034658827170044,
      "fcf_margin": -0.02153798545567074,
      "incr_op_margin_yoy": 0.325141065830721,
      "rev_growth_yoy": 0.32764995891536564,
      "rev_growth_yoy_accel": 0.4634075346729414,
      "op_leverage_ratio": Infinity,
      "fcf_margin_change": -0.28456142765162346
    },
    {
      "date": "2022-12-31T00:00:00",
      "quarter_label": "2022-12 (Q4)",
      "revenue": 21558000,
      "gross_profit": 8303000,
      "operating_income": -2680000,
      "net_income": -2744000,
      "opex": 10983000,
      "cogs": 13255000,
      "rd": null,
      "sga": 9190000,
      "fcf": -2732000,
      "ocf": -2508000,
      "capex": -224000,
      "gross_margin": 0.38514704518044346,
      "op_margin": -0.12431579923926153,
      "fcf_margin": -0.12672789683644123,
      "incr_op_margin_yoy": 0.6792583607693641,
      "rev_growth_yoy": -0.2111676241355337,
      "rev_growth_yoy_accel": -0.5388175830508993,
      "fcf_margin_change": -0.1051899113807705
    },
    {
      "date": "2023-03-31T00:00:00",
      "quarter_label": "2023-03 (Q1)",
      "revenue": 33310000,
      "gross_profit": 13470000,
      "operating_income": 519000,
      "net_income": 3204000,
      "opex": 12951000,
      "cogs": 19840000,
      "rd": null,
      "sga": 11434000,
      "fcf": -3571000,
      "ocf": -2819000,
      "capex": -752000,
      "gross_margin": 0.4043830681477034,
      "op_margin": 0.01558090663464425,
      "fcf_margin": -0.10720504353047133,
      "incr_op_margin_yoy": -0.43880786303107167,
      "rev_growth_yoy": 0.16554113160012596,
      "rev_growth_yoy_accel": 0.37670875573565965,
      "op_leverage_ratio": 3.042280156311165,
      "fcf_margin_change": 0.019522853305969895
    },
    {
      "date": "2023-06-30T00:00:00",
      "quarter_label": "2023-06 (Q2)",
      "revenue": 30740000,
      "gross_profit": 10985000,
      "operating_income": -1119000,
      "net_income": -1027000,
      "opex": 12104000,
      "cogs": 19755000,
      "rd": null,
      "sga": 10300000,
      "fcf": -2769000,
      "ocf": -1823000,
      "capex": -946000,
      "gross_margin": 0.3573519843851659,
      "op_margin": -0.03640208197787898,
      "fcf_margin": -0.09007807417046194,
      "incr_op_margin_yoy": -0.9911841128433556,
      "rev_growth_yoy": 0.5397715888599479,
      "rev_growth_yoy_accel": 0.37423045725982196,
      "fcf_margin_change": 0.01712696936000939
    },
    {
      "date": "2023-09-30T00:00:00",
      "quarter_label": "2023-09 (Q3)",
      "revenue": 27707000,
      "gross_profit": 2794000,
      "operating_income": -11690000,
      "net_income": -12015000,
      "opex": 14484000,
      "cogs": 20268000,
      "rd": null,
      "sga": 11078000,
      "fcf": -1527000,
      "ocf": -551000,
      "capex": -976000,
      "gross_margin": 0.10084094272205579,
      "op_margin": -0.42191503952069875,
      "fcf_margin": -0.055112426462626776,
      "incr_op_margin_yoy": 3.380859375,
      "rev_growth_yoy": -0.14259631749961318,
      "rev_growth_yoy_accel": -0.6823679063595611,
      "fcf_margin_change": 0.03496564770783517
    },
    {
      "date": "2023-12-31T00:00:00",
      "quarter_label": "2023-12 (Q4)",
      "revenue": 24920000,
      "gross_profit": 8219000,
      "operating_income": -8934000,
      "net_income": -9358000,
      "opex": 17153000,
      "cogs": 15852000,
      "rd": null,
      "sga": 8567000,
      "fcf": 4215000,
      "ocf": 4971000,
      "capex": -756000,
      "gross_margin": 0.3298154093097913,
      "op_margin": -0.3585072231139647,
      "fcf_margin": 0.16914125200642055,
      "incr_op_margin_yoy": -1.860202260559191,
      "rev_growth_yoy": 0.15595138695611838,
      "rev_growth_yoy_accel": 0.29854770445573153,
      "fcf_margin_change": 0.2242536784690473
    },
    {
      "date": "2024-03-31T00:00:00",
      "quarter_label": "2024-03 (Q1)",
      "revenue": 25433000,
      "gross_profit": 8451000,
      "operating_income": 1363000,
      "net_income": 970000,
      "opex": 7088000,
      "cogs": 16982000,
      "rd": null,
      "sga": 8252000,
      "fcf": -884000,
      "ocf": 336000,
      "capex": -1220000,
      "gross_margin": 0.332284826799827,
      "op_margin": 0.053591790193842644,
      "fcf_margin": -0.03475799158573507,
      "incr_op_margin_yoy": -0.10714739113875842,
      "rev_growth_yoy": -0.2364755328730111,
      "rev_growth_yoy_accel": -0.3924269198291295,
      "op_leverage_ratio": Infinity,
      "fcf_margin_change": -0.2038992435921556
    },
    {
      "date": "2024-06-30T00:00:00",
      "quarter_label": "2024-06 (Q2)",
      "revenue": 26749000,
      "gross_profit": 9758000,
      "operating_income": 816000,
      "net_income": 438000,
      "opex": 8942000,
      "cogs": 16991000,
      "rd": null,
      "sga": 8209000,
      "fcf": 322000,
      "ocf": 3656000,
      "capex": -3334000,
      "gross_margin": 0.3647986840629556,
      "op_margin": 0.03050581330143183,
      "fcf_margin": 0.012037833190025795,
      "incr_op_margin_yoy": -0.4848408920070158,
      "rev_growth_yoy": -0.12983083929733247,
      "rev_growth_yoy_accel": 0.10664469357567863,
      "op_leverage_ratio": 0.19782094723488425,
      "fcf_margin_change": 0.04679582477576086
    },
    {
      "date": "2024-09-30T00:00:00",
      "quarter_label": "2024-09 (Q3)",
      "revenue": 24112000,
      "gross_profit": 9803000,
      "operating_income": 26000,
      "net_income": -536000,
      "opex": 9777000,
      "cogs": 14309000,
      "rd": null,
      "sga": 8786000,
      "fcf": 1311000,
      "ocf": 879000,
      "capex": 432000,
      "gross_margin": 0.4065610484406105,
      "op_margin": 0.0010783012607830126,
      "fcf_margin": 0.05437126741871268,
      "incr_op_margin_yoy": -3.258970792767733,
      "rev_growth_yoy": -0.12975060454036885,
      "rev_growth_yoy_accel": 8.023475696361526e-05,
      "fcf_margin_change": 0.04233343422868688
    },
    {
      "date": "2024-12-31T00:00:00",
      "quarter_label": "2024-12 (Q4)",
      "revenue": 24385000,
      "gross_profit": 9363000,
      "operating_income": 339000,
      "net_income": 312000,
      "opex": 9024000,
      "cogs": 15022000,
      "rd": null,
      "sga": 8051000,
      "fcf": 2724000,
      "ocf": 2867000,
      "capex": -143000,
      "gross_margin": 0.38396555259380766,
      "op_margin": 0.013901988927619438,
      "fcf_margin": 0.11170801722370309,
      "rev_growth_yoy": -0.021468699839486356,
      "rev_growth_yoy_accel": 0.1082819047008825,
      "op_leverage_ratio": Infinity,
      "fcf_margin_change": 0.057336749804990414
    },
    {
      "date": "2025-03-31T00:00:00",
      "quarter_label": "2025-03 (Q1)",
      "revenue": 15580000,
      "gross_profit": -325000,
      "operating_income": -31583000,
      "net_income": -31812000,
      "opex": 31258000,
      "cogs": 15905000,
      "rd": null,
      "sga": 7115000,
      "fcf": 201000,
      "ocf": 210000,
      "capex": -9000,
      "gross_margin": -0.02086007702182285,
      "op_margin": -2.027150192554557,
      "fcf_margin": 0.012901155327342748,
      "incr_op_margin_yoy": 3.343753171622856,
      "rev_growth_yoy": -0.3874100577989227,
      "rev_growth_yoy_accel": -0.36594135795943633,
      "fcf_margin_change": -0.09880686189636034
    },
    {
      "date": "2025-06-30T00:00:00",
      "quarter_label": "2025-06 (Q2)",
      "revenue": 19557000,
      "gross_profit": 9132000,
      "operating_income": 915000,
      "net_income": 106000,
      "opex": 8217000,
      "cogs": 10425000,
      "rd": null,
      "sga": 7387000,
      "fcf": 1980000,
      "ocf": 2532000,
      "capex": -552000,
      "gross_margin": 0.46694278263537353,
      "op_margin": 0.046786316919772974,
      "fcf_margin": 0.10124252185918085,
      "incr_op_margin_yoy": -0.013765294771968854,
      "rev_growth_yoy": -0.2688698642939923,
      "rev_growth_yoy_accel": 0.11854019350493039,
      "op_leverage_ratio": Infinity,
      "fcf_margin_change": 0.0883413665318381
    },
    {
      "date": "2025-09-30T00:00:00",
      "quarter_label": "2025-09 (Q3)",
      "revenue": 19842000,
      "gross_profit": 8814000,
      "operating_income": 1840000,
      "net_income": 1068000,
      "opex": 6974000,
      "cogs": 11028000,
      "rd": null,
      "sga": 6398000,
      "fcf": 2022000,
      "ocf": 2268000,
      "capex": -246000,
      "gross_margin": 0.44420925309948595,
      "op_margin": 0.09273258744078218,
      "fcf_margin": 0.1019050498941639,
      "incr_op_margin_yoy": -0.42482435597189694,
      "rev_growth_yoy": -0.17709024552090247,
      "rev_growth_yoy_accel": 0.09177961877308982,
      "op_leverage_ratio": Infinity,
      "fcf_margin_change": 0.0006625280349830398
    }
  ],
  "signals": [
    {
      "quarter": "2025-09 (Q3)",
      "signal": "YoY REVENUE GROWTH ACCELERATION",
      "detail": "YoY growth: -17.7% vs prior quarter YoY: -26.9% (accel: +9.2%)",
      "severity": "MEDIUM"
    },
    {
      "quarter": "2025-06 (Q2)",
      "signal": "FCF MARGIN EXPANSION",
      "detail": "FCF margin: +1.3% -> +10.1% (+8.8%)",
      "severity": "MEDIUM"
    },
    {
      "quarter": "2025-06 (Q2)",
      "signal": "GROSS MARGIN INFLECTION",
      "detail": "GM: +38.4% -> -2.1% -> +46.7% (reversal +48.8%)",
      "severity": "HIGH"
    },
    {
      "quarter": "2025-06 (Q2)",
      "signal": "YoY REVENUE GROWTH ACCELERATION",
      "detail": "YoY growth: -26.9% vs prior quarter YoY: -38.7% (accel: +11.9%)",
      "severity": "MEDIUM"
    },
    {
      "quarter": "2025-06 (Q2)",
      "signal": "OP MARGIN TURNED POSITIVE (QoQ)",
      "detail": "Op margin: -202.7% -> +4.7%",
      "severity": "HIGH"
    },
    {
      "quarter": "2025-03 (Q1)",
      "signal": "YoY REVENUE GROWTH DECELERATION",
      "detail": "YoY growth: -38.7% vs prior quarter YoY: -2.1% (decel: -36.6%)",
      "severity": "WARNING"
    },
    {
      "quarter": "2024-12 (Q4)",
      "signal": "FCF MARGIN EXPANSION",
      "detail": "FCF margin: +5.4% -> +11.2% (+5.7%)",
      "severity": "MEDIUM"
    },
    {
      "quarter": "2024-12 (Q4)",
      "signal": "YoY REVENUE GROWTH ACCELERATION",
      "detail": "YoY growth: -2.1% vs prior quarter YoY: -13.0% (accel: +10.8%)",
      "severity": "MEDIUM"
    },
    {
      "quarter": "2024-12 (Q4)",
      "signal": "OP MARGIN TURNED POSITIVE (YoY)",
      "detail": "Op margin: -35.9% (year-ago) -> +1.4%",
      "severity": "HIGH"
    },
    {
      "quarter": "2024-09 (Q3)",
      "signal": "OP MARGIN TURNED POSITIVE (YoY)",
      "detail": "Op margin: -42.2% (year-ago) -> +0.1%",
      "severity": "HIGH"
    },
    {
      "quarter": "2024-06 (Q2)",
      "signal": "FCF TURNED POSITIVE",
      "detail": "FCF margin: -3.5% -> +1.2%",
      "severity": "HIGH"
    },
    {
      "quarter": "2024-06 (Q2)",
      "signal": "YoY REVENUE GROWTH ACCELERATION",
      "detail": "YoY growth: -13.0% vs prior quarter YoY: -23.6% (accel: +10.7%)",
      "severity": "MEDIUM"
    },
    {
      "quarter": "2024-06 (Q2)",
      "signal": "OP MARGIN TURNED POSITIVE (YoY)",
      "detail": "Op margin: -3.6% (year-ago) -> +3.1%",
      "severity": "HIGH"
    },
    {
      "quarter": "2024-03 (Q1)",
      "signal": "YoY REVENUE GROWTH DECELERATION",
      "detail": "YoY growth: -23.6% vs prior quarter YoY: +15.6% (decel: -39.2%)",
      "severity": "WARNING"
    },
    {
      "quarter": "2024-03 (Q1)",
      "signal": "OP MARGIN TURNED POSITIVE (QoQ)",
      "detail": "Op margin: -35.9% -> +5.4%",
      "severity": "HIGH"
    },
    {
      "quarter": "2023-12 (Q4)",
      "signal": "FCF TURNED POSITIVE",
      "detail": "FCF margin: -5.5% -> +16.9%",
      "severity": "HIGH"
    },
    {
      "quarter": "2023-12 (Q4)",
      "signal": "GROSS MARGIN INFLECTION",
      "detail": "GM: +35.7% -> +10.1% -> +33.0% (reversal +22.9%)",
      "severity": "HIGH"
    },
    {
      "quarter": "2023-12 (Q4)",
      "signal": "YoY REVENUE GROWTH ACCELERATION",
      "detail": "YoY growth: +15.6% vs prior quarter YoY: -14.3% (accel: +29.9%)",
      "severity": "HIGH"
    },
    {
      "quarter": "2023-09 (Q3)",
      "signal": "YoY REVENUE GROWTH DECELERATION",
      "detail": "YoY growth: -14.3% vs prior quarter YoY: +54.0% (decel: -68.2%)",
      "severity": "WARNING"
    },
    {
      "quarter": "2023-06 (Q2)",
      "signal": "YoY REVENUE GROWTH ACCELERATION",
      "detail": "YoY growth: +54.0% vs prior quarter YoY: +16.6% (accel: +37.4%)",
      "severity": "HIGH"
    },
    {
      "quarter": "2023-03 (Q1)",
      "signal": "OPERATING LEVERAGE",
      "detail": "Rev growth +54.5% vs OpEx growth +17.9% (leverage: 3.0x)",
      "severity": "MEDIUM"
    },
    {
      "quarter": "2023-03 (Q1)",
      "signal": "YoY REVENUE GROWTH ACCELERATION",
      "detail": "YoY growth: +16.6% vs prior quarter YoY: -21.1% (accel: +37.7%)",
      "severity": "HIGH"
    },
    {
      "quarter": "2023-03 (Q1)",
      "signal": "OP MARGIN TURNED POSITIVE (QoQ)",
      "detail": "Op margin: -12.4% -> +1.6%",
      "severity": "HIGH"
    },
    {
      "quarter": "2022-12 (Q4)",
      "signal": "YoY REVENUE GROWTH DECELERATION",
      "detail": "YoY growth: -21.1% vs prior quarter YoY: +32.8% (decel: -53.9%)",
      "severity": "WARNING"
    },
    {
      "quarter": "2022-09 (Q3)",
      "signal": "GROSS MARGIN INFLECTION",
      "detail": "GM: +42.6% -> +29.6% -> +38.8% (reversal +9.3%)",
      "severity": "HIGH"
    },
    {
      "quarter": "2022-09 (Q3)",
      "signal": "YoY REVENUE GROWTH ACCELERATION",
      "detail": "YoY growth: +32.8% vs prior quarter YoY: -13.6% (accel: +46.3%)",
      "severity": "HIGH"
    },
    {
      "quarter": "2022-09 (Q3)",
      "signal": "INCREMENTAL MARGIN (YoY)",
      "detail": "YoY Incr OPM: +32.5% vs year-ago OPM: +5.3%",
      "severity": "HIGH"
    },
    {
      "quarter": "2022-06 (Q2)",
      "signal": "FCF TURNED POSITIVE",
      "detail": "FCF margin: -10.3% -> +26.3%",
      "severity": "HIGH"
    },
    {
      "quarter": "2022-06 (Q2)",
      "signal": "YoY REVENUE GROWTH DECELERATION",
      "detail": "YoY growth: -13.6% vs prior quarter YoY: +44.4% (decel: -58.0%)",
      "severity": "WARNING"
    },
    {
      "quarter": "2022-03 (Q1)",
      "signal": "OPERATING LEVERAGE",
      "detail": "Rev growth +4.6% vs OpEx growth +0.7% (leverage: 6.8x)",
      "severity": "MEDIUM"
    },
    {
      "quarter": "2022-03 (Q1)",
      "signal": "YoY REVENUE GROWTH DECELERATION",
      "detail": "YoY growth: +44.4% vs prior quarter YoY: +52.0% (decel: -7.6%)",
      "severity": "WARNING"
    },
    {
      "quarter": "2022-03 (Q1)",
      "signal": "INCREMENTAL MARGIN (YoY)",
      "detail": "YoY Incr OPM: +27.6% vs year-ago OPM: +0.9%",
      "severity": "HIGH"
    },
    {
      "quarter": "2021-12 (Q4)",
      "signal": "FCF TURNED POSITIVE",
      "detail": "FCF margin: -22.2% -> +8.9%",
      "severity": "HIGH"
    },
    {
      "quarter": "2021-06 (Q2)",
      "signal": "GROSS MARGIN INFLECTION",
      "detail": "GM: +41.8% -> +39.1% -> +43.6% (reversal +4.6%)",
      "severity": "MEDIUM"
    }
  ],
  "data_quality": {
    "n_quarters": 20,
    "coverage": {
      "revenue": [
        20,
        20
      ],
      "gross_profit": [
        20,
        20
      ],
      "op_income": [
        20,
        20
      ],
      "fcf": [
        20,
        20
      ]
    },
    "gaps": [],
    "warnings": []
  },
  "market_cap": null,
  "source": "SEC EDGAR",
  "last_updated": "2026-02-02T22:53:00.355700",
  "sector": "Technology",
  "industry": "Semiconductor Equipment & Materials"
}