{
  "ticker": "ATEC",
  "name": "Alphatec Holdings, Inc.",
  "quarters": [
    {
      "date": "2020-12-31T00:00:00",
      "quarter_label": "2020-12 (Q4)",
      "revenue": 43954000,
      "gross_profit": 31391000,
      "operating_income": -17036000,
      "net_income": -26798000,
      "opex": 48427000,
      "cogs": 12563000,
      "rd": null,
      "sga": 38135000,
      "fcf": -16991000,
      "ocf": -6728000,
      "capex": -10263000,
      "gross_margin": 0.7141784592983573,
      "op_margin": -0.38758702279656004,
      "fcf_margin": -0.3865632251899713
    },
    {
      "date": "2021-03-31T00:00:00",
      "quarter_label": "2021-03 (Q1)",
      "revenue": 44121000,
      "gross_profit": 31858000,
      "operating_income": -19046000,
      "net_income": -22903000,
      "opex": 50904000,
      "cogs": 12263000,
      "rd": null,
      "sga": 40426000,
      "fcf": -33806000,
      "ocf": -18604000,
      "capex": -15202000,
      "gross_margin": 0.7220597901226173,
      "op_margin": -0.4316765259173636,
      "fcf_margin": -0.7662111012896353,
      "fcf_margin_change": -0.379647876099664
    },
    {
      "date": "2021-06-30T00:00:00",
      "quarter_label": "2021-06 (Q2)",
      "revenue": 62249000,
      "gross_profit": 41065000,
      "operating_income": -35752000,
      "net_income": -38205000,
      "opex": 76817000,
      "cogs": 21184000,
      "rd": null,
      "sga": 60659000,
      "fcf": -37332000,
      "ocf": -16506000,
      "capex": -20826000,
      "gross_margin": 0.6596893122781089,
      "op_margin": -0.5743385435910617,
      "fcf_margin": -0.5997204774373885,
      "op_leverage_ratio": 0.8071212108660817,
      "fcf_margin_change": 0.16649062385224678
    },
    {
      "date": "2021-09-30T00:00:00",
      "quarter_label": "2021-09 (Q3)",
      "revenue": 62880000,
      "gross_profit": 39614000,
      "operating_income": -35121000,
      "net_income": -43031000,
      "opex": 74735000,
      "cogs": 23266000,
      "rd": null,
      "sga": 61494000,
      "fcf": -36384000,
      "ocf": -23466000,
      "capex": -12918000,
      "gross_margin": 0.6299936386768448,
      "op_margin": -0.5585400763358779,
      "fcf_margin": -0.5786259541984733,
      "op_leverage_ratio": Infinity,
      "fcf_margin_change": 0.021094523238915253
    },
    {
      "date": "2021-12-31T00:00:00",
      "quarter_label": "2021-12 (Q4)",
      "revenue": 73962000,
      "gross_profit": 45225000,
      "operating_income": -38139000,
      "net_income": -40187000,
      "opex": 83364000,
      "cogs": 28737000,
      "rd": null,
      "sga": 66693000,
      "fcf": -34339000,
      "ocf": -14741000,
      "capex": -19598000,
      "gross_margin": 0.611462642978827,
      "op_margin": -0.5156566885698061,
      "fcf_margin": -0.464278954057489,
      "incr_op_margin_yoy": -0.7032458011197014,
      "rev_growth_yoy": 0.6827137461891978,
      "op_leverage_ratio": 1.5264029006572015,
      "fcf_margin_change": 0.11434700014098431
    },
    {
      "date": "2022-03-31T00:00:00",
      "quarter_label": "2022-03 (Q1)",
      "revenue": 70933000,
      "gross_profit": 49216000,
      "operating_income": -41229000,
      "net_income": -42844000,
      "opex": 90445000,
      "cogs": 21717000,
      "rd": null,
      "sga": 69471000,
      "fcf": -37962000,
      "ocf": -24705000,
      "capex": -13257000,
      "gross_margin": 0.6938378469823636,
      "op_margin": -0.5812386336401957,
      "fcf_margin": -0.5351810863772856,
      "incr_op_margin_yoy": -0.8273534238400716,
      "rev_growth_yoy": 0.6076924820380317,
      "rev_growth_yoy_accel": -0.07502126415116606,
      "fcf_margin_change": -0.07090213231979658
    },
    {
      "date": "2022-06-30T00:00:00",
      "quarter_label": "2022-06 (Q2)",
      "revenue": 84151000,
      "gross_profit": 55476000,
      "operating_income": -35749000,
      "net_income": -37320000,
      "opex": 91225000,
      "cogs": 28675000,
      "rd": null,
      "sga": 72668000,
      "fcf": -40418000,
      "ocf": -27337000,
      "capex": -13081000,
      "gross_margin": 0.6592435027510071,
      "op_margin": -0.42481966940380983,
      "fcf_margin": -0.48030326437000154,
      "incr_op_margin_yoy": 0.0001369737923477308,
      "rev_growth_yoy": 0.3518450095583865,
      "rev_growth_yoy_accel": -0.25584747247964523,
      "op_leverage_ratio": 21.607642206242296,
      "fcf_margin_change": 0.05487782200728403
    },
    {
      "date": "2022-09-30T00:00:00",
      "quarter_label": "2022-09 (Q3)",
      "revenue": 89839000,
      "gross_profit": 59516000,
      "operating_income": -34970000,
      "net_income": -36999000,
      "opex": 94486000,
      "cogs": 30323000,
      "rd": null,
      "sga": 75954000,
      "fcf": -24335000,
      "ocf": -14689000,
      "capex": -9646000,
      "gross_margin": 0.6624739812330948,
      "op_margin": -0.38925188392568927,
      "fcf_margin": -0.27087345139638686,
      "incr_op_margin_yoy": 0.005601097963574317,
      "rev_growth_yoy": 0.42873727735368955,
      "rev_growth_yoy_accel": 0.07689226779530306,
      "op_leverage_ratio": 1.890877437355596,
      "fcf_margin_change": 0.20942981297361468
    },
    {
      "date": "2022-12-31T00:00:00",
      "quarter_label": "2022-12 (Q4)",
      "revenue": 105944000,
      "gross_profit": 68851000,
      "operating_income": -35027000,
      "net_income": -34986000,
      "opex": 103878000,
      "cogs": 37093000,
      "rd": null,
      "sga": 81920000,
      "fcf": -21872000,
      "ocf": -8403000,
      "capex": -13469000,
      "gross_margin": 0.649881069244129,
      "op_margin": -0.3306180623725742,
      "fcf_margin": -0.20644868987389564,
      "incr_op_margin_yoy": 0.09730473391282596,
      "rev_growth_yoy": 0.43241123820340177,
      "rev_growth_yoy_accel": 0.003673960849712221,
      "op_leverage_ratio": 1.8034545419912922,
      "fcf_margin_change": 0.06442476152249121
    },
    {
      "date": "2023-03-31T00:00:00",
      "quarter_label": "2023-03 (Q1)",
      "revenue": 109110000,
      "gross_profit": 70425000,
      "operating_income": -40347000,
      "net_income": -43529000,
      "opex": 110772000,
      "cogs": 38685000,
      "rd": null,
      "sga": 91262000,
      "fcf": -34602000,
      "ocf": -18324000,
      "capex": -16278000,
      "gross_margin": 0.6454495463293923,
      "op_margin": -0.3697827880120979,
      "fcf_margin": -0.31712950233709103,
      "incr_op_margin_yoy": 0.023102915367891663,
      "rev_growth_yoy": 0.5382121156584383,
      "rev_growth_yoy_accel": 0.10580087745503652,
      "op_leverage_ratio": 0.45028434155765623,
      "fcf_margin_change": -0.11068081246319539
    },
    {
      "date": "2023-06-30T00:00:00",
      "quarter_label": "2023-06 (Q2)",
      "revenue": 116920000,
      "gross_profit": 64541000,
      "operating_income": -49859000,
      "net_income": -51377000,
      "opex": 114400000,
      "cogs": 52379000,
      "rd": null,
      "sga": 87287000,
      "fcf": -37011000,
      "ocf": -17872000,
      "capex": -19139000,
      "gross_margin": 0.5520099213137187,
      "op_margin": -0.4264368799178926,
      "fcf_margin": -0.316549777625727,
      "incr_op_margin_yoy": -0.4305898867832403,
      "rev_growth_yoy": 0.3894071371700871,
      "rev_growth_yoy_accel": -0.14880497848835117,
      "op_leverage_ratio": 2.1854918773999557,
      "fcf_margin_change": 0.0005797247113640269
    },
    {
      "date": "2023-09-30T00:00:00",
      "quarter_label": "2023-09 (Q3)",
      "revenue": 118262000,
      "gross_profit": 80047000,
      "operating_income": -38359000,
      "net_income": -42654000,
      "opex": 118406000,
      "cogs": 38215000,
      "rd": null,
      "sga": 91411000,
      "fcf": -36659000,
      "ocf": -17285000,
      "capex": -19374000,
      "gross_margin": 0.6768615447058227,
      "op_margin": -0.32435609071383875,
      "fcf_margin": -0.30998122812061357,
      "incr_op_margin_yoy": -0.1192344228265841,
      "rev_growth_yoy": 0.3163770745444629,
      "rev_growth_yoy_accel": -0.07303006262562423,
      "op_leverage_ratio": 0.3277772359592667,
      "fcf_margin_change": 0.00656854950511343
    },
    {
      "date": "2023-12-31T00:00:00",
      "quarter_label": "2023-12 (Q4)",
      "revenue": 137970000,
      "gross_profit": 95190000,
      "operating_income": -44830000,
      "net_income": -49078000,
      "opex": 140020000,
      "cogs": 42780000,
      "rd": null,
      "sga": 104120000,
      "fcf": -50721000,
      "ocf": -25004000,
      "capex": -25717000,
      "gross_margin": 0.6899325940421831,
      "op_margin": -0.3249257084873523,
      "fcf_margin": -0.36762339639051966,
      "incr_op_margin_yoy": -0.3060950477736839,
      "rev_growth_yoy": 0.30229177678773694,
      "rev_growth_yoy_accel": -0.014085297756725956,
      "op_leverage_ratio": 0.9129266752498698,
      "fcf_margin_change": -0.05764216826990609
    },
    {
      "date": "2024-03-31T00:00:00",
      "quarter_label": "2024-03 (Q1)",
      "revenue": 138477000,
      "gross_profit": 97351000,
      "operating_income": -43341000,
      "net_income": -48495000,
      "opex": 140692000,
      "cogs": 41126000,
      "rd": null,
      "sga": 113727000,
      "fcf": -69750000,
      "ocf": -38438000,
      "capex": -31312000,
      "gross_margin": 0.7030120525430216,
      "op_margin": -0.31298338352217336,
      "fcf_margin": -0.503693754197448,
      "incr_op_margin_yoy": -0.10195116968025335,
      "rev_growth_yoy": 0.26915039868023094,
      "rev_growth_yoy_accel": -0.033141378107506,
      "fcf_margin_change": -0.13607035780692833
    },
    {
      "date": "2024-06-30T00:00:00",
      "quarter_label": "2024-06 (Q2)",
      "revenue": 145573000,
      "gross_profit": 102594000,
      "operating_income": -35307000,
      "net_income": -40680000,
      "opex": 137901000,
      "cogs": 42979000,
      "rd": null,
      "sga": 112731000,
      "fcf": -45494000,
      "ocf": -11394000,
      "capex": -34100000,
      "gross_margin": 0.7047598112287305,
      "op_margin": -0.24253810802827447,
      "fcf_margin": -0.3125167441764613,
      "incr_op_margin_yoy": 0.5078700310613199,
      "rev_growth_yoy": 0.24506500171057133,
      "rev_growth_yoy_accel": -0.02408539696965961,
      "op_leverage_ratio": Infinity,
      "fcf_margin_change": 0.1911770100209867
    },
    {
      "date": "2024-09-30T00:00:00",
      "quarter_label": "2024-09 (Q3)",
      "revenue": 150719000,
      "gross_profit": 102729000,
      "operating_income": -33703000,
      "net_income": -39616000,
      "opex": 136432000,
      "cogs": 47990000,
      "rd": null,
      "sga": 109200000,
      "fcf": -21178000,
      "ocf": -5342000,
      "capex": -15836000,
      "gross_margin": 0.6815928980420518,
      "op_margin": -0.22361480636150718,
      "fcf_margin": -0.14051314034726875,
      "incr_op_margin_yoy": 0.14345133561327295,
      "rev_growth_yoy": 0.274449950110771,
      "rev_growth_yoy_accel": 0.029384948400199673,
      "op_leverage_ratio": Infinity,
      "fcf_margin_change": 0.17200360382919255
    },
    {
      "date": "2024-12-31T00:00:00",
      "quarter_label": "2024-12 (Q4)",
      "revenue": 176793000,
      "gross_profit": 121588000,
      "operating_income": -23818000,
      "net_income": -33332000,
      "opex": 145406000,
      "cogs": 55205000,
      "rd": null,
      "sga": 114541000,
      "fcf": 8548000,
      "ocf": 10523000,
      "capex": -1975000,
      "gross_margin": 0.6877421617371728,
      "op_margin": -0.13472252860690187,
      "fcf_margin": 0.048350330612637375,
      "incr_op_margin_yoy": 0.5412255621667568,
      "rev_growth_yoy": 0.28138725809958687,
      "rev_growth_yoy_accel": 0.006937307988815866,
      "op_leverage_ratio": 2.630085322556095,
      "fcf_margin_change": 0.18886347095990613
    },
    {
      "date": "2025-03-31T00:00:00",
      "quarter_label": "2025-03 (Q1)",
      "revenue": 169180000,
      "gross_profit": 115996000,
      "operating_income": -44291000,
      "net_income": -51907000,
      "opex": 160287000,
      "cogs": 53184000,
      "rd": null,
      "sga": 127017000,
      "fcf": -14973000,
      "ocf": -5039000,
      "capex": -9934000,
      "gross_margin": 0.6856366000709304,
      "op_margin": -0.26179808488000944,
      "fcf_margin": -0.08850336919257595,
      "incr_op_margin_yoy": -0.030941601797869915,
      "rev_growth_yoy": 0.22171913025267734,
      "rev_growth_yoy_accel": -0.05966812784690953,
      "fcf_margin_change": -0.13685369980521334
    },
    {
      "date": "2025-06-30T00:00:00",
      "quarter_label": "2025-06 (Q2)",
      "revenue": 185544000,
      "gross_profit": 129101000,
      "operating_income": -13085000,
      "net_income": -41144000,
      "opex": 142186000,
      "cogs": 56443000,
      "rd": null,
      "sga": 118507000,
      "fcf": 5224000,
      "ocf": 15548000,
      "capex": -10324000,
      "gross_margin": 0.6957972233001337,
      "op_margin": -0.07052235588324063,
      "fcf_margin": 0.028155046781356444,
      "incr_op_margin_yoy": 0.5559530659728303,
      "rev_growth_yoy": 0.27457701634231624,
      "rev_growth_yoy_accel": 0.0528578860896389,
      "op_leverage_ratio": Infinity,
      "fcf_margin_change": 0.1166584159739324
    },
    {
      "date": "2025-09-30T00:00:00",
      "quarter_label": "2025-09 (Q3)",
      "revenue": 196503000,
      "gross_profit": 137300000,
      "operating_income": -15933000,
      "net_income": -28578000,
      "opex": 153233000,
      "cogs": 59203000,
      "rd": null,
      "sga": 124303000,
      "fcf": 4807000,
      "ocf": 14040000,
      "capex": -9233000,
      "gross_margin": 0.6987170679328051,
      "op_margin": -0.08108273156135021,
      "fcf_margin": 0.024462730848892892,
      "incr_op_margin_yoy": 0.38812685654377077,
      "rev_growth_yoy": 0.3037705929577558,
      "rev_growth_yoy_accel": 0.029193576615439587,
      "op_leverage_ratio": 0.7602151053019461,
      "fcf_margin_change": -0.0036923159324635524
    }
  ],
  "signals": [
    {
      "quarter": "2025-06 (Q2)",
      "signal": "FCF TURNED POSITIVE",
      "detail": "FCF margin: -8.9% -> +2.8%",
      "severity": "HIGH"
    },
    {
      "quarter": "2025-06 (Q2)",
      "signal": "YoY REVENUE GROWTH ACCELERATION",
      "detail": "YoY growth: +27.5% vs prior quarter YoY: +22.2% (accel: +5.3%)",
      "severity": "MEDIUM"
    },
    {
      "quarter": "2025-03 (Q1)",
      "signal": "YoY REVENUE GROWTH DECELERATION",
      "detail": "YoY growth: +22.2% vs prior quarter YoY: +28.1% (decel: -6.0%)",
      "severity": "WARNING"
    },
    {
      "quarter": "2024-12 (Q4)",
      "signal": "FCF TURNED POSITIVE",
      "detail": "FCF margin: -14.1% -> +4.8%",
      "severity": "HIGH"
    },
    {
      "quarter": "2024-12 (Q4)",
      "signal": "OPERATING LEVERAGE",
      "detail": "Rev growth +17.3% vs OpEx growth +6.6% (leverage: 2.6x)",
      "severity": "MEDIUM"
    },
    {
      "quarter": "2024-09 (Q3)",
      "signal": "FCF MARGIN EXPANSION",
      "detail": "FCF margin: -31.3% -> -14.1% (+17.2%)",
      "severity": "MEDIUM"
    },
    {
      "quarter": "2024-06 (Q2)",
      "signal": "FCF MARGIN EXPANSION",
      "detail": "FCF margin: -50.4% -> -31.3% (+19.1%)",
      "severity": "MEDIUM"
    },
    {
      "quarter": "2023-09 (Q3)",
      "signal": "GROSS MARGIN INFLECTION",
      "detail": "GM: +64.5% -> +55.2% -> +67.7% (reversal +12.5%)",
      "severity": "HIGH"
    },
    {
      "quarter": "2023-09 (Q3)",
      "signal": "YoY REVENUE GROWTH DECELERATION",
      "detail": "YoY growth: +31.6% vs prior quarter YoY: +38.9% (decel: -7.3%)",
      "severity": "WARNING"
    },
    {
      "quarter": "2023-06 (Q2)",
      "signal": "OPERATING LEVERAGE",
      "detail": "Rev growth +7.2% vs OpEx growth +3.3% (leverage: 2.2x)",
      "severity": "MEDIUM"
    },
    {
      "quarter": "2023-06 (Q2)",
      "signal": "YoY REVENUE GROWTH DECELERATION",
      "detail": "YoY growth: +38.9% vs prior quarter YoY: +53.8% (decel: -14.9%)",
      "severity": "WARNING"
    },
    {
      "quarter": "2023-03 (Q1)",
      "signal": "YoY REVENUE GROWTH ACCELERATION",
      "detail": "YoY growth: +53.8% vs prior quarter YoY: +43.2% (accel: +10.6%)",
      "severity": "MEDIUM"
    },
    {
      "quarter": "2022-12 (Q4)",
      "signal": "FCF MARGIN EXPANSION",
      "detail": "FCF margin: -27.1% -> -20.6% (+6.4%)",
      "severity": "MEDIUM"
    },
    {
      "quarter": "2022-12 (Q4)",
      "signal": "OPERATING LEVERAGE",
      "detail": "Rev growth +17.9% vs OpEx growth +9.9% (leverage: 1.8x)",
      "severity": "MEDIUM"
    },
    {
      "quarter": "2022-09 (Q3)",
      "signal": "FCF MARGIN EXPANSION",
      "detail": "FCF margin: -48.0% -> -27.1% (+20.9%)",
      "severity": "MEDIUM"
    },
    {
      "quarter": "2022-09 (Q3)",
      "signal": "OPERATING LEVERAGE",
      "detail": "Rev growth +6.8% vs OpEx growth +3.6% (leverage: 1.9x)",
      "severity": "MEDIUM"
    },
    {
      "quarter": "2022-09 (Q3)",
      "signal": "YoY REVENUE GROWTH ACCELERATION",
      "detail": "YoY growth: +42.9% vs prior quarter YoY: +35.2% (accel: +7.7%)",
      "severity": "MEDIUM"
    },
    {
      "quarter": "2022-06 (Q2)",
      "signal": "FCF MARGIN EXPANSION",
      "detail": "FCF margin: -53.5% -> -48.0% (+5.5%)",
      "severity": "MEDIUM"
    },
    {
      "quarter": "2022-06 (Q2)",
      "signal": "OPERATING LEVERAGE",
      "detail": "Rev growth +18.6% vs OpEx growth +0.9% (leverage: 21.6x)",
      "severity": "MEDIUM"
    },
    {
      "quarter": "2022-06 (Q2)",
      "signal": "YoY REVENUE GROWTH DECELERATION",
      "detail": "YoY growth: +35.2% vs prior quarter YoY: +60.8% (decel: -25.6%)",
      "severity": "WARNING"
    },
    {
      "quarter": "2022-03 (Q1)",
      "signal": "GROSS MARGIN INFLECTION",
      "detail": "GM: +63.0% -> +61.1% -> +69.4% (reversal +8.2%)",
      "severity": "HIGH"
    },
    {
      "quarter": "2022-03 (Q1)",
      "signal": "YoY REVENUE GROWTH DECELERATION",
      "detail": "YoY growth: +60.8% vs prior quarter YoY: +68.3% (decel: -7.5%)",
      "severity": "WARNING"
    },
    {
      "quarter": "2021-12 (Q4)",
      "signal": "FCF MARGIN EXPANSION",
      "detail": "FCF margin: -57.9% -> -46.4% (+11.4%)",
      "severity": "MEDIUM"
    },
    {
      "quarter": "2021-12 (Q4)",
      "signal": "OPERATING LEVERAGE",
      "detail": "Rev growth +17.6% vs OpEx growth +11.5% (leverage: 1.5x)",
      "severity": "MEDIUM"
    },
    {
      "quarter": "2021-06 (Q2)",
      "signal": "FCF MARGIN EXPANSION",
      "detail": "FCF margin: -76.6% -> -60.0% (+16.6%)",
      "severity": "MEDIUM"
    }
  ],
  "data_quality": {
    "n_quarters": 20,
    "coverage": {
      "revenue": [
        20,
        20
      ],
      "gross_profit": [
        20,
        20
      ],
      "op_income": [
        20,
        20
      ],
      "fcf": [
        20,
        20
      ]
    },
    "gaps": [],
    "warnings": []
  },
  "market_cap": null,
  "source": "SEC EDGAR",
  "last_updated": "2026-02-02T21:32:34.137645",
  "sector": "Healthcare",
  "industry": "Medical Devices"
}