{
  "ticker": "ATEN",
  "name": "A10 NETWORKS, INC.",
  "quarters": [
    {
      "date": "2020-12-31T00:00:00",
      "quarter_label": "2020-12 (Q4)",
      "revenue": 62655000,
      "gross_profit": 49194000,
      "operating_income": 7786000,
      "net_income": 7841000,
      "opex": 41408000,
      "cogs": 13461000,
      "rd": 15604000,
      "sga": null,
      "fcf": 15750000,
      "ocf": 16765000,
      "capex": -1015000,
      "gross_margin": 0.785156811108451,
      "op_margin": 0.1242678158167744,
      "fcf_margin": 0.25137658606655494
    },
    {
      "date": "2021-03-31T00:00:00",
      "quarter_label": "2021-03 (Q1)",
      "revenue": 54843000,
      "gross_profit": 42344000,
      "operating_income": 4024000,
      "net_income": 2657000,
      "opex": 38320000,
      "cogs": 12499000,
      "rd": 13981000,
      "sga": null,
      "fcf": 1504000,
      "ocf": 2273000,
      "capex": -769000,
      "gross_margin": 0.7720948890469157,
      "op_margin": 0.07337308316467006,
      "fcf_margin": 0.027423736848823006,
      "fcf_margin_change": -0.22395284921773193
    },
    {
      "date": "2021-06-30T00:00:00",
      "quarter_label": "2021-06 (Q2)",
      "revenue": 59168000,
      "gross_profit": 45538000,
      "operating_income": 7216000,
      "net_income": 6616000,
      "opex": 38322000,
      "cogs": 13630000,
      "rd": 13491000,
      "sga": null,
      "fcf": 15489000,
      "ocf": 17163000,
      "capex": -1674000,
      "gross_margin": 0.7696389940508382,
      "op_margin": 0.12195781503515414,
      "fcf_margin": 0.2617800162249865,
      "op_leverage_ratio": Infinity,
      "fcf_margin_change": 0.23435627937616346
    },
    {
      "date": "2021-09-30T00:00:00",
      "quarter_label": "2021-09 (Q3)",
      "revenue": 65360000,
      "gross_profit": 52166000,
      "operating_income": 10303000,
      "net_income": 74886000,
      "opex": 41863000,
      "cogs": 13194000,
      "rd": 13578000,
      "sga": null,
      "fcf": 20823000,
      "ocf": 21767000,
      "capex": -944000,
      "gross_margin": 0.7981334149326805,
      "op_margin": 0.15763463892288862,
      "fcf_margin": 0.3185893512851897,
      "op_leverage_ratio": 1.1325732449774404,
      "fcf_margin_change": 0.05680933506020325
    },
    {
      "date": "2021-12-31T00:00:00",
      "quarter_label": "2021-12 (Q4)",
      "revenue": 70671000,
      "gross_profit": 56489000,
      "operating_income": 11845000,
      "net_income": 10728000,
      "opex": 44644000,
      "cogs": 14182000,
      "rd": 13027000,
      "sga": null,
      "fcf": 7110000,
      "ocf": 8894000,
      "capex": -1784000,
      "gross_margin": 0.7993236263814011,
      "op_margin": 0.16760764670090986,
      "fcf_margin": 0.10060703824765463,
      "incr_op_margin_yoy": 0.5063622754491018,
      "rev_growth_yoy": 0.12793871199425425,
      "op_leverage_ratio": 1.2231891403768445,
      "fcf_margin_change": -0.2179823130375351
    },
    {
      "date": "2022-03-31T00:00:00",
      "quarter_label": "2022-03 (Q1)",
      "revenue": 62672000,
      "gross_profit": 49833000,
      "operating_income": 8002000,
      "net_income": 6349000,
      "opex": 41831000,
      "cogs": 12839000,
      "rd": 12887000,
      "sga": null,
      "fcf": 12771000,
      "ocf": 15908000,
      "capex": -3137000,
      "gross_margin": 0.7951397753382691,
      "op_margin": 0.12768062292570845,
      "fcf_margin": 0.20377521062037274,
      "incr_op_margin_yoy": 0.5081108698428918,
      "rev_growth_yoy": 0.14275294932808197,
      "rev_growth_yoy_accel": 0.014814237333827723,
      "fcf_margin_change": 0.10316817237271811
    },
    {
      "date": "2022-06-30T00:00:00",
      "quarter_label": "2022-06 (Q2)",
      "revenue": 67973000,
      "gross_profit": 54488000,
      "operating_income": 13143000,
      "net_income": 10416000,
      "opex": 41345000,
      "cogs": 13485000,
      "rd": 14235000,
      "sga": null,
      "fcf": 6948000,
      "ocf": 8832000,
      "capex": -1884000,
      "gross_margin": 0.8016124049254851,
      "op_margin": 0.19335618554426023,
      "fcf_margin": 0.10221705677254204,
      "incr_op_margin_yoy": 0.6731402612152186,
      "rev_growth_yoy": 0.14881354786371012,
      "rev_growth_yoy_accel": 0.006060598535628153,
      "op_leverage_ratio": Infinity,
      "fcf_margin_change": -0.10155815384783069
    },
    {
      "date": "2022-09-30T00:00:00",
      "quarter_label": "2022-09 (Q3)",
      "revenue": 72059000,
      "gross_profit": 57294000,
      "operating_income": 15668000,
      "net_income": 12113000,
      "opex": 41626000,
      "cogs": 14765000,
      "rd": 14360000,
      "sga": null,
      "fcf": 10793000,
      "ocf": 14033000,
      "capex": -3240000,
      "gross_margin": 0.7950984609833609,
      "op_margin": 0.21743293689893003,
      "fcf_margin": 0.14978004135500075,
      "incr_op_margin_yoy": 0.8008658008658008,
      "rev_growth_yoy": 0.10249388004895961,
      "rev_growth_yoy_accel": -0.04631966781475051,
      "op_leverage_ratio": 8.844608229151904,
      "fcf_margin_change": 0.04756298458245871
    },
    {
      "date": "2022-12-31T00:00:00",
      "quarter_label": "2022-12 (Q4)",
      "revenue": 77634000,
      "gross_profit": 61891000,
      "operating_income": 16266000,
      "net_income": 18030000,
      "opex": 45625000,
      "cogs": 15743000,
      "rd": 16915000,
      "sga": null,
      "fcf": 24789000,
      "ocf": 27327000,
      "capex": -2538000,
      "gross_margin": 0.7972151376974006,
      "op_margin": 0.20952160136022877,
      "fcf_margin": 0.31930597418656775,
      "incr_op_margin_yoy": 0.634927473790033,
      "rev_growth_yoy": 0.09852697711932759,
      "rev_growth_yoy_accel": -0.0039669029296320185,
      "op_leverage_ratio": 0.8053226548563895,
      "fcf_margin_change": 0.169525932831567
    },
    {
      "date": "2023-03-31T00:00:00",
      "quarter_label": "2023-03 (Q1)",
      "revenue": 57691000,
      "gross_profit": 47475000,
      "operating_income": 6167000,
      "net_income": 3958000,
      "opex": 41308000,
      "cogs": 10216000,
      "rd": 11665000,
      "sga": null,
      "fcf": -3521000,
      "ocf": -846000,
      "capex": -2675000,
      "gross_margin": 0.8229186528227973,
      "op_margin": 0.10689708966736579,
      "fcf_margin": -0.061032050059801356,
      "incr_op_margin_yoy": 0.36839991969484037,
      "rev_growth_yoy": -0.07947727852948686,
      "rev_growth_yoy_accel": -0.17800425564881445,
      "fcf_margin_change": -0.3803380242463691
    },
    {
      "date": "2023-06-30T00:00:00",
      "quarter_label": "2023-06 (Q2)",
      "revenue": 65817000,
      "gross_profit": 52354000,
      "operating_income": 12266000,
      "net_income": 11626000,
      "opex": 40088000,
      "cogs": 13463000,
      "rd": 13965000,
      "sga": null,
      "fcf": 17178000,
      "ocf": 19568000,
      "capex": -2390000,
      "gross_margin": 0.7954479845632587,
      "op_margin": 0.18636522478994788,
      "fcf_margin": 0.2609963991066138,
      "incr_op_margin_yoy": 0.4067717996289425,
      "rev_growth_yoy": -0.031718476453886105,
      "rev_growth_yoy_accel": 0.04775880207560075,
      "op_leverage_ratio": Infinity,
      "fcf_margin_change": 0.32202844916641515
    },
    {
      "date": "2023-09-30T00:00:00",
      "quarter_label": "2023-09 (Q3)",
      "revenue": 57775000,
      "gross_profit": 46766000,
      "operating_income": 2209000,
      "net_income": 6469000,
      "opex": 44557000,
      "cogs": 11009000,
      "rd": 17620000,
      "sga": null,
      "fcf": 20374000,
      "ocf": 23061000,
      "capex": -2687000,
      "gross_margin": 0.8094504543487667,
      "op_margin": 0.03823453050627434,
      "fcf_margin": 0.3526438771094764,
      "incr_op_margin_yoy": 0.9422430691683003,
      "rev_growth_yoy": -0.19822645332297145,
      "rev_growth_yoy_accel": -0.16650797686908536,
      "fcf_margin_change": 0.0916474780028626
    },
    {
      "date": "2023-12-31T00:00:00",
      "quarter_label": "2023-12 (Q4)",
      "revenue": 70417000,
      "gross_profit": 57143000,
      "operating_income": 18006000,
      "net_income": 17917000,
      "opex": 39137000,
      "cogs": 13274000,
      "rd": 11979000,
      "sga": null,
      "fcf": -413000,
      "ocf": 2731000,
      "capex": -3144000,
      "gross_margin": 0.8114943834585399,
      "op_margin": 0.2557052984364571,
      "fcf_margin": -0.005865060993794112,
      "incr_op_margin_yoy": -0.24109740889566303,
      "rev_growth_yoy": -0.09296184661359713,
      "rev_growth_yoy_accel": 0.10526460670937432,
      "op_leverage_ratio": Infinity,
      "fcf_margin_change": -0.35850893810327056
    },
    {
      "date": "2024-03-31T00:00:00",
      "quarter_label": "2024-03 (Q1)",
      "revenue": 60675000,
      "gross_profit": 49231000,
      "operating_income": 7213000,
      "net_income": 9726000,
      "opex": 42018000,
      "cogs": 11444000,
      "rd": 14063000,
      "sga": null,
      "fcf": 29519000,
      "ocf": 32444000,
      "capex": -2925000,
      "gross_margin": 0.8113885455294603,
      "op_margin": 0.1188792748248867,
      "fcf_margin": 0.4865100947672023,
      "incr_op_margin_yoy": 0.35053619302949063,
      "rev_growth_yoy": 0.05172383907368567,
      "rev_growth_yoy_accel": 0.1446856856872828,
      "fcf_margin_change": 0.49237515576099644
    },
    {
      "date": "2024-06-30T00:00:00",
      "quarter_label": "2024-06 (Q2)",
      "revenue": 60096000,
      "gross_profit": 48058000,
      "operating_income": 7916000,
      "net_income": 9476000,
      "opex": 40142000,
      "cogs": 12038000,
      "rd": 14737000,
      "sga": null,
      "fcf": 8717000,
      "ocf": 12206000,
      "capex": -3489000,
      "gross_margin": 0.799687167199148,
      "op_margin": 0.13172257720979766,
      "fcf_margin": 0.14505125133120342,
      "incr_op_margin_yoy": 0.7603565810173046,
      "rev_growth_yoy": -0.08692283148730572,
      "rev_growth_yoy_accel": -0.1386466705609914,
      "fcf_margin_change": -0.34145884343599886
    },
    {
      "date": "2024-09-30T00:00:00",
      "quarter_label": "2024-09 (Q3)",
      "revenue": 66721000,
      "gross_profit": 53682000,
      "operating_income": 10443000,
      "net_income": 12637000,
      "opex": 43239000,
      "cogs": 13039000,
      "rd": 15734000,
      "sga": null,
      "fcf": 16660000,
      "ocf": 20132000,
      "capex": -3472000,
      "gross_margin": 0.8045742719683457,
      "op_margin": 0.15651743828779544,
      "fcf_margin": 0.24969649735465596,
      "incr_op_margin_yoy": 0.9204113570310754,
      "rev_growth_yoy": 0.15484205971440934,
      "rev_growth_yoy_accel": 0.24176489120171507,
      "op_leverage_ratio": 1.4288877651531955,
      "fcf_margin_change": 0.10464524602345254
    },
    {
      "date": "2024-12-31T00:00:00",
      "quarter_label": "2024-12 (Q4)",
      "revenue": 74204000,
      "gross_profit": 59306000,
      "operating_income": 18396000,
      "net_income": 18301000,
      "opex": 40910000,
      "cogs": 14898000,
      "rd": 13193000,
      "sga": null,
      "fcf": 23328000,
      "ocf": 25710000,
      "capex": -2382000,
      "gross_margin": 0.799229152067274,
      "op_margin": 0.24791116381866207,
      "fcf_margin": 0.31437658347258907,
      "incr_op_margin_yoy": 0.10298389226300501,
      "rev_growth_yoy": 0.053779627078688386,
      "rev_growth_yoy_accel": -0.10106243263572096,
      "op_leverage_ratio": Infinity,
      "fcf_margin_change": 0.0646800861179331
    },
    {
      "date": "2025-03-31T00:00:00",
      "quarter_label": "2025-03 (Q1)",
      "revenue": 66137000,
      "gross_profit": 52695000,
      "operating_income": 8778000,
      "net_income": 9543000,
      "opex": 43917000,
      "cogs": 13442000,
      "rd": 15900000,
      "sga": null,
      "fcf": 12710000,
      "ocf": 17204000,
      "capex": -4494000,
      "gross_margin": 0.7967552202246851,
      "op_margin": 0.1327244961216868,
      "fcf_margin": 0.19217684503379348,
      "incr_op_margin_yoy": 0.2865250823874039,
      "rev_growth_yoy": 0.09002060156571899,
      "rev_growth_yoy_accel": 0.036240974487030606,
      "fcf_margin_change": -0.12219973843879559
    },
    {
      "date": "2025-06-30T00:00:00",
      "quarter_label": "2025-06 (Q2)",
      "revenue": 69383000,
      "gross_profit": 54711000,
      "operating_income": 10311000,
      "net_income": 10538000,
      "opex": 44400000,
      "cogs": 14672000,
      "rd": 16256000,
      "sga": null,
      "fcf": 17937000,
      "ocf": 22180000,
      "capex": -4243000,
      "gross_margin": 0.7885360967383941,
      "op_margin": 0.14860989003069916,
      "fcf_margin": 0.25852153985846676,
      "incr_op_margin_yoy": 0.2578873694411543,
      "rev_growth_yoy": 0.15453607561235358,
      "rev_growth_yoy_accel": 0.06451547404663459,
      "op_leverage_ratio": 4.462616419126983,
      "fcf_margin_change": 0.06634469482467328
    },
    {
      "date": "2025-09-30T00:00:00",
      "quarter_label": "2025-09 (Q3)",
      "revenue": 74682000,
      "gross_profit": 59852000,
      "operating_income": 12994000,
      "net_income": 12191000,
      "opex": 46858000,
      "cogs": 14830000,
      "rd": 18377000,
      "sga": null,
      "fcf": 18076000,
      "ocf": 22803000,
      "capex": -4727000,
      "gross_margin": 0.8014247074261536,
      "op_margin": 0.17399105540826437,
      "fcf_margin": 0.24203958115744087,
      "incr_op_margin_yoy": 0.32043713101369176,
      "rev_growth_yoy": 0.1193177560288365,
      "rev_growth_yoy_accel": -0.03521831958351708,
      "op_leverage_ratio": 1.379564267430462,
      "fcf_margin_change": -0.016481958701025895
    }
  ],
  "signals": [
    {
      "quarter": "2025-09 (Q3)",
      "signal": "INCREMENTAL MARGIN (YoY)",
      "detail": "YoY Incr OPM: +32.0% vs year-ago OPM: +15.7%",
      "severity": "MEDIUM"
    },
    {
      "quarter": "2025-06 (Q2)",
      "signal": "FCF MARGIN EXPANSION",
      "detail": "FCF margin: +19.2% -> +25.9% (+6.6%)",
      "severity": "MEDIUM"
    },
    {
      "quarter": "2025-06 (Q2)",
      "signal": "OPERATING LEVERAGE",
      "detail": "Rev growth +4.9% vs OpEx growth +1.1% (leverage: 4.5x)",
      "severity": "MEDIUM"
    },
    {
      "quarter": "2025-06 (Q2)",
      "signal": "YoY REVENUE GROWTH ACCELERATION",
      "detail": "YoY growth: +15.5% vs prior quarter YoY: +9.0% (accel: +6.5%)",
      "severity": "MEDIUM"
    },
    {
      "quarter": "2025-06 (Q2)",
      "signal": "INCREMENTAL MARGIN (YoY)",
      "detail": "YoY Incr OPM: +25.8% vs year-ago OPM: +13.2%",
      "severity": "MEDIUM"
    },
    {
      "quarter": "2025-03 (Q1)",
      "signal": "INCREMENTAL MARGIN (YoY)",
      "detail": "YoY Incr OPM: +28.7% vs year-ago OPM: +11.9%",
      "severity": "MEDIUM"
    },
    {
      "quarter": "2024-12 (Q4)",
      "signal": "FCF MARGIN EXPANSION",
      "detail": "FCF margin: +25.0% -> +31.4% (+6.5%)",
      "severity": "MEDIUM"
    },
    {
      "quarter": "2024-12 (Q4)",
      "signal": "YoY REVENUE GROWTH DECELERATION",
      "detail": "YoY growth: +5.4% vs prior quarter YoY: +15.5% (decel: -10.1%)",
      "severity": "WARNING"
    },
    {
      "quarter": "2024-09 (Q3)",
      "signal": "FCF MARGIN EXPANSION",
      "detail": "FCF margin: +14.5% -> +25.0% (+10.5%)",
      "severity": "MEDIUM"
    },
    {
      "quarter": "2024-09 (Q3)",
      "signal": "YoY REVENUE GROWTH ACCELERATION",
      "detail": "YoY growth: +15.5% vs prior quarter YoY: -8.7% (accel: +24.2%)",
      "severity": "HIGH"
    },
    {
      "quarter": "2024-09 (Q3)",
      "signal": "INCREMENTAL MARGIN (YoY)",
      "detail": "YoY Incr OPM: +92.0% vs year-ago OPM: +3.8%",
      "severity": "HIGH"
    },
    {
      "quarter": "2024-06 (Q2)",
      "signal": "YoY REVENUE GROWTH DECELERATION",
      "detail": "YoY growth: -8.7% vs prior quarter YoY: +5.2% (decel: -13.9%)",
      "severity": "WARNING"
    },
    {
      "quarter": "2024-06 (Q2)",
      "signal": "INCREMENTAL MARGIN (YoY)",
      "detail": "YoY Incr OPM: +76.0% vs year-ago OPM: +18.6%",
      "severity": "HIGH"
    },
    {
      "quarter": "2024-03 (Q1)",
      "signal": "FCF TURNED POSITIVE",
      "detail": "FCF margin: -0.6% -> +48.7%",
      "severity": "HIGH"
    },
    {
      "quarter": "2024-03 (Q1)",
      "signal": "YoY REVENUE GROWTH ACCELERATION",
      "detail": "YoY growth: +5.2% vs prior quarter YoY: -9.3% (accel: +14.5%)",
      "severity": "MEDIUM"
    },
    {
      "quarter": "2024-03 (Q1)",
      "signal": "INCREMENTAL MARGIN (YoY)",
      "detail": "YoY Incr OPM: +35.1% vs year-ago OPM: +10.7%",
      "severity": "HIGH"
    },
    {
      "quarter": "2023-12 (Q4)",
      "signal": "YoY REVENUE GROWTH ACCELERATION",
      "detail": "YoY growth: -9.3% vs prior quarter YoY: -19.8% (accel: +10.5%)",
      "severity": "MEDIUM"
    },
    {
      "quarter": "2023-09 (Q3)",
      "signal": "FCF MARGIN EXPANSION",
      "detail": "FCF margin: +26.1% -> +35.3% (+9.2%)",
      "severity": "MEDIUM"
    },
    {
      "quarter": "2023-09 (Q3)",
      "signal": "YoY REVENUE GROWTH DECELERATION",
      "detail": "YoY growth: -19.8% vs prior quarter YoY: -3.2% (decel: -16.7%)",
      "severity": "WARNING"
    },
    {
      "quarter": "2023-09 (Q3)",
      "signal": "INCREMENTAL MARGIN (YoY)",
      "detail": "YoY Incr OPM: +94.2% vs year-ago OPM: +21.7%",
      "severity": "HIGH"
    },
    {
      "quarter": "2023-06 (Q2)",
      "signal": "FCF TURNED POSITIVE",
      "detail": "FCF margin: -6.1% -> +26.1%",
      "severity": "HIGH"
    },
    {
      "quarter": "2023-06 (Q2)",
      "signal": "INCREMENTAL MARGIN (YoY)",
      "detail": "YoY Incr OPM: +40.7% vs year-ago OPM: +19.3%",
      "severity": "HIGH"
    },
    {
      "quarter": "2023-03 (Q1)",
      "signal": "YoY REVENUE GROWTH DECELERATION",
      "detail": "YoY growth: -7.9% vs prior quarter YoY: +9.9% (decel: -17.8%)",
      "severity": "WARNING"
    },
    {
      "quarter": "2023-03 (Q1)",
      "signal": "INCREMENTAL MARGIN (YoY)",
      "detail": "YoY Incr OPM: +36.8% vs year-ago OPM: +12.8%",
      "severity": "HIGH"
    },
    {
      "quarter": "2022-12 (Q4)",
      "signal": "FCF MARGIN EXPANSION",
      "detail": "FCF margin: +15.0% -> +31.9% (+17.0%)",
      "severity": "MEDIUM"
    },
    {
      "quarter": "2022-12 (Q4)",
      "signal": "INCREMENTAL MARGIN (YoY)",
      "detail": "YoY Incr OPM: +63.5% vs year-ago OPM: +16.8%",
      "severity": "HIGH"
    },
    {
      "quarter": "2022-09 (Q3)",
      "signal": "OPERATING LEVERAGE",
      "detail": "Rev growth +6.0% vs OpEx growth +0.7% (leverage: 8.8x)",
      "severity": "MEDIUM"
    },
    {
      "quarter": "2022-09 (Q3)",
      "signal": "INCREMENTAL MARGIN (YoY)",
      "detail": "YoY Incr OPM: +80.1% vs year-ago OPM: +15.8%",
      "severity": "HIGH"
    },
    {
      "quarter": "2022-06 (Q2)",
      "signal": "INCREMENTAL MARGIN (YoY)",
      "detail": "YoY Incr OPM: +67.3% vs year-ago OPM: +12.2%",
      "severity": "HIGH"
    },
    {
      "quarter": "2022-03 (Q1)",
      "signal": "FCF MARGIN EXPANSION",
      "detail": "FCF margin: +10.1% -> +20.4% (+10.3%)",
      "severity": "MEDIUM"
    },
    {
      "quarter": "2022-03 (Q1)",
      "signal": "INCREMENTAL MARGIN (YoY)",
      "detail": "YoY Incr OPM: +50.8% vs year-ago OPM: +7.3%",
      "severity": "HIGH"
    },
    {
      "quarter": "2021-12 (Q4)",
      "signal": "INCREMENTAL MARGIN (YoY)",
      "detail": "YoY Incr OPM: +50.6% vs year-ago OPM: +12.4%",
      "severity": "HIGH"
    },
    {
      "quarter": "2021-09 (Q3)",
      "signal": "FCF MARGIN EXPANSION",
      "detail": "FCF margin: +26.2% -> +31.9% (+5.7%)",
      "severity": "MEDIUM"
    },
    {
      "quarter": "2021-09 (Q3)",
      "signal": "GROSS MARGIN INFLECTION",
      "detail": "GM: +77.2% -> +77.0% -> +79.8% (reversal +2.8%)",
      "severity": "MEDIUM"
    },
    {
      "quarter": "2021-06 (Q2)",
      "signal": "FCF MARGIN EXPANSION",
      "detail": "FCF margin: +2.7% -> +26.2% (+23.4%)",
      "severity": "MEDIUM"
    },
    {
      "quarter": "2021-06 (Q2)",
      "signal": "OPERATING LEVERAGE",
      "detail": "Rev growth +7.9% vs OpEx growth +0.0% (leverage: 1511.0x)",
      "severity": "MEDIUM"
    }
  ],
  "data_quality": {
    "n_quarters": 20,
    "coverage": {
      "revenue": [
        20,
        20
      ],
      "gross_profit": [
        20,
        20
      ],
      "op_income": [
        20,
        20
      ],
      "fcf": [
        20,
        20
      ]
    },
    "gaps": [],
    "warnings": []
  },
  "market_cap": null,
  "source": "SEC EDGAR",
  "last_updated": "2026-02-02T21:53:33.061411",
  "sector": "Technology",
  "industry": "Software - Infrastructure"
}