{
  "ticker": "ATER",
  "name": "Aterian, Inc.",
  "quarters": [
    {
      "date": "2020-12-31T00:00:00",
      "quarter_label": "2020-12 (Q4)",
      "revenue": 41492000,
      "gross_profit": 18752000,
      "operating_income": -19141000,
      "net_income": -44354000,
      "opex": 37893000,
      "cogs": 22740000,
      "rd": 1552000,
      "sga": null,
      "fcf": -1565000,
      "ocf": -1509000,
      "capex": -56000,
      "gross_margin": 0.4519425431408464,
      "op_margin": -0.46131784440374046,
      "fcf_margin": -0.037718114335293554
    },
    {
      "date": "2021-03-31T00:00:00",
      "quarter_label": "2021-03 (Q1)",
      "revenue": 48136000,
      "gross_profit": 26063000,
      "operating_income": -27751000,
      "net_income": -82553000,
      "opex": 53814000,
      "cogs": 22073000,
      "rd": 2124000,
      "sga": null,
      "fcf": -8515000,
      "ocf": -8495000,
      "capex": -20000,
      "gross_margin": 0.5414450722951637,
      "op_margin": -0.5765123815855078,
      "fcf_margin": -0.17689463187635035,
      "op_leverage_ratio": 0.3811131219676048,
      "fcf_margin_change": -0.1391765175410568
    },
    {
      "date": "2021-06-30T00:00:00",
      "quarter_label": "2021-06 (Q2)",
      "revenue": 68188000,
      "gross_profit": 32743000,
      "operating_income": 4468000,
      "net_income": -36306000,
      "opex": 28275000,
      "cogs": 35445000,
      "rd": 2324000,
      "sga": null,
      "fcf": -24365000,
      "ocf": -24341000,
      "capex": -24000,
      "gross_margin": 0.4801871297002405,
      "op_margin": 0.06552472575819793,
      "fcf_margin": -0.3573209362351147,
      "op_leverage_ratio": Infinity,
      "fcf_margin_change": -0.18042630435876433
    },
    {
      "date": "2021-09-30T00:00:00",
      "quarter_label": "2021-09 (Q3)",
      "revenue": 68121000,
      "gross_profit": 34175000,
      "operating_income": -7527000,
      "net_income": -110556000,
      "opex": 41702000,
      "cogs": 33946000,
      "rd": 2767000,
      "sga": null,
      "fcf": -7583000,
      "ocf": -7613000,
      "capex": 30000,
      "gross_margin": 0.5016808326360447,
      "op_margin": -0.1104945611485445,
      "fcf_margin": -0.11131662776529998,
      "fcf_margin_change": 0.2460043084698147
    },
    {
      "date": "2021-12-31T00:00:00",
      "quarter_label": "2021-12 (Q4)",
      "revenue": 63321000,
      "gross_profit": 28881000,
      "operating_income": -3265000,
      "net_income": -6609000,
      "opex": 32146000,
      "cogs": 34440000,
      "rd": 2617000,
      "sga": null,
      "fcf": -1538000,
      "ocf": -1520000,
      "capex": -18000,
      "gross_margin": 0.4561046098450751,
      "op_margin": -0.05156267273100551,
      "fcf_margin": -0.024288940477882534,
      "incr_op_margin_yoy": 0.7272893856796006,
      "rev_growth_yoy": 0.5261014171406536,
      "fcf_margin_change": 0.08702768728741744
    },
    {
      "date": "2022-03-31T00:00:00",
      "quarter_label": "2022-03 (Q1)",
      "revenue": 41673000,
      "gross_profit": 23607000,
      "operating_income": -36297000,
      "net_income": -42776000,
      "opex": 59904000,
      "cogs": 18066000,
      "rd": 1144000,
      "sga": null,
      "fcf": -13170000,
      "ocf": -13170000,
      "capex": null,
      "gross_margin": 0.5664818947519977,
      "op_margin": -0.8709956086674825,
      "fcf_margin": -0.3160319631416025,
      "incr_op_margin_yoy": 1.3222961473000154,
      "rev_growth_yoy": -0.13426541465846767,
      "rev_growth_yoy_accel": -0.6603668317991213,
      "fcf_margin_change": -0.29174302266371993
    },
    {
      "date": "2022-06-30T00:00:00",
      "quarter_label": "2022-06 (Q2)",
      "revenue": 58268000,
      "gross_profit": 31351000,
      "operating_income": -10125000,
      "net_income": -16309000,
      "opex": 41476000,
      "cogs": 26917000,
      "rd": 1730000,
      "sga": null,
      "fcf": -8941000,
      "ocf": -8941000,
      "capex": null,
      "gross_margin": 0.5380483284135374,
      "op_margin": -0.17376604654355735,
      "fcf_margin": -0.1534461453971305,
      "incr_op_margin_yoy": 1.4710685483870967,
      "rev_growth_yoy": -0.1454801431336892,
      "rev_growth_yoy_accel": -0.011214728475221536,
      "op_leverage_ratio": Infinity,
      "fcf_margin_change": 0.16258581774447198
    },
    {
      "date": "2022-09-30T00:00:00",
      "quarter_label": "2022-09 (Q3)",
      "revenue": 66326000,
      "gross_profit": 30191000,
      "operating_income": -108941000,
      "net_income": -116902000,
      "opex": 139132000,
      "cogs": 36135000,
      "rd": 1706000,
      "sga": null,
      "fcf": 2570000,
      "ocf": 2570000,
      "capex": null,
      "gross_margin": 0.45519102614359375,
      "op_margin": -1.6425082169888128,
      "fcf_margin": 0.03874800229171064,
      "incr_op_margin_yoy": 56.49805013927577,
      "rev_growth_yoy": -0.026350171019215808,
      "rev_growth_yoy_accel": 0.1191299721144734,
      "op_leverage_ratio": 0.05873474475100628,
      "fcf_margin_change": 0.19219414768884113
    },
    {
      "date": "2022-12-31T00:00:00",
      "quarter_label": "2022-12 (Q4)",
      "revenue": 54902000,
      "gross_profit": 20368000,
      "operating_income": -22795000,
      "net_income": -20305000,
      "opex": 43163000,
      "cogs": 34534000,
      "rd": 1430000,
      "sga": null,
      "fcf": 2011000,
      "ocf": 2064000,
      "capex": -53000,
      "gross_margin": 0.370988306436924,
      "op_margin": -0.41519434628975266,
      "fcf_margin": 0.03662890240792685,
      "incr_op_margin_yoy": 2.3197529397790713,
      "rev_growth_yoy": -0.13295747066534008,
      "rev_growth_yoy_accel": -0.10660729964612428,
      "fcf_margin_change": -0.0021190998837837885
    },
    {
      "date": "2023-03-31T00:00:00",
      "quarter_label": "2023-03 (Q1)",
      "revenue": 34879000,
      "gross_profit": 19097000,
      "operating_income": -24995000,
      "net_income": -25800000,
      "opex": 44092000,
      "cogs": 15782000,
      "rd": 1247000,
      "sga": null,
      "fcf": -7542000,
      "ocf": -7417000,
      "capex": -125000,
      "gross_margin": 0.5475214312336937,
      "op_margin": -0.7166203159494251,
      "fcf_margin": -0.21623326356833625,
      "incr_op_margin_yoy": -1.6635266411539593,
      "rev_growth_yoy": -0.1630312192546733,
      "rev_growth_yoy_accel": -0.030073748589333205,
      "fcf_margin_change": -0.2528621659762631
    },
    {
      "date": "2023-06-30T00:00:00",
      "quarter_label": "2023-06 (Q2)",
      "revenue": 35264000,
      "gross_profit": 14896000,
      "operating_income": -36436000,
      "net_income": -34787000,
      "opex": 51332000,
      "cogs": 20368000,
      "rd": 1709000,
      "sga": null,
      "fcf": -1381000,
      "ocf": -1440000,
      "capex": 59000,
      "gross_margin": 0.4224137931034483,
      "op_margin": -1.0332350272232305,
      "fcf_margin": -0.039161751361161526,
      "incr_op_margin_yoy": 1.1437576073726308,
      "rev_growth_yoy": -0.3947964577469623,
      "rev_growth_yoy_accel": -0.23176523849228903,
      "op_leverage_ratio": 0.06722300727424044,
      "fcf_margin_change": 0.1770715122071747
    },
    {
      "date": "2023-09-30T00:00:00",
      "quarter_label": "2023-09 (Q3)",
      "revenue": 39668000,
      "gross_profit": 19583000,
      "operating_income": -6516000,
      "net_income": -6270000,
      "opex": 26099000,
      "cogs": 20085000,
      "rd": 852000,
      "sga": null,
      "fcf": 385000,
      "ocf": 399000,
      "capex": -14000,
      "gross_margin": 0.49367248159725724,
      "op_margin": -0.16426338610466876,
      "fcf_margin": 0.009705556115760815,
      "incr_op_margin_yoy": -3.8421862105184186,
      "rev_growth_yoy": -0.40192383077526156,
      "rev_growth_yoy_accel": -0.007127373028299244,
      "op_leverage_ratio": Infinity,
      "fcf_margin_change": 0.04886730747692234
    },
    {
      "date": "2023-12-31T00:00:00",
      "quarter_label": "2023-12 (Q4)",
      "revenue": 32755000,
      "gross_profit": 16710000,
      "operating_income": -8242000,
      "net_income": -7707000,
      "opex": 24952000,
      "cogs": 16045000,
      "rd": 808000,
      "sga": null,
      "fcf": -4969000,
      "ocf": -4930000,
      "capex": -39000,
      "gross_margin": 0.510151121966112,
      "op_margin": -0.2516257059990841,
      "fcf_margin": -0.15170203022439321,
      "incr_op_margin_yoy": -0.6571093150313813,
      "rev_growth_yoy": -0.40339149757750176,
      "rev_growth_yoy_accel": -0.0014676668022401973,
      "fcf_margin_change": -0.16140758634015404
    },
    {
      "date": "2024-03-31T00:00:00",
      "quarter_label": "2024-03 (Q1)",
      "revenue": 20214000,
      "gross_profit": 13168000,
      "operating_income": -5278000,
      "net_income": -5162000,
      "opex": 18446000,
      "cogs": 7046000,
      "rd": 0,
      "sga": null,
      "fcf": -42000,
      "ocf": -6000,
      "capex": -36000,
      "gross_margin": 0.6514297021866033,
      "op_margin": -0.2611061640447215,
      "fcf_margin": -0.0020777678836449986,
      "incr_op_margin_yoy": -1.3444936924650528,
      "rev_growth_yoy": -0.4204535680495427,
      "rev_growth_yoy_accel": -0.017062070472040947,
      "fcf_margin_change": 0.14962426234074822
    },
    {
      "date": "2024-06-30T00:00:00",
      "quarter_label": "2024-06 (Q2)",
      "revenue": 27984000,
      "gross_profit": 16891000,
      "operating_income": -3205000,
      "net_income": -3629000,
      "opex": 20096000,
      "cogs": 11093000,
      "rd": 0,
      "sga": null,
      "fcf": 2896000,
      "ocf": 2902000,
      "capex": -6000,
      "gross_margin": 0.6035949113779302,
      "op_margin": -0.1145297312750143,
      "fcf_margin": 0.10348770726129217,
      "incr_op_margin_yoy": -4.564697802197802,
      "rev_growth_yoy": -0.20644283121597096,
      "rev_growth_yoy_accel": 0.21401073683357175,
      "op_leverage_ratio": 4.29721435188933,
      "fcf_margin_change": 0.10556547514493717
    },
    {
      "date": "2024-09-30T00:00:00",
      "quarter_label": "2024-09 (Q3)",
      "revenue": 26239000,
      "gross_profit": 15828000,
      "operating_income": -1730000,
      "net_income": -1773000,
      "opex": 17558000,
      "cogs": 10411000,
      "rd": 0,
      "sga": null,
      "fcf": -722000,
      "ocf": -722000,
      "capex": null,
      "gross_margin": 0.6032242082396433,
      "op_margin": -0.06593239071610961,
      "fcf_margin": -0.027516292541636494,
      "incr_op_margin_yoy": -0.35639288107826345,
      "rev_growth_yoy": -0.3385348391650701,
      "rev_growth_yoy_accel": -0.13209200794909914,
      "fcf_margin_change": -0.13100399980292865
    },
    {
      "date": "2024-12-31T00:00:00",
      "quarter_label": "2024-12 (Q4)",
      "revenue": 24607000,
      "gross_profit": 15607000,
      "operating_income": -1611000,
      "net_income": -1298000,
      "opex": 17218000,
      "cogs": 9000000,
      "rd": 0,
      "sga": null,
      "fcf": -9000,
      "ocf": -9000,
      "capex": null,
      "gross_margin": 0.6342504165481367,
      "op_margin": -0.06546917543788353,
      "fcf_margin": -0.0003657495834518633,
      "incr_op_margin_yoy": -0.8138193421698576,
      "rev_growth_yoy": -0.24875591512746145,
      "rev_growth_yoy_accel": 0.08977892403760865,
      "fcf_margin_change": 0.027150542958184632
    },
    {
      "date": "2025-03-31T00:00:00",
      "quarter_label": "2025-03 (Q1)",
      "revenue": 15360000,
      "gross_profit": 9424000,
      "operating_income": -3696000,
      "net_income": -3896000,
      "opex": 13120000,
      "cogs": 5936000,
      "rd": null,
      "sga": null,
      "fcf": -3868000,
      "ocf": -3868000,
      "capex": null,
      "gross_margin": 0.6135416666666667,
      "op_margin": -0.240625,
      "fcf_margin": -0.2518229166666667,
      "incr_op_margin_yoy": -0.3259167696744953,
      "rev_growth_yoy": -0.24013060255268626,
      "rev_growth_yoy_accel": 0.008625312574775196,
      "fcf_margin_change": -0.2514571670832148
    },
    {
      "date": "2025-06-30T00:00:00",
      "quarter_label": "2025-06 (Q2)",
      "revenue": 19462000,
      "gross_profit": 10566000,
      "operating_income": -4505000,
      "net_income": -4860000,
      "opex": 15071000,
      "cogs": 8896000,
      "rd": null,
      "sga": null,
      "fcf": -4425000,
      "ocf": -4419000,
      "capex": -6000,
      "gross_margin": 0.5429041208508889,
      "op_margin": -0.23147672387216114,
      "fcf_margin": -0.22736614941938135,
      "incr_op_margin_yoy": 0.15254635062191974,
      "rev_growth_yoy": -0.30453116066323616,
      "rev_growth_yoy_accel": -0.0644005581105499,
      "op_leverage_ratio": 1.7958952673842472,
      "fcf_margin_change": 0.02445676724728532
    },
    {
      "date": "2025-09-30T00:00:00",
      "quarter_label": "2025-09 (Q3)",
      "revenue": 19021000,
      "gross_profit": 10671000,
      "operating_income": -2043000,
      "net_income": -2281000,
      "opex": 12714000,
      "cogs": 8350000,
      "rd": null,
      "sga": null,
      "fcf": -1606000,
      "ocf": -1566000,
      "capex": -40000,
      "gross_margin": 0.5610115135902424,
      "op_margin": -0.10740760212396824,
      "fcf_margin": -0.08443299511066715,
      "incr_op_margin_yoy": 0.04336381269049598,
      "rev_growth_yoy": -0.2750867029993521,
      "rev_growth_yoy_accel": 0.02944445766388404,
      "fcf_margin_change": 0.1429331543087142
    }
  ],
  "signals": [
    {
      "quarter": "2025-09 (Q3)",
      "signal": "FCF MARGIN EXPANSION",
      "detail": "FCF margin: -22.7% -> -8.4% (+14.3%)",
      "severity": "MEDIUM"
    },
    {
      "quarter": "2025-06 (Q2)",
      "signal": "OPERATING LEVERAGE",
      "detail": "Rev growth +26.7% vs OpEx growth +14.9% (leverage: 1.8x)",
      "severity": "MEDIUM"
    },
    {
      "quarter": "2025-06 (Q2)",
      "signal": "YoY REVENUE GROWTH DECELERATION",
      "detail": "YoY growth: -30.5% vs prior quarter YoY: -24.0% (decel: -6.4%)",
      "severity": "WARNING"
    },
    {
      "quarter": "2024-12 (Q4)",
      "signal": "GROSS MARGIN INFLECTION",
      "detail": "GM: +60.4% -> +60.3% -> +63.4% (reversal +3.1%)",
      "severity": "MEDIUM"
    },
    {
      "quarter": "2024-12 (Q4)",
      "signal": "YoY REVENUE GROWTH ACCELERATION",
      "detail": "YoY growth: -24.9% vs prior quarter YoY: -33.9% (accel: +9.0%)",
      "severity": "MEDIUM"
    },
    {
      "quarter": "2024-09 (Q3)",
      "signal": "YoY REVENUE GROWTH DECELERATION",
      "detail": "YoY growth: -33.9% vs prior quarter YoY: -20.6% (decel: -13.2%)",
      "severity": "WARNING"
    },
    {
      "quarter": "2024-06 (Q2)",
      "signal": "FCF TURNED POSITIVE",
      "detail": "FCF margin: -0.2% -> +10.3%",
      "severity": "HIGH"
    },
    {
      "quarter": "2024-06 (Q2)",
      "signal": "OPERATING LEVERAGE",
      "detail": "Rev growth +38.4% vs OpEx growth +8.9% (leverage: 4.3x)",
      "severity": "MEDIUM"
    },
    {
      "quarter": "2024-06 (Q2)",
      "signal": "YoY REVENUE GROWTH ACCELERATION",
      "detail": "YoY growth: -20.6% vs prior quarter YoY: -42.0% (accel: +21.4%)",
      "severity": "HIGH"
    },
    {
      "quarter": "2024-03 (Q1)",
      "signal": "FCF MARGIN EXPANSION",
      "detail": "FCF margin: -15.2% -> -0.2% (+15.0%)",
      "severity": "MEDIUM"
    },
    {
      "quarter": "2023-09 (Q3)",
      "signal": "FCF TURNED POSITIVE",
      "detail": "FCF margin: -3.9% -> +1.0%",
      "severity": "HIGH"
    },
    {
      "quarter": "2023-09 (Q3)",
      "signal": "GROSS MARGIN INFLECTION",
      "detail": "GM: +54.8% -> +42.2% -> +49.4% (reversal +7.1%)",
      "severity": "HIGH"
    },
    {
      "quarter": "2023-06 (Q2)",
      "signal": "FCF MARGIN EXPANSION",
      "detail": "FCF margin: -21.6% -> -3.9% (+17.7%)",
      "severity": "MEDIUM"
    },
    {
      "quarter": "2023-06 (Q2)",
      "signal": "YoY REVENUE GROWTH DECELERATION",
      "detail": "YoY growth: -39.5% vs prior quarter YoY: -16.3% (decel: -23.2%)",
      "severity": "WARNING"
    },
    {
      "quarter": "2023-03 (Q1)",
      "signal": "GROSS MARGIN INFLECTION",
      "detail": "GM: +45.5% -> +37.1% -> +54.8% (reversal +17.7%)",
      "severity": "HIGH"
    },
    {
      "quarter": "2022-12 (Q4)",
      "signal": "YoY REVENUE GROWTH DECELERATION",
      "detail": "YoY growth: -13.3% vs prior quarter YoY: -2.6% (decel: -10.7%)",
      "severity": "WARNING"
    },
    {
      "quarter": "2022-09 (Q3)",
      "signal": "FCF TURNED POSITIVE",
      "detail": "FCF margin: -15.3% -> +3.9%",
      "severity": "HIGH"
    },
    {
      "quarter": "2022-09 (Q3)",
      "signal": "YoY REVENUE GROWTH ACCELERATION",
      "detail": "YoY growth: -2.6% vs prior quarter YoY: -14.5% (accel: +11.9%)",
      "severity": "MEDIUM"
    },
    {
      "quarter": "2022-06 (Q2)",
      "signal": "FCF MARGIN EXPANSION",
      "detail": "FCF margin: -31.6% -> -15.3% (+16.3%)",
      "severity": "MEDIUM"
    },
    {
      "quarter": "2022-03 (Q1)",
      "signal": "GROSS MARGIN INFLECTION",
      "detail": "GM: +50.2% -> +45.6% -> +56.6% (reversal +11.0%)",
      "severity": "HIGH"
    },
    {
      "quarter": "2022-03 (Q1)",
      "signal": "YoY REVENUE GROWTH DECELERATION",
      "detail": "YoY growth: -13.4% vs prior quarter YoY: +52.6% (decel: -66.0%)",
      "severity": "WARNING"
    },
    {
      "quarter": "2021-12 (Q4)",
      "signal": "FCF MARGIN EXPANSION",
      "detail": "FCF margin: -11.1% -> -2.4% (+8.7%)",
      "severity": "MEDIUM"
    },
    {
      "quarter": "2021-09 (Q3)",
      "signal": "FCF MARGIN EXPANSION",
      "detail": "FCF margin: -35.7% -> -11.1% (+24.6%)",
      "severity": "MEDIUM"
    },
    {
      "quarter": "2021-09 (Q3)",
      "signal": "GROSS MARGIN INFLECTION",
      "detail": "GM: +54.1% -> +48.0% -> +50.2% (reversal +2.1%)",
      "severity": "MEDIUM"
    },
    {
      "quarter": "2021-06 (Q2)",
      "signal": "OP MARGIN TURNED POSITIVE (QoQ)",
      "detail": "Op margin: -57.7% -> +6.6%",
      "severity": "HIGH"
    }
  ],
  "data_quality": {
    "n_quarters": 20,
    "coverage": {
      "revenue": [
        20,
        20
      ],
      "gross_profit": [
        20,
        20
      ],
      "op_income": [
        20,
        20
      ],
      "fcf": [
        20,
        20
      ]
    },
    "gaps": [],
    "warnings": []
  },
  "market_cap": null,
  "source": "SEC EDGAR",
  "last_updated": "2026-02-03T00:15:23.564902",
  "sector": "Consumer Cyclical",
  "industry": "Furnishings, Fixtures & Appliances"
}