{
  "ticker": "ATGE",
  "name": "Adtalem Global Education\u00a0Inc.",
  "quarters": [
    {
      "date": "2021-03-31T00:00:00",
      "quarter_label": "2021-03 (Q1)",
      "revenue": 280654000,
      "gross_profit": 157577000,
      "operating_income": 35961000,
      "net_income": 24652000,
      "opex": 236440000,
      "cogs": 123077000,
      "rd": null,
      "sga": 108500000,
      "fcf": 71883000,
      "ocf": 80770000,
      "capex": -8887000,
      "gross_margin": 0.5614635814918013,
      "op_margin": 0.12813286110299515,
      "fcf_margin": 0.2561267610652262
    },
    {
      "date": "2021-06-30T00:00:00",
      "quarter_label": "2021-06 (Q2)",
      "revenue": 223466000,
      "gross_profit": 97831000,
      "operating_income": 27076000,
      "net_income": 9012000,
      "opex": 240134000,
      "cogs": 125635000,
      "rd": null,
      "sga": 107868000,
      "fcf": 36746000,
      "ocf": 48036000,
      "capex": -11290000,
      "gross_margin": 0.43778919388184334,
      "op_margin": 0.12116384595419437,
      "fcf_margin": 0.16443664808069236,
      "fcf_margin_change": -0.09169011298453383
    },
    {
      "date": "2021-09-30T00:00:00",
      "quarter_label": "2021-09 (Q3)",
      "revenue": 348327000,
      "gross_profit": 185217000,
      "operating_income": -4731000,
      "net_income": -58004000,
      "opex": 353058000,
      "cogs": 163110000,
      "rd": null,
      "sga": 159479000,
      "fcf": 34173000,
      "ocf": 40864000,
      "capex": -6691000,
      "gross_margin": 0.5317331128508557,
      "op_margin": -0.013582065128456881,
      "fcf_margin": 0.098106089967186,
      "op_leverage_ratio": 1.1881814157813988,
      "fcf_margin_change": -0.06633055811350635
    },
    {
      "date": "2021-12-31T00:00:00",
      "quarter_label": "2021-12 (Q4)",
      "revenue": 371198000,
      "gross_profit": 190778000,
      "operating_income": 24734000,
      "net_income": 17853000,
      "opex": 346464000,
      "cogs": 180420000,
      "rd": null,
      "sga": 153597000,
      "fcf": -47851000,
      "ocf": -39770000,
      "capex": -8081000,
      "gross_margin": 0.5139521225868674,
      "op_margin": 0.06663290211692952,
      "fcf_margin": -0.12890963852175927,
      "op_leverage_ratio": Infinity,
      "fcf_margin_change": -0.22701572848894527
    },
    {
      "date": "2022-03-31T00:00:00",
      "quarter_label": "2022-03 (Q1)",
      "revenue": 365623000,
      "gross_profit": 199596000,
      "operating_income": 33264000,
      "net_income": 349842000,
      "opex": 332359000,
      "cogs": 166027000,
      "rd": null,
      "sga": 149890000,
      "fcf": 43285000,
      "ocf": 50762000,
      "capex": -7477000,
      "gross_margin": 0.5459065758992186,
      "op_margin": 0.09097895920114435,
      "fcf_margin": 0.11838697237318221,
      "incr_op_margin_yoy": -0.03174098788970095,
      "rev_growth_yoy": 0.3027535684508327,
      "fcf_margin_change": 0.24729661089494148
    },
    {
      "date": "2022-06-30T00:00:00",
      "quarter_label": "2022-06 (Q2)",
      "revenue": 361231000,
      "gross_profit": 199952000,
      "operating_income": 44529000,
      "net_income": 8014000,
      "opex": 316702000,
      "cogs": 161279000,
      "rd": null,
      "sga": 135133000,
      "fcf": -50060000,
      "ocf": -41255000,
      "capex": -8805000,
      "gross_margin": 0.5535294589888464,
      "op_margin": 0.12327015123286761,
      "fcf_margin": -0.1385816831888736,
      "incr_op_margin_yoy": 0.12668674917431857,
      "rev_growth_yoy": 0.616491994307859,
      "rev_growth_yoy_accel": 0.31373842585702627,
      "fcf_margin_change": -0.25696865556205584
    },
    {
      "date": "2022-09-30T00:00:00",
      "quarter_label": "2022-09 (Q3)",
      "revenue": 354559000,
      "gross_profit": 194914000,
      "operating_income": 23093000,
      "net_income": 2192000,
      "opex": 331466000,
      "cogs": 159645000,
      "rd": null,
      "sga": 148341000,
      "fcf": 85795000,
      "ocf": 91173000,
      "capex": -5378000,
      "gross_margin": 0.5497364331465285,
      "op_margin": 0.06513161420243176,
      "fcf_margin": 0.2419766526868589,
      "incr_op_margin_yoy": 4.464698331193838,
      "rev_growth_yoy": 0.017891234386079747,
      "rev_growth_yoy_accel": -0.5986007599217792,
      "fcf_margin_change": 0.3805583358757325
    },
    {
      "date": "2022-12-31T00:00:00",
      "quarter_label": "2022-12 (Q4)",
      "revenue": 363302000,
      "gross_profit": 203999000,
      "operating_income": 46027000,
      "net_income": 24144000,
      "opex": 317275000,
      "cogs": 159303000,
      "rd": null,
      "sga": 140668000,
      "fcf": -56788000,
      "ocf": -52592000,
      "capex": -4196000,
      "gross_margin": 0.5615135617200016,
      "op_margin": 0.12669074213739534,
      "fcf_margin": -0.15631072771413315,
      "incr_op_margin_yoy": -2.696681864235056,
      "rev_growth_yoy": -0.02127166633440913,
      "rev_growth_yoy_accel": -0.03916290072048888,
      "op_leverage_ratio": Infinity,
      "fcf_margin_change": -0.39828738040099204
    },
    {
      "date": "2023-03-31T00:00:00",
      "quarter_label": "2023-03 (Q1)",
      "revenue": 369082000,
      "gross_profit": 203262000,
      "operating_income": 59429000,
      "net_income": 45869000,
      "opex": 309653000,
      "cogs": 165820000,
      "rd": null,
      "sga": 144526000,
      "fcf": 96664000,
      "ocf": 105973000,
      "capex": -9309000,
      "gross_margin": 0.5507231455340548,
      "op_margin": 0.1610184186711896,
      "fcf_margin": 0.2619038587630933,
      "incr_op_margin_yoy": 7.564324949407343,
      "rev_growth_yoy": 0.009460564570609616,
      "rev_growth_yoy_accel": 0.030732230905018747,
      "op_leverage_ratio": Infinity,
      "fcf_margin_change": 0.4182145864772264
    },
    {
      "date": "2023-06-30T00:00:00",
      "quarter_label": "2023-06 (Q2)",
      "revenue": 364641000,
      "gross_profit": 200923000,
      "operating_income": 39557000,
      "net_income": 22244000,
      "opex": 325084000,
      "cogs": 163718000,
      "rd": null,
      "sga": 153296000,
      "fcf": 35539000,
      "ocf": 47360000,
      "capex": -11821000,
      "gross_margin": 0.5510159307373553,
      "op_margin": 0.10848204124056264,
      "fcf_margin": 0.09746298414056566,
      "incr_op_margin_yoy": -1.4580645161290322,
      "rev_growth_yoy": 0.009439942862046724,
      "rev_growth_yoy_accel": -2.062170856289257e-05,
      "fcf_margin_change": -0.16444087462252766
    },
    {
      "date": "2023-09-30T00:00:00",
      "quarter_label": "2023-09 (Q3)",
      "revenue": 368845000,
      "gross_profit": 200227000,
      "operating_income": 28194000,
      "net_income": 10646000,
      "opex": 340651000,
      "cogs": 168618000,
      "rd": null,
      "sga": 166095000,
      "fcf": 84639000,
      "ocf": 95073000,
      "capex": -10434000,
      "gross_margin": 0.5428486220499126,
      "op_margin": 0.07643861242527349,
      "fcf_margin": 0.2294703737342244,
      "incr_op_margin_yoy": 0.3570628587428251,
      "rev_growth_yoy": 0.0402923067810999,
      "rev_growth_yoy_accel": 0.030852363919053175,
      "op_leverage_ratio": 0.24076196432354818,
      "fcf_margin_change": 0.13200738959365876
    },
    {
      "date": "2023-12-31T00:00:00",
      "quarter_label": "2023-12 (Q4)",
      "revenue": 393242000,
      "gross_profit": 221173000,
      "operating_income": 58612000,
      "net_income": 39891000,
      "opex": 334630000,
      "cogs": 172069000,
      "rd": null,
      "sga": 155584000,
      "fcf": -22383000,
      "ocf": -13205000,
      "capex": -9178000,
      "gross_margin": 0.5624348365637445,
      "op_margin": 0.1490481688120801,
      "fcf_margin": -0.05691914902273918,
      "incr_op_margin_yoy": 0.42034068136272545,
      "rev_growth_yoy": 0.08241077670918409,
      "rev_growth_yoy_accel": 0.04211846992808419,
      "op_leverage_ratio": Infinity,
      "fcf_margin_change": -0.2863895227569636
    },
    {
      "date": "2024-03-31T00:00:00",
      "quarter_label": "2024-03 (Q1)",
      "revenue": 412658000,
      "gross_profit": 237337000,
      "operating_income": 61725000,
      "net_income": 36821000,
      "opex": 350933000,
      "cogs": 175321000,
      "rd": null,
      "sga": 156689000,
      "fcf": 140935000,
      "ocf": 153639000,
      "capex": -12704000,
      "gross_margin": 0.5751421273790888,
      "op_margin": 0.14957907031973208,
      "fcf_margin": 0.34152978980172444,
      "incr_op_margin_yoy": 0.052689553882871304,
      "rev_growth_yoy": 0.1180659040538417,
      "rev_growth_yoy_accel": 0.0356551273446576,
      "op_leverage_ratio": 1.0134380638130807,
      "fcf_margin_change": 0.39844893882446364
    },
    {
      "date": "2024-06-30T00:00:00",
      "quarter_label": "2024-06 (Q2)",
      "revenue": 409907000,
      "gross_profit": 227367000,
      "operating_income": 68523000,
      "net_income": 49419000,
      "opex": 341384000,
      "cogs": 182540000,
      "rd": null,
      "sga": 154597000,
      "fcf": 43691000,
      "ocf": 60268000,
      "capex": -16577000,
      "gross_margin": 0.5546794760762808,
      "op_margin": 0.1671671867033254,
      "fcf_margin": 0.10658759181960786,
      "incr_op_margin_yoy": 0.6399063314629081,
      "rev_growth_yoy": 0.12413853625895059,
      "rev_growth_yoy_accel": 0.0060726322051088966,
      "fcf_margin_change": -0.23494219798211657
    },
    {
      "date": "2024-09-30T00:00:00",
      "quarter_label": "2024-09 (Q3)",
      "revenue": 417400000,
      "gross_profit": 231405000,
      "operating_income": 70238000,
      "net_income": 46165000,
      "opex": 347162000,
      "cogs": 185995000,
      "rd": null,
      "sga": 159073000,
      "fcf": 78902000,
      "ocf": 89316000,
      "capex": -10414000,
      "gross_margin": 0.554396262577863,
      "op_margin": 0.1682750359367513,
      "fcf_margin": 0.1890321034978438,
      "incr_op_margin_yoy": 0.8659046442178973,
      "rev_growth_yoy": 0.1316406620667218,
      "rev_growth_yoy_accel": 0.0075021258077711955,
      "op_leverage_ratio": 1.0800305071014162,
      "fcf_margin_change": 0.08244451167823594
    },
    {
      "date": "2024-12-31T00:00:00",
      "quarter_label": "2024-12 (Q4)",
      "revenue": 447729000,
      "gross_profit": 261093000,
      "operating_income": 103870000,
      "net_income": 75856000,
      "opex": 343859000,
      "cogs": 186636000,
      "rd": null,
      "sga": 156901000,
      "fcf": -29699000,
      "ocf": -19019000,
      "capex": -10680000,
      "gross_margin": 0.5831496284582861,
      "op_margin": 0.2319930136310134,
      "fcf_margin": -0.06633253597600335,
      "incr_op_margin_yoy": 0.8306201479251931,
      "rev_growth_yoy": 0.1385584449270424,
      "rev_growth_yoy_accel": 0.006917782860320604,
      "op_leverage_ratio": Infinity,
      "fcf_margin_change": -0.25536463947384713
    },
    {
      "date": "2025-03-31T00:00:00",
      "quarter_label": "2025-03 (Q1)",
      "revenue": 466055000,
      "gross_profit": 266186000,
      "operating_income": 90509000,
      "net_income": 60832000,
      "opex": 375546000,
      "cogs": 199869000,
      "rd": null,
      "sga": 175167000,
      "fcf": 197667000,
      "ocf": 207910000,
      "capex": -10243000,
      "gross_margin": 0.5711471821995258,
      "op_margin": 0.19420240100417333,
      "fcf_margin": 0.42412805355591077,
      "incr_op_margin_yoy": 0.5390565013015712,
      "rev_growth_yoy": 0.12939770948339788,
      "rev_growth_yoy_accel": -0.009160735443644513,
      "op_leverage_ratio": 0.4441725638968046,
      "fcf_margin_change": 0.4904605895319141
    },
    {
      "date": "2025-06-30T00:00:00",
      "quarter_label": "2025-06 (Q2)",
      "revenue": 457106000,
      "gross_profit": 258176000,
      "operating_income": 76925000,
      "net_income": 54212000,
      "opex": 380181000,
      "cogs": 198930000,
      "rd": null,
      "sga": 180863000,
      "fcf": 40702000,
      "ocf": 59692000,
      "capex": -18990000,
      "gross_margin": 0.5648055374464567,
      "op_margin": 0.1682870056398297,
      "fcf_margin": 0.08904280407607863,
      "incr_op_margin_yoy": 0.17801224602216148,
      "rev_growth_yoy": 0.11514563059425674,
      "rev_growth_yoy_accel": -0.014252078889141137,
      "fcf_margin_change": -0.33508524947983215
    },
    {
      "date": "2025-09-30T00:00:00",
      "quarter_label": "2025-09 (Q3)",
      "revenue": 462288000,
      "gross_profit": 261521000,
      "operating_income": 85477000,
      "net_income": 61832000,
      "opex": 376811000,
      "cogs": 200767000,
      "rd": null,
      "sga": 175734000,
      "fcf": 114526000,
      "ocf": 130549000,
      "capex": -16023000,
      "gross_margin": 0.5657101200982937,
      "op_margin": 0.1848998892465303,
      "fcf_margin": 0.24773734122451804,
      "incr_op_margin_yoy": 0.3394893958296204,
      "rev_growth_yoy": 0.10754192620987063,
      "rev_growth_yoy_accel": -0.007603704384386109,
      "op_leverage_ratio": Infinity,
      "fcf_margin_change": 0.1586945371484394
    },
    {
      "date": "2025-12-31T00:00:00",
      "quarter_label": "2025-12 (Q4)",
      "revenue": 503385000,
      "gross_profit": 297960000,
      "operating_income": 111114000,
      "net_income": 76376000,
      "opex": 392271000,
      "cogs": 205425000,
      "rd": null,
      "sga": 182791000,
      "fcf": 15120000,
      "ocf": 29744000,
      "capex": -14624000,
      "gross_margin": 0.5919127506779105,
      "op_margin": 0.22073363330254178,
      "fcf_margin": 0.030036651866861348,
      "incr_op_margin_yoy": 0.13015667672847492,
      "rev_growth_yoy": 0.12430733769758046,
      "rev_growth_yoy_accel": 0.016765411487709825,
      "op_leverage_ratio": 2.166763858449893,
      "fcf_margin_change": -0.21770068935765668
    }
  ],
  "signals": [
    {
      "quarter": "2025-12 (Q4)",
      "signal": "OPERATING LEVERAGE",
      "detail": "Rev growth +8.9% vs OpEx growth +4.1% (leverage: 2.2x)",
      "severity": "MEDIUM"
    },
    {
      "quarter": "2025-09 (Q3)",
      "signal": "FCF MARGIN EXPANSION",
      "detail": "FCF margin: +8.9% -> +24.8% (+15.9%)",
      "severity": "MEDIUM"
    },
    {
      "quarter": "2025-09 (Q3)",
      "signal": "INCREMENTAL MARGIN (YoY)",
      "detail": "YoY Incr OPM: +33.9% vs year-ago OPM: +16.8%",
      "severity": "MEDIUM"
    },
    {
      "quarter": "2025-03 (Q1)",
      "signal": "FCF TURNED POSITIVE",
      "detail": "FCF margin: -6.6% -> +42.4%",
      "severity": "HIGH"
    },
    {
      "quarter": "2025-03 (Q1)",
      "signal": "INCREMENTAL MARGIN (YoY)",
      "detail": "YoY Incr OPM: +53.9% vs year-ago OPM: +15.0%",
      "severity": "HIGH"
    },
    {
      "quarter": "2024-12 (Q4)",
      "signal": "GROSS MARGIN INFLECTION",
      "detail": "GM: +55.5% -> +55.4% -> +58.3% (reversal +2.9%)",
      "severity": "MEDIUM"
    },
    {
      "quarter": "2024-12 (Q4)",
      "signal": "INCREMENTAL MARGIN (YoY)",
      "detail": "YoY Incr OPM: +83.1% vs year-ago OPM: +14.9%",
      "severity": "HIGH"
    },
    {
      "quarter": "2024-09 (Q3)",
      "signal": "FCF MARGIN EXPANSION",
      "detail": "FCF margin: +10.7% -> +18.9% (+8.2%)",
      "severity": "MEDIUM"
    },
    {
      "quarter": "2024-09 (Q3)",
      "signal": "INCREMENTAL MARGIN (YoY)",
      "detail": "YoY Incr OPM: +86.6% vs year-ago OPM: +7.6%",
      "severity": "HIGH"
    },
    {
      "quarter": "2024-06 (Q2)",
      "signal": "INCREMENTAL MARGIN (YoY)",
      "detail": "YoY Incr OPM: +64.0% vs year-ago OPM: +10.8%",
      "severity": "HIGH"
    },
    {
      "quarter": "2024-03 (Q1)",
      "signal": "FCF TURNED POSITIVE",
      "detail": "FCF margin: -5.7% -> +34.2%",
      "severity": "HIGH"
    },
    {
      "quarter": "2023-12 (Q4)",
      "signal": "INCREMENTAL MARGIN (YoY)",
      "detail": "YoY Incr OPM: +42.0% vs year-ago OPM: +12.7%",
      "severity": "HIGH"
    },
    {
      "quarter": "2023-09 (Q3)",
      "signal": "FCF MARGIN EXPANSION",
      "detail": "FCF margin: +9.7% -> +22.9% (+13.2%)",
      "severity": "MEDIUM"
    },
    {
      "quarter": "2023-09 (Q3)",
      "signal": "INCREMENTAL MARGIN (YoY)",
      "detail": "YoY Incr OPM: +35.7% vs year-ago OPM: +6.5%",
      "severity": "HIGH"
    },
    {
      "quarter": "2023-03 (Q1)",
      "signal": "FCF TURNED POSITIVE",
      "detail": "FCF margin: -15.6% -> +26.2%",
      "severity": "HIGH"
    },
    {
      "quarter": "2023-03 (Q1)",
      "signal": "INCREMENTAL MARGIN (YoY)",
      "detail": "YoY Incr OPM: +756.4% vs year-ago OPM: +9.1%",
      "severity": "HIGH"
    },
    {
      "quarter": "2022-09 (Q3)",
      "signal": "FCF TURNED POSITIVE",
      "detail": "FCF margin: -13.9% -> +24.2%",
      "severity": "HIGH"
    },
    {
      "quarter": "2022-09 (Q3)",
      "signal": "YoY REVENUE GROWTH DECELERATION",
      "detail": "YoY growth: +1.8% vs prior quarter YoY: +61.6% (decel: -59.9%)",
      "severity": "WARNING"
    },
    {
      "quarter": "2022-09 (Q3)",
      "signal": "OP MARGIN TURNED POSITIVE (YoY)",
      "detail": "Op margin: -1.4% (year-ago) -> +6.5%",
      "severity": "HIGH"
    },
    {
      "quarter": "2022-06 (Q2)",
      "signal": "YoY REVENUE GROWTH ACCELERATION",
      "detail": "YoY growth: +61.6% vs prior quarter YoY: +30.3% (accel: +31.4%)",
      "severity": "HIGH"
    },
    {
      "quarter": "2022-03 (Q1)",
      "signal": "FCF TURNED POSITIVE",
      "detail": "FCF margin: -12.9% -> +11.8%",
      "severity": "HIGH"
    },
    {
      "quarter": "2022-03 (Q1)",
      "signal": "GROSS MARGIN INFLECTION",
      "detail": "GM: +53.2% -> +51.4% -> +54.6% (reversal +3.2%)",
      "severity": "MEDIUM"
    },
    {
      "quarter": "2021-12 (Q4)",
      "signal": "OP MARGIN TURNED POSITIVE (QoQ)",
      "detail": "Op margin: -1.4% -> +6.7%",
      "severity": "HIGH"
    },
    {
      "quarter": "2021-09 (Q3)",
      "signal": "GROSS MARGIN INFLECTION",
      "detail": "GM: +56.1% -> +43.8% -> +53.2% (reversal +9.4%)",
      "severity": "HIGH"
    }
  ],
  "data_quality": {
    "n_quarters": 20,
    "coverage": {
      "revenue": [
        20,
        20
      ],
      "gross_profit": [
        20,
        20
      ],
      "op_income": [
        20,
        20
      ],
      "fcf": [
        20,
        20
      ]
    },
    "gaps": [],
    "warnings": []
  },
  "market_cap": null,
  "source": "SEC EDGAR",
  "last_updated": "2026-02-02T21:11:29.862023"
}