{
  "ticker": "ATKR",
  "name": "Atkore Inc.",
  "quarters": [
    {
      "date": "2021-03-26T00:00:00",
      "quarter_label": "2021-03 (Q1)",
      "revenue": 639543000,
      "gross_profit": 239849000,
      "operating_income": 164413000,
      "net_income": 124933000,
      "opex": 75436000,
      "cogs": 399694000,
      "rd": null,
      "sga": 67340000,
      "fcf": 54825000,
      "ocf": 66970000,
      "capex": -12145000,
      "gross_margin": 0.3750318586865934,
      "op_margin": 0.2570788828898135,
      "fcf_margin": 0.08572527570468287
    },
    {
      "date": "2021-06-25T00:00:00",
      "quarter_label": "2021-06 (Q2)",
      "revenue": 853658000,
      "gross_profit": 339273000,
      "operating_income": 248734000,
      "net_income": 175297000,
      "opex": 90539000,
      "cogs": 514385000,
      "rd": null,
      "sga": 81832000,
      "fcf": 151507000,
      "ocf": 165375000,
      "capex": -13868000,
      "gross_margin": 0.3974343355301538,
      "op_margin": 0.29137429743527266,
      "fcf_margin": 0.17747974013012235,
      "op_leverage_ratio": 1.6722175337831906,
      "fcf_margin_change": 0.09175446442543948
    },
    {
      "date": "2021-09-30T00:00:00",
      "quarter_label": "2021-09 (Q3)",
      "revenue": 923731000,
      "gross_profit": 357300000,
      "operating_income": 265950000,
      "net_income": 202561000,
      "opex": 91350000,
      "cogs": 566431000,
      "rd": null,
      "sga": 82769000,
      "fcf": 224049000,
      "ocf": 254281000,
      "capex": -30232000,
      "gross_margin": 0.3868009193152552,
      "op_margin": 0.2879084928404481,
      "fcf_margin": 0.2425478846114291,
      "op_leverage_ratio": 9.163927311248585,
      "fcf_margin_change": 0.06506814448130674
    },
    {
      "date": "2021-12-24T00:00:00",
      "quarter_label": "2021-12 (Q4)",
      "revenue": 840801000,
      "gross_profit": 354808000,
      "operating_income": 268428000,
      "net_income": 204843000,
      "opex": 86380000,
      "cogs": 485993000,
      "rd": null,
      "sga": 78151000,
      "fcf": 87834000,
      "ocf": 97192000,
      "capex": -9358000,
      "gross_margin": 0.4219880804137959,
      "op_margin": 0.3192527125919213,
      "fcf_margin": 0.1044646711885452,
      "fcf_margin_change": -0.13808321342288388
    },
    {
      "date": "2022-03-25T00:00:00",
      "quarter_label": "2022-03 (Q1)",
      "revenue": 982573000,
      "gross_profit": 416416000,
      "operating_income": 318797000,
      "net_income": 233477000,
      "opex": 97619000,
      "cogs": 566157000,
      "rd": null,
      "sga": 88918000,
      "fcf": 47982000,
      "ocf": 63967000,
      "capex": -15985000,
      "gross_margin": 0.4238015903144092,
      "op_margin": 0.3244512112586037,
      "fcf_margin": 0.04883301291608868,
      "incr_op_margin_yoy": 0.4500597615368918,
      "rev_growth_yoy": 0.5363673748285885,
      "op_leverage_ratio": 1.2959336744232413,
      "fcf_margin_change": -0.05563165827245652
    },
    {
      "date": "2022-06-24T00:00:00",
      "quarter_label": "2022-06 (Q2)",
      "revenue": 1061590000,
      "gross_profit": 454323000,
      "operating_income": 349747000,
      "net_income": 254313000,
      "opex": 104576000,
      "cogs": 607267000,
      "rd": null,
      "sga": 95952000,
      "fcf": 153970000,
      "ocf": 210617000,
      "capex": -56647000,
      "gross_margin": 0.4279646567884023,
      "op_margin": 0.3294558162755866,
      "fcf_margin": 0.14503716123927315,
      "incr_op_margin_yoy": 0.4857982417328742,
      "rev_growth_yoy": 0.24357763882023012,
      "rev_growth_yoy_accel": -0.29278973600835845,
      "op_leverage_ratio": 1.1284129512509105,
      "fcf_margin_change": 0.09620414832318447
    },
    {
      "date": "2022-09-30T00:00:00",
      "quarter_label": "2022-09 (Q3)",
      "revenue": 1028986000,
      "gross_profit": 414478000,
      "operating_income": 296832000,
      "net_income": 220803000,
      "opex": 117646000,
      "cogs": 614508000,
      "rd": null,
      "sga": 107024000,
      "fcf": 361273000,
      "ocf": 415059000,
      "capex": -53786000,
      "gross_margin": 0.4028023704890057,
      "op_margin": 0.2884703970705141,
      "fcf_margin": 0.3510961276441079,
      "incr_op_margin_yoy": 0.29340173863474417,
      "rev_growth_yoy": 0.11394551011062745,
      "rev_growth_yoy_accel": -0.12963212870960267,
      "fcf_margin_change": 0.20605896640483476
    },
    {
      "date": "2022-12-30T00:00:00",
      "quarter_label": "2022-12 (Q4)",
      "revenue": 833821000,
      "gross_profit": 334353000,
      "operating_income": 231580000,
      "net_income": 173492000,
      "opex": 102773000,
      "cogs": 499468000,
      "rd": null,
      "sga": 89977000,
      "fcf": 163845000,
      "ocf": 198851000,
      "capex": -35006000,
      "gross_margin": 0.40098894127156787,
      "op_margin": 0.2777334703731376,
      "fcf_margin": 0.1964990087800619,
      "incr_op_margin_yoy": 5.279083094555874,
      "rev_growth_yoy": -0.008301607633673129,
      "rev_growth_yoy_accel": -0.12224711774430058,
      "fcf_margin_change": -0.154597118864046
    },
    {
      "date": "2023-03-31T00:00:00",
      "quarter_label": "2023-03 (Q1)",
      "revenue": 895934000,
      "gross_profit": 352882000,
      "operating_income": 239891000,
      "net_income": 174194000,
      "opex": 112991000,
      "cogs": 543052000,
      "rd": null,
      "sga": 98201000,
      "fcf": 166861000,
      "ocf": 204545000,
      "capex": -37684000,
      "gross_margin": 0.393870530641766,
      "op_margin": 0.2677552141117538,
      "fcf_margin": 0.18624251339942452,
      "incr_op_margin_yoy": 0.9107445838479207,
      "rev_growth_yoy": -0.0881756368229129,
      "rev_growth_yoy_accel": -0.07987402918923978,
      "op_leverage_ratio": 0.7492432045326088,
      "fcf_margin_change": -0.010256495380637387
    },
    {
      "date": "2023-06-30T00:00:00",
      "quarter_label": "2023-06 (Q2)",
      "revenue": 919117000,
      "gross_profit": 350801000,
      "operating_income": 232590000,
      "net_income": 201288000,
      "opex": 118211000,
      "cogs": 568316000,
      "rd": null,
      "sga": 103019000,
      "fcf": 110507000,
      "ocf": 160352000,
      "capex": -49845000,
      "gross_margin": 0.3816717566969167,
      "op_margin": 0.2530580981529011,
      "fcf_margin": 0.12023170064311725,
      "incr_op_margin_yoy": 0.8223101921065746,
      "rev_growth_yoy": -0.13420717979634322,
      "rev_growth_yoy_accel": -0.04603154297343032,
      "op_leverage_ratio": 0.5601017975316617,
      "fcf_margin_change": -0.06601081275630727
    },
    {
      "date": "2023-09-30T00:00:00",
      "quarter_label": "2023-09 (Q3)",
      "revenue": 869889000,
      "gross_profit": 301465000,
      "operating_income": 189430000,
      "net_income": 140925000,
      "opex": 112035000,
      "cogs": 568424000,
      "rd": null,
      "sga": 97008000,
      "fcf": 147533000,
      "ocf": 243886000,
      "capex": -96353000,
      "gross_margin": 0.3465557099813884,
      "op_margin": 0.2177634157921298,
      "fcf_margin": 0.1695997995146507,
      "incr_op_margin_yoy": 0.6750724400837225,
      "rev_growth_yoy": -0.15461532032505787,
      "rev_growth_yoy_accel": -0.020408140528714647,
      "fcf_margin_change": 0.049368098871533456
    },
    {
      "date": "2023-12-29T00:00:00",
      "quarter_label": "2023-12 (Q4)",
      "revenue": 798481000,
      "gross_profit": 290540000,
      "operating_income": 175458000,
      "net_income": 138381000,
      "opex": 115082000,
      "cogs": 507941000,
      "rd": null,
      "sga": 100615000,
      "fcf": 113775000,
      "ocf": 158106000,
      "capex": -44331000,
      "gross_margin": 0.36386589035931977,
      "op_margin": 0.21973973081388287,
      "fcf_margin": 0.1424893015613396,
      "incr_op_margin_yoy": 1.588058856819468,
      "rev_growth_yoy": -0.042383197352909074,
      "rev_growth_yoy_accel": 0.1122321229721488,
      "fcf_margin_change": -0.027110497953311108
    },
    {
      "date": "2024-03-29T00:00:00",
      "quarter_label": "2024-03 (Q1)",
      "revenue": 792911000,
      "gross_profit": 291575000,
      "operating_income": 178810000,
      "net_income": 137955000,
      "opex": 112765000,
      "cogs": 501336000,
      "rd": null,
      "sga": 98544000,
      "fcf": 58002000,
      "ocf": 87217000,
      "capex": -29215000,
      "gross_margin": 0.36772727330053434,
      "op_margin": 0.2255108076442375,
      "fcf_margin": 0.07315070669974309,
      "incr_op_margin_yoy": 0.5928870252273765,
      "rev_growth_yoy": -0.11498949699419823,
      "rev_growth_yoy_accel": -0.07260629964128916,
      "fcf_margin_change": -0.0693385948615965
    },
    {
      "date": "2024-06-28T00:00:00",
      "quarter_label": "2024-06 (Q2)",
      "revenue": 822364000,
      "gross_profit": 279655000,
      "operating_income": 168452000,
      "net_income": 123417000,
      "opex": 111203000,
      "cogs": 542709000,
      "rd": null,
      "sga": 97987000,
      "fcf": 73082000,
      "ocf": 104634000,
      "capex": -31552000,
      "gross_margin": 0.34006230817496874,
      "op_margin": 0.20483873321302976,
      "fcf_margin": 0.08886818975538813,
      "incr_op_margin_yoy": 0.6629045094208965,
      "rev_growth_yoy": -0.10526733810820603,
      "rev_growth_yoy_accel": 0.009722158885992205,
      "op_leverage_ratio": null,
      "fcf_margin_change": 0.015717483055645035
    },
    {
      "date": "2024-09-30T00:00:00",
      "quarter_label": "2024-09 (Q3)",
      "revenue": 788297000,
      "gross_profit": 216069000,
      "operating_income": 102065000,
      "net_income": 73119000,
      "opex": 114004000,
      "cogs": 572228000,
      "rd": null,
      "sga": 100397000,
      "fcf": 154313000,
      "ocf": 199076000,
      "capex": -44763000,
      "gross_margin": 0.2740959308483985,
      "op_margin": 0.12947531196998086,
      "fcf_margin": 0.19575489948585367,
      "incr_op_margin_yoy": 1.0707544857338955,
      "rev_growth_yoy": -0.09379587510590431,
      "rev_growth_yoy_accel": 0.011471463002301716,
      "fcf_margin_change": 0.10688670973046555
    },
    {
      "date": "2024-12-27T00:00:00",
      "quarter_label": "2024-12 (Q4)",
      "revenue": 661597000,
      "gross_profit": 171088000,
      "operating_income": 67938000,
      "net_income": 46336000,
      "opex": 103150000,
      "cogs": 490509000,
      "rd": null,
      "sga": 91451000,
      "fcf": 33079000,
      "ocf": 74374000,
      "capex": -41295000,
      "gross_margin": 0.25859851238745035,
      "op_margin": 0.10268789005996097,
      "fcf_margin": 0.04999871522996628,
      "incr_op_margin_yoy": 0.7854825984044884,
      "rev_growth_yoy": -0.17143050366884122,
      "rev_growth_yoy_accel": -0.0776346285629369,
      "fcf_margin_change": -0.14575618425588738
    },
    {
      "date": "2025-03-28T00:00:00",
      "quarter_label": "2025-03 (Q1)",
      "revenue": 701725000,
      "gross_profit": 185117000,
      "operating_income": -51822000,
      "net_income": -50057000,
      "opex": 236939000,
      "cogs": 516608000,
      "rd": null,
      "sga": 99040000,
      "fcf": 64227000,
      "ocf": 86567000,
      "capex": -22340000,
      "gross_margin": 0.26380277174106664,
      "op_margin": -0.0738494424454024,
      "fcf_margin": 0.09152730770601018,
      "incr_op_margin_yoy": 2.5292479108635098,
      "rev_growth_yoy": -0.11500155755185638,
      "rev_growth_yoy_accel": 0.05642894611698483,
      "op_leverage_ratio": 0.04676304817853108,
      "fcf_margin_change": 0.0415285924760439
    },
    {
      "date": "2025-06-27T00:00:00",
      "quarter_label": "2025-06 (Q2)",
      "revenue": 735045000,
      "gross_profit": 172060000,
      "operating_income": 63813000,
      "net_income": 42962000,
      "opex": 108247000,
      "cogs": 562985000,
      "rd": null,
      "sga": 98139000,
      "fcf": 10133000,
      "ocf": 31418000,
      "capex": -21285000,
      "gross_margin": 0.23408090661115985,
      "op_margin": 0.08681509295349264,
      "fcf_margin": 0.013785550544524485,
      "incr_op_margin_yoy": 1.1983531648323962,
      "rev_growth_yoy": -0.10618047482623266,
      "rev_growth_yoy_accel": 0.008821082725623722,
      "op_leverage_ratio": null,
      "fcf_margin_change": -0.0777417571614857
    },
    {
      "date": "2025-09-30T00:00:00",
      "quarter_label": "2025-09 (Q3)",
      "revenue": 752011000,
      "gross_profit": 147827000,
      "operating_income": -56757000,
      "net_income": -54418000,
      "opex": 204584000,
      "cogs": 604184000,
      "rd": null,
      "sga": 107979000,
      "fcf": 188215000,
      "ocf": 210403000,
      "capex": -22188000,
      "gross_margin": 0.19657558200611427,
      "op_margin": -0.07547363003998611,
      "fcf_margin": 0.2502822432118679,
      "incr_op_margin_yoy": 4.3769497877969465,
      "rev_growth_yoy": -0.0460308741502251,
      "rev_growth_yoy_accel": 0.06014960067600756,
      "op_leverage_ratio": 0.02593512144364037,
      "fcf_margin_change": 0.23649669266734344
    },
    {
      "date": "2025-12-26T00:00:00",
      "quarter_label": "2025-12 (Q4)",
      "revenue": 655548000,
      "gross_profit": 125933000,
      "operating_income": 20071000,
      "net_income": 15034000,
      "opex": 105862000,
      "cogs": 529615000,
      "rd": null,
      "sga": 99552000,
      "fcf": -67255000,
      "ocf": -55497000,
      "capex": -11758000,
      "gross_margin": 0.19210340051376865,
      "op_margin": 0.03061713253644279,
      "fcf_margin": -0.1025935553155528,
      "incr_op_margin_yoy": 7.913208794842123,
      "rev_growth_yoy": -0.009143028157624657,
      "rev_growth_yoy_accel": 0.03688784599260045,
      "fcf_margin_change": -0.35287579852742074
    }
  ],
  "signals": [
    {
      "quarter": "2025-12 (Q4)",
      "signal": "INCREMENTAL MARGIN (YoY)",
      "detail": "YoY Incr OPM: +791.3% vs year-ago OPM: +10.3%",
      "severity": "HIGH"
    },
    {
      "quarter": "2025-12 (Q4)",
      "signal": "OP MARGIN TURNED POSITIVE (QoQ)",
      "detail": "Op margin: -7.5% -> +3.1%",
      "severity": "HIGH"
    },
    {
      "quarter": "2025-09 (Q3)",
      "signal": "FCF MARGIN EXPANSION",
      "detail": "FCF margin: +1.4% -> +25.0% (+23.6%)",
      "severity": "MEDIUM"
    },
    {
      "quarter": "2025-09 (Q3)",
      "signal": "YoY REVENUE GROWTH ACCELERATION",
      "detail": "YoY growth: -4.6% vs prior quarter YoY: -10.6% (accel: +6.0%)",
      "severity": "MEDIUM"
    },
    {
      "quarter": "2025-06 (Q2)",
      "signal": "INCREMENTAL MARGIN (YoY)",
      "detail": "YoY Incr OPM: +119.8% vs year-ago OPM: +20.5%",
      "severity": "HIGH"
    },
    {
      "quarter": "2025-06 (Q2)",
      "signal": "OP MARGIN TURNED POSITIVE (QoQ)",
      "detail": "Op margin: -7.4% -> +8.7%",
      "severity": "HIGH"
    },
    {
      "quarter": "2025-03 (Q1)",
      "signal": "YoY REVENUE GROWTH ACCELERATION",
      "detail": "YoY growth: -11.5% vs prior quarter YoY: -17.1% (accel: +5.6%)",
      "severity": "MEDIUM"
    },
    {
      "quarter": "2024-12 (Q4)",
      "signal": "YoY REVENUE GROWTH DECELERATION",
      "detail": "YoY growth: -17.1% vs prior quarter YoY: -9.4% (decel: -7.8%)",
      "severity": "WARNING"
    },
    {
      "quarter": "2024-12 (Q4)",
      "signal": "INCREMENTAL MARGIN (YoY)",
      "detail": "YoY Incr OPM: +78.5% vs year-ago OPM: +22.0%",
      "severity": "HIGH"
    },
    {
      "quarter": "2024-09 (Q3)",
      "signal": "FCF MARGIN EXPANSION",
      "detail": "FCF margin: +8.9% -> +19.6% (+10.7%)",
      "severity": "MEDIUM"
    },
    {
      "quarter": "2024-09 (Q3)",
      "signal": "INCREMENTAL MARGIN (YoY)",
      "detail": "YoY Incr OPM: +107.1% vs year-ago OPM: +21.8%",
      "severity": "HIGH"
    },
    {
      "quarter": "2024-06 (Q2)",
      "signal": "INCREMENTAL MARGIN (YoY)",
      "detail": "YoY Incr OPM: +66.3% vs year-ago OPM: +25.3%",
      "severity": "HIGH"
    },
    {
      "quarter": "2024-03 (Q1)",
      "signal": "YoY REVENUE GROWTH DECELERATION",
      "detail": "YoY growth: -11.5% vs prior quarter YoY: -4.2% (decel: -7.3%)",
      "severity": "WARNING"
    },
    {
      "quarter": "2024-03 (Q1)",
      "signal": "INCREMENTAL MARGIN (YoY)",
      "detail": "YoY Incr OPM: +59.3% vs year-ago OPM: +26.8%",
      "severity": "HIGH"
    },
    {
      "quarter": "2023-12 (Q4)",
      "signal": "YoY REVENUE GROWTH ACCELERATION",
      "detail": "YoY growth: -4.2% vs prior quarter YoY: -15.5% (accel: +11.2%)",
      "severity": "MEDIUM"
    },
    {
      "quarter": "2023-12 (Q4)",
      "signal": "INCREMENTAL MARGIN (YoY)",
      "detail": "YoY Incr OPM: +158.8% vs year-ago OPM: +27.8%",
      "severity": "HIGH"
    },
    {
      "quarter": "2023-09 (Q3)",
      "signal": "INCREMENTAL MARGIN (YoY)",
      "detail": "YoY Incr OPM: +67.5% vs year-ago OPM: +28.8%",
      "severity": "HIGH"
    },
    {
      "quarter": "2023-06 (Q2)",
      "signal": "INCREMENTAL MARGIN (YoY)",
      "detail": "YoY Incr OPM: +82.2% vs year-ago OPM: +32.9%",
      "severity": "HIGH"
    },
    {
      "quarter": "2023-03 (Q1)",
      "signal": "YoY REVENUE GROWTH DECELERATION",
      "detail": "YoY growth: -8.8% vs prior quarter YoY: -0.8% (decel: -8.0%)",
      "severity": "WARNING"
    },
    {
      "quarter": "2023-03 (Q1)",
      "signal": "INCREMENTAL MARGIN (YoY)",
      "detail": "YoY Incr OPM: +91.1% vs year-ago OPM: +32.4%",
      "severity": "HIGH"
    },
    {
      "quarter": "2022-12 (Q4)",
      "signal": "YoY REVENUE GROWTH DECELERATION",
      "detail": "YoY growth: -0.8% vs prior quarter YoY: +11.4% (decel: -12.2%)",
      "severity": "WARNING"
    },
    {
      "quarter": "2022-12 (Q4)",
      "signal": "INCREMENTAL MARGIN (YoY)",
      "detail": "YoY Incr OPM: +527.9% vs year-ago OPM: +31.9%",
      "severity": "HIGH"
    },
    {
      "quarter": "2022-09 (Q3)",
      "signal": "FCF MARGIN EXPANSION",
      "detail": "FCF margin: +14.5% -> +35.1% (+20.6%)",
      "severity": "MEDIUM"
    },
    {
      "quarter": "2022-09 (Q3)",
      "signal": "YoY REVENUE GROWTH DECELERATION",
      "detail": "YoY growth: +11.4% vs prior quarter YoY: +24.4% (decel: -13.0%)",
      "severity": "WARNING"
    },
    {
      "quarter": "2022-06 (Q2)",
      "signal": "FCF MARGIN EXPANSION",
      "detail": "FCF margin: +4.9% -> +14.5% (+9.6%)",
      "severity": "MEDIUM"
    },
    {
      "quarter": "2022-06 (Q2)",
      "signal": "YoY REVENUE GROWTH DECELERATION",
      "detail": "YoY growth: +24.4% vs prior quarter YoY: +53.6% (decel: -29.3%)",
      "severity": "WARNING"
    },
    {
      "quarter": "2022-06 (Q2)",
      "signal": "INCREMENTAL MARGIN (YoY)",
      "detail": "YoY Incr OPM: +48.6% vs year-ago OPM: +29.1%",
      "severity": "MEDIUM"
    },
    {
      "quarter": "2022-03 (Q1)",
      "signal": "INCREMENTAL MARGIN (YoY)",
      "detail": "YoY Incr OPM: +45.0% vs year-ago OPM: +25.7%",
      "severity": "MEDIUM"
    },
    {
      "quarter": "2021-12 (Q4)",
      "signal": "GROSS MARGIN INFLECTION",
      "detail": "GM: +39.7% -> +38.7% -> +42.2% (reversal +3.5%)",
      "severity": "MEDIUM"
    },
    {
      "quarter": "2021-09 (Q3)",
      "signal": "FCF MARGIN EXPANSION",
      "detail": "FCF margin: +17.7% -> +24.3% (+6.5%)",
      "severity": "MEDIUM"
    },
    {
      "quarter": "2021-09 (Q3)",
      "signal": "OPERATING LEVERAGE",
      "detail": "Rev growth +8.2% vs OpEx growth +0.9% (leverage: 9.2x)",
      "severity": "MEDIUM"
    },
    {
      "quarter": "2021-06 (Q2)",
      "signal": "FCF MARGIN EXPANSION",
      "detail": "FCF margin: +8.6% -> +17.7% (+9.2%)",
      "severity": "MEDIUM"
    },
    {
      "quarter": "2021-06 (Q2)",
      "signal": "OPERATING LEVERAGE",
      "detail": "Rev growth +33.5% vs OpEx growth +20.0% (leverage: 1.7x)",
      "severity": "MEDIUM"
    }
  ],
  "data_quality": {
    "n_quarters": 20,
    "coverage": {
      "revenue": [
        20,
        20
      ],
      "gross_profit": [
        20,
        20
      ],
      "op_income": [
        20,
        20
      ],
      "fcf": [
        20,
        20
      ]
    },
    "gaps": [],
    "warnings": []
  },
  "market_cap": null,
  "source": "SEC EDGAR",
  "last_updated": "2026-02-04T13:46:01.922672"
}