{
  "ticker": "ATLN",
  "name": "ATLANTIC INTERNATIONAL CORP.",
  "quarters": [
    {
      "date": "2020-09-30T00:00:00",
      "quarter_label": "2020-09 (Q3)",
      "revenue": 85577,
      "gross_profit": 85577,
      "operating_income": null,
      "net_income": null,
      "opex": 201852,
      "cogs": null,
      "rd": 30368,
      "sga": null,
      "fcf": null,
      "ocf": null,
      "capex": null,
      "gross_margin": 1.0,
      "op_margin": null,
      "fcf_margin": null
    },
    {
      "date": "2020-12-31T00:00:00",
      "quarter_label": "2020-12 (Q4)",
      "revenue": 117565,
      "gross_profit": 43762,
      "operating_income": -79007,
      "net_income": -154277,
      "opex": 122769,
      "cogs": 73803,
      "rd": 51671,
      "sga": null,
      "fcf": -347048,
      "ocf": -347048,
      "capex": null,
      "gross_margin": 0.3722366350529494,
      "op_margin": -0.6720282396971888,
      "fcf_margin": -2.951966996980394,
      "op_leverage_ratio": Infinity
    },
    {
      "date": "2021-03-31T00:00:00",
      "quarter_label": "2021-03 (Q1)",
      "revenue": 60733,
      "gross_profit": 32782,
      "operating_income": -372560,
      "net_income": -1414618,
      "opex": 405342,
      "cogs": 27951,
      "rd": 17955,
      "sga": null,
      "fcf": -240901,
      "ocf": -235651,
      "capex": -5250,
      "gross_margin": 0.5397724466105741,
      "op_margin": -6.134391516967711,
      "fcf_margin": -3.9665585431314114,
      "fcf_margin_change": -1.0145915461510175
    },
    {
      "date": "2021-06-30T00:00:00",
      "quarter_label": "2021-06 (Q2)",
      "revenue": 63396,
      "gross_profit": 50604,
      "operating_income": -399091,
      "net_income": -252303,
      "opex": 449695,
      "cogs": 12792,
      "rd": 24461,
      "sga": null,
      "fcf": 54243,
      "ocf": 54243,
      "capex": null,
      "gross_margin": 0.7982207079310998,
      "op_margin": -6.295207899552023,
      "fcf_margin": 0.8556218057921635,
      "op_leverage_ratio": 0.4007237083175653,
      "fcf_margin_change": 4.822180348923575
    },
    {
      "date": "2021-09-30T00:00:00",
      "quarter_label": "2021-09 (Q3)",
      "revenue": 50901,
      "gross_profit": 46852,
      "operating_income": -404750,
      "net_income": -639499,
      "opex": 451602,
      "cogs": 4049,
      "rd": 90658,
      "sga": null,
      "fcf": -841563,
      "ocf": -841563,
      "capex": null,
      "gross_margin": 0.920453429205713,
      "op_margin": -7.951710182511149,
      "fcf_margin": -16.533329404137444,
      "rev_growth_yoy": -0.40520233240239784,
      "fcf_margin_change": -17.38895120992961
    },
    {
      "date": "2021-12-31T00:00:00",
      "quarter_label": "2021-12 (Q4)",
      "revenue": 34965,
      "gross_profit": 22067,
      "operating_income": -1372227,
      "net_income": -1397138,
      "opex": 1394294,
      "cogs": 12898,
      "rd": 397002,
      "sga": null,
      "fcf": -976126,
      "ocf": -966906,
      "capex": -9220,
      "gross_margin": 0.6311168311168311,
      "op_margin": -39.245731445731444,
      "fcf_margin": -27.917231517231517,
      "rev_growth_yoy": -0.7025900565644537,
      "rev_growth_yoy_accel": -0.2973877241620559,
      "fcf_margin_change": -11.383902113094074
    },
    {
      "date": "2022-03-31T00:00:00",
      "quarter_label": "2022-03 (Q1)",
      "revenue": 47482,
      "gross_profit": 47482,
      "operating_income": -872060,
      "net_income": -937954,
      "opex": 919542,
      "cogs": null,
      "rd": 334670,
      "sga": null,
      "fcf": -1037359,
      "ocf": -1030424,
      "capex": -6935,
      "gross_margin": 1.0,
      "op_margin": -18.366117686702328,
      "fcf_margin": -21.847415862853293,
      "rev_growth_yoy": -0.21818451253848814,
      "rev_growth_yoy_accel": 0.4844055440259656,
      "op_leverage_ratio": Infinity,
      "fcf_margin_change": 6.069815654378225
    },
    {
      "date": "2022-06-30T00:00:00",
      "quarter_label": "2022-06 (Q2)",
      "revenue": 31177,
      "gross_profit": 30487,
      "operating_income": -961097,
      "net_income": -994915,
      "opex": 991584,
      "cogs": 690,
      "rd": 365845,
      "sga": null,
      "fcf": -1005411,
      "ocf": -983573,
      "capex": -21838,
      "gross_margin": 0.9778683003496167,
      "op_margin": -30.827116143310775,
      "fcf_margin": -32.248484459697856,
      "rev_growth_yoy": -0.5082181841125623,
      "rev_growth_yoy_accel": -0.2900336715740741,
      "fcf_margin_change": -10.401068596844564
    },
    {
      "date": "2022-12-31T00:00:00",
      "quarter_label": "2022-12 (Q4)",
      "revenue": 0,
      "gross_profit": 0,
      "operating_income": -1245491,
      "net_income": -1236015,
      "opex": 1245491,
      "cogs": 487,
      "rd": 438980,
      "sga": null,
      "fcf": -759360,
      "ocf": -748997,
      "capex": -10363,
      "gross_margin": null,
      "op_margin": null,
      "fcf_margin": null,
      "rev_growth_yoy": -1.0,
      "rev_growth_yoy_accel": -0.49178181588743775
    },
    {
      "date": "2023-06-30T00:00:00",
      "quarter_label": "2023-06 (Q2)",
      "revenue": 89364602,
      "gross_profit": 10937760,
      "operating_income": -1444404,
      "net_income": -1400114,
      "opex": 1444404,
      "cogs": 78426842,
      "rd": 581718,
      "sga": 11187268,
      "fcf": 10298494,
      "ocf": 10292146,
      "capex": 6348,
      "gross_margin": 0.12239477103025648,
      "op_margin": -0.01616304406525528,
      "fcf_margin": 0.11524131221442692,
      "incr_op_margin_yoy": -0.005410147433617373,
      "rev_growth_yoy": 2865.3630881739746,
      "rev_growth_yoy_accel": 2866.3630881739746
    },
    {
      "date": "2023-09-30T00:00:00",
      "quarter_label": "2023-09 (Q3)",
      "revenue": 97785156,
      "gross_profit": 11605175,
      "operating_income": -1288944,
      "net_income": -1267668,
      "opex": 1288944,
      "cogs": 86179981,
      "rd": 411332,
      "sga": 10372122,
      "fcf": -6564579,
      "ocf": -6543807,
      "capex": -20772,
      "gross_margin": 0.11868033426259503,
      "op_margin": -0.0131813871626896,
      "fcf_margin": -0.06713267400217678,
      "op_leverage_ratio": Infinity,
      "fcf_margin_change": -0.1823739862166037
    },
    {
      "date": "2023-12-31T00:00:00",
      "quarter_label": "2023-12 (Q4)",
      "revenue": 116196821,
      "gross_profit": 12588767,
      "operating_income": -1241334,
      "net_income": -1241443,
      "opex": 1241334,
      "cogs": -250888387,
      "rd": 483584,
      "sga": 13740263,
      "fcf": -11706299,
      "ocf": -11708900,
      "capex": 2601,
      "gross_margin": 0.10834002937137154,
      "op_margin": -0.010683028927271599,
      "fcf_margin": -0.10074543261385782,
      "incr_op_margin_yoy": 3.577550542454169e-05,
      "op_leverage_ratio": Infinity,
      "fcf_margin_change": -0.033612758611681046
    },
    {
      "date": "2024-03-31T00:00:00",
      "quarter_label": "2024-03 (Q1)",
      "revenue": 100623212,
      "gross_profit": 10465382,
      "operating_income": -1065821,
      "net_income": -1095580,
      "opex": 1065821,
      "cogs": 90157830,
      "rd": 316263,
      "sga": 10341037,
      "fcf": 11220151,
      "ocf": 11234774,
      "capex": -14623,
      "gross_margin": 0.1040056443437723,
      "op_margin": -0.010592198150065017,
      "fcf_margin": 0.11150658756550129,
      "fcf_margin_change": 0.21225202017935912
    },
    {
      "date": "2024-06-30T00:00:00",
      "quarter_label": "2024-06 (Q2)",
      "revenue": 104636273,
      "gross_profit": 11489646,
      "operating_income": -8312558,
      "net_income": -54911719,
      "opex": 19802204,
      "cogs": 93146627,
      "rd": null,
      "sga": 18553150,
      "fcf": -15472723,
      "ocf": -15452040,
      "capex": -20683,
      "gross_margin": 0.10980557382811217,
      "op_margin": -0.07944241286193364,
      "fcf_margin": -0.1478715034125881,
      "incr_op_margin_yoy": -0.44973166328687936,
      "rev_growth_yoy": 0.1708917251150517,
      "op_leverage_ratio": 0.0022686949396955682,
      "fcf_margin_change": -0.2593780909780894
    },
    {
      "date": "2024-09-30T00:00:00",
      "quarter_label": "2024-09 (Q3)",
      "revenue": 107803843,
      "gross_profit": 11885470,
      "operating_income": -6511654,
      "net_income": -7049629,
      "opex": 18397124,
      "cogs": 95918373,
      "rd": null,
      "sga": 17151567,
      "fcf": -1356518,
      "ocf": -1341452,
      "capex": -15066,
      "gross_margin": 0.11025089337492357,
      "op_margin": -0.06040280029720276,
      "fcf_margin": -0.012583206333377188,
      "incr_op_margin_yoy": -0.5212968525715994,
      "rev_growth_yoy": 0.10245611307303125,
      "rev_growth_yoy_accel": -0.06843561204202046,
      "op_leverage_ratio": Infinity,
      "fcf_margin_change": 0.1352882970792109
    },
    {
      "date": "2024-12-31T00:00:00",
      "quarter_label": "2024-12 (Q4)",
      "revenue": 129546486,
      "gross_profit": 13337825,
      "operating_income": -5875171,
      "net_income": -68651698,
      "opex": 19212996,
      "cogs": 116208661,
      "rd": null,
      "sga": 17975298,
      "fcf": -449402,
      "ocf": -426318,
      "capex": -23084,
      "gross_margin": 0.10295782936173198,
      "op_margin": -0.04535183609688957,
      "fcf_margin": -0.003469040449310219,
      "incr_op_margin_yoy": -0.34711260544740263,
      "rev_growth_yoy": 0.11488838408066258,
      "rev_growth_yoy_accel": 0.012432271007631335,
      "op_leverage_ratio": 4.547848606330897,
      "fcf_margin_change": 0.00911416588406697
    },
    {
      "date": "2025-03-31T00:00:00",
      "quarter_label": "2025-03 (Q1)",
      "revenue": 102808807,
      "gross_profit": 11186122,
      "operating_income": -9449746,
      "net_income": -10744185,
      "opex": 20635868,
      "cogs": 91622685,
      "rd": null,
      "sga": 19399479,
      "fcf": 14556611,
      "ocf": 14568690,
      "capex": -12079,
      "gross_margin": 0.1088050948786907,
      "op_margin": -0.09191572469078452,
      "fcf_margin": 0.14158914420629354,
      "incr_op_margin_yoy": -3.835992029630375,
      "rev_growth_yoy": 0.021720584709619486,
      "rev_growth_yoy_accel": -0.0931677993710431,
      "fcf_margin_change": 0.14505818465560374
    },
    {
      "date": "2025-06-30T00:00:00",
      "quarter_label": "2025-06 (Q2)",
      "revenue": 102896993,
      "gross_profit": 11418694,
      "operating_income": -8684591,
      "net_income": -10718169,
      "opex": 20103285,
      "cogs": 91478299,
      "rd": null,
      "sga": 18870535,
      "fcf": -9549455,
      "ocf": -9531461,
      "capex": -17994,
      "gross_margin": 0.11097208642433312,
      "op_margin": -0.08440082403574223,
      "fcf_margin": -0.09280596761462213,
      "incr_op_margin_yoy": 0.21390057955015868,
      "rev_growth_yoy": -0.0166221516701001,
      "rev_growth_yoy_accel": -0.038342736379719584,
      "fcf_margin_change": -0.23439511182091566
    },
    {
      "date": "2025-09-30T00:00:00",
      "quarter_label": "2025-09 (Q3)",
      "revenue": 110127203,
      "gross_profit": 12401976,
      "operating_income": -8717023,
      "net_income": -10820344,
      "opex": 21118999,
      "cogs": 97725227,
      "rd": null,
      "sga": 19888692,
      "fcf": -1269600,
      "ocf": -1255178,
      "capex": -14422,
      "gross_margin": 0.11261500939054994,
      "op_margin": -0.07915413051941399,
      "fcf_margin": -0.011528486744551208,
      "incr_op_margin_yoy": -0.9492153605123614,
      "rev_growth_yoy": 0.021551736332813293,
      "rev_growth_yoy_accel": 0.038173888002913395,
      "op_leverage_ratio": 1.3907331895962263,
      "fcf_margin_change": 0.08127748087007093
    }
  ],
  "signals": [
    {
      "quarter": "2025-09 (Q3)",
      "signal": "FCF MARGIN EXPANSION",
      "detail": "FCF margin: -9.3% -> -1.2% (+8.1%)",
      "severity": "MEDIUM"
    },
    {
      "quarter": "2025-03 (Q1)",
      "signal": "FCF TURNED POSITIVE",
      "detail": "FCF margin: -0.3% -> +14.2%",
      "severity": "HIGH"
    },
    {
      "quarter": "2025-03 (Q1)",
      "signal": "YoY REVENUE GROWTH DECELERATION",
      "detail": "YoY growth: +2.2% vs prior quarter YoY: +11.5% (decel: -9.3%)",
      "severity": "WARNING"
    },
    {
      "quarter": "2024-12 (Q4)",
      "signal": "OPERATING LEVERAGE",
      "detail": "Rev growth +20.2% vs OpEx growth +4.4% (leverage: 4.5x)",
      "severity": "MEDIUM"
    },
    {
      "quarter": "2024-09 (Q3)",
      "signal": "FCF MARGIN EXPANSION",
      "detail": "FCF margin: -14.8% -> -1.3% (+13.5%)",
      "severity": "MEDIUM"
    },
    {
      "quarter": "2024-09 (Q3)",
      "signal": "YoY REVENUE GROWTH DECELERATION",
      "detail": "YoY growth: +10.2% vs prior quarter YoY: +17.1% (decel: -6.8%)",
      "severity": "WARNING"
    },
    {
      "quarter": "2024-03 (Q1)",
      "signal": "FCF TURNED POSITIVE",
      "detail": "FCF margin: -10.1% -> +11.2%",
      "severity": "HIGH"
    },
    {
      "quarter": "2023-06 (Q2)",
      "signal": "YoY REVENUE GROWTH ACCELERATION",
      "detail": "YoY growth: +286536.3% vs prior quarter YoY: -100.0% (accel: +286636.3%)",
      "severity": "HIGH"
    },
    {
      "quarter": "2022-12 (Q4)",
      "signal": "YoY REVENUE GROWTH DECELERATION",
      "detail": "YoY growth: -100.0% vs prior quarter YoY: -50.8% (decel: -49.2%)",
      "severity": "WARNING"
    },
    {
      "quarter": "2022-06 (Q2)",
      "signal": "YoY REVENUE GROWTH DECELERATION",
      "detail": "YoY growth: -50.8% vs prior quarter YoY: -21.8% (decel: -29.0%)",
      "severity": "WARNING"
    },
    {
      "quarter": "2022-03 (Q1)",
      "signal": "FCF MARGIN EXPANSION",
      "detail": "FCF margin: -2791.7% -> -2184.7% (+607.0%)",
      "severity": "MEDIUM"
    },
    {
      "quarter": "2022-03 (Q1)",
      "signal": "GROSS MARGIN INFLECTION",
      "detail": "GM: +92.0% -> +63.1% -> +100.0% (reversal +36.9%)",
      "severity": "HIGH"
    },
    {
      "quarter": "2022-03 (Q1)",
      "signal": "YoY REVENUE GROWTH ACCELERATION",
      "detail": "YoY growth: -21.8% vs prior quarter YoY: -70.3% (accel: +48.4%)",
      "severity": "HIGH"
    },
    {
      "quarter": "2021-12 (Q4)",
      "signal": "YoY REVENUE GROWTH DECELERATION",
      "detail": "YoY growth: -70.3% vs prior quarter YoY: -40.5% (decel: -29.7%)",
      "severity": "WARNING"
    },
    {
      "quarter": "2021-06 (Q2)",
      "signal": "FCF TURNED POSITIVE",
      "detail": "FCF margin: -396.7% -> +85.6%",
      "severity": "HIGH"
    },
    {
      "quarter": "2021-03 (Q1)",
      "signal": "GROSS MARGIN INFLECTION",
      "detail": "GM: +100.0% -> +37.2% -> +54.0% (reversal +16.8%)",
      "severity": "HIGH"
    }
  ],
  "data_quality": {
    "n_quarters": 19,
    "coverage": {
      "revenue": [
        19,
        19
      ],
      "gross_profit": [
        19,
        19
      ],
      "op_income": [
        18,
        19
      ],
      "fcf": [
        18,
        19
      ]
    },
    "gaps": [
      [
        "2022-06 (Q2)",
        "2022-12 (Q4)",
        184
      ],
      [
        "2022-12 (Q4)",
        "2023-06 (Q2)",
        181
      ]
    ],
    "warnings": [
      "gap: 1Q missing between 2022-06 (Q2) and 2022-12 (Q4)",
      "gap: 1Q missing between 2022-12 (Q4) and 2023-06 (Q2)"
    ]
  },
  "market_cap": null,
  "source": "SEC EDGAR",
  "last_updated": "2026-02-02T22:57:52.121054",
  "sector": "Industrials",
  "industry": "Staffing & Employment Services"
}