{
  "ticker": "ATMU",
  "name": "Atmus Filtration Technologies Inc.",
  "sector": "Consumer Cyclical",
  "industry": "Auto Parts",
  "quarters": [
    {
      "date": "2022-06-30T00:00:00",
      "quarter_label": "2022-06 (Q2)",
      "revenue": 393200000,
      "gross_profit": 95400000,
      "operating_income": 58000000,
      "net_income": 49200000,
      "opex": 37400000,
      "cogs": 297800000,
      "rd": 9500000,
      "sga": 32500000,
      "fcf": null,
      "ocf": null,
      "capex": null,
      "gross_margin": 0.24262461851475076,
      "op_margin": 0.14750762970498474,
      "fcf_margin": null
    },
    {
      "date": "2022-09-30T00:00:00",
      "quarter_label": "2022-09 (Q3)",
      "revenue": 401200000,
      "gross_profit": 99700000,
      "operating_income": 64900000,
      "net_income": 50400000,
      "opex": 34800000,
      "cogs": 301500000,
      "rd": 9800000,
      "sga": 32300000,
      "fcf": 42300000,
      "ocf": 48200000,
      "capex": -5900000,
      "gross_margin": 0.24850448654037888,
      "op_margin": 0.16176470588235295,
      "fcf_margin": 0.10543369890329013,
      "op_leverage_ratio": null
    },
    {
      "date": "2022-12-31T00:00:00",
      "quarter_label": "2022-12 (Q4)",
      "revenue": 385200000,
      "gross_profit": 82700000,
      "operating_income": 36500000,
      "net_income": 36000000,
      "opex": 46200000,
      "cogs": 302500000,
      "rd": 8900000,
      "sga": 42400000,
      "fcf": 62700000,
      "ocf": 77800000,
      "capex": -15100000,
      "gross_margin": 0.21469366562824507,
      "op_margin": 0.09475597092419523,
      "fcf_margin": 0.16277258566978192,
      "fcf_margin_change": 0.05733888676649179
    },
    {
      "date": "2023-03-31T00:00:00",
      "quarter_label": "2023-03 (Q1)",
      "revenue": 418600000,
      "gross_profit": 109800000,
      "operating_income": 69200000,
      "net_income": 52700000,
      "opex": 40600000,
      "cogs": 308800000,
      "rd": 9800000,
      "sga": 39100000,
      "fcf": 36400000,
      "ocf": 42800000,
      "capex": -6400000,
      "gross_margin": 0.2623029144768275,
      "op_margin": 0.16531294792164358,
      "fcf_margin": 0.08695652173913043,
      "op_leverage_ratio": null,
      "fcf_margin_change": -0.07581606393065149
    },
    {
      "date": "2023-06-30T00:00:00",
      "quarter_label": "2023-06 (Q2)",
      "revenue": 413600000,
      "gross_profit": 114400000,
      "operating_income": 64200000,
      "net_income": 46200000,
      "opex": 50200000,
      "cogs": 299200000,
      "rd": 12300000,
      "sga": 46000000,
      "fcf": 33500000,
      "ocf": 46200000,
      "capex": -12700000,
      "gross_margin": 0.2765957446808511,
      "op_margin": 0.15522243713733075,
      "fcf_margin": 0.08099613152804643,
      "incr_op_margin_yoy": 0.30392156862745096,
      "rev_growth_yoy": 0.05188199389623601,
      "fcf_margin_change": -0.005960390211084007
    },
    {
      "date": "2023-09-30T00:00:00",
      "quarter_label": "2023-09 (Q3)",
      "revenue": 396200000,
      "gross_profit": 102900000,
      "operating_income": 58800000,
      "net_income": 37600000,
      "opex": 44100000,
      "cogs": 293300000,
      "rd": 11100000,
      "sga": 41300000,
      "fcf": 47800000,
      "ocf": 58300000,
      "capex": -10500000,
      "gross_margin": 0.2597173144876325,
      "op_margin": 0.14840989399293286,
      "fcf_margin": 0.12064613831398284,
      "incr_op_margin_yoy": 1.22,
      "rev_growth_yoy": -0.012462612163509471,
      "rev_growth_yoy_accel": -0.06434460605974548,
      "fcf_margin_change": 0.039650006785936415
    },
    {
      "date": "2023-12-31T00:00:00",
      "quarter_label": "2023-12 (Q4)",
      "revenue": 399700000,
      "gross_profit": 105600000,
      "operating_income": 56200000,
      "net_income": 34800000,
      "opex": 49400000,
      "cogs": 294100000,
      "rd": 9300000,
      "sga": 48300000,
      "fcf": 25500000,
      "ocf": 41700000,
      "capex": -16200000,
      "gross_margin": 0.26419814861145857,
      "op_margin": 0.14060545409056793,
      "fcf_margin": 0.06379784838628971,
      "incr_op_margin_yoy": 1.3586206896551725,
      "rev_growth_yoy": 0.037642782969885775,
      "rev_growth_yoy_accel": 0.05010539513339525,
      "fcf_margin_change": -0.05684828992769313
    },
    {
      "date": "2024-03-31T00:00:00",
      "quarter_label": "2024-03 (Q1)",
      "revenue": 426600000,
      "gross_profit": 111800000,
      "operating_income": 68600000,
      "net_income": 45500000,
      "opex": 43200000,
      "cogs": 314800000,
      "rd": 10100000,
      "sga": 43300000,
      "fcf": -18800000,
      "ocf": -8200000,
      "capex": -10600000,
      "gross_margin": 0.26207219878105953,
      "op_margin": 0.16080637599624942,
      "fcf_margin": -0.04406938584153774,
      "incr_op_margin_yoy": -0.075,
      "rev_growth_yoy": 0.019111323459149548,
      "rev_growth_yoy_accel": -0.018531459510736228,
      "op_leverage_ratio": null,
      "fcf_margin_change": -0.10786723422782746
    },
    {
      "date": "2024-06-30T00:00:00",
      "quarter_label": "2024-06 (Q2)",
      "revenue": 432600000,
      "gross_profit": 131900000,
      "operating_income": 79800000,
      "net_income": 56200000,
      "opex": 52100000,
      "cogs": 300700000,
      "rd": 10400000,
      "sga": 49100000,
      "fcf": 11300000,
      "ocf": 22900000,
      "capex": -11600000,
      "gross_margin": 0.30490060101710587,
      "op_margin": 0.18446601941747573,
      "fcf_margin": 0.026121128062875636,
      "incr_op_margin_yoy": 0.8210526315789474,
      "rev_growth_yoy": 0.045938104448742745,
      "rev_growth_yoy_accel": 0.026826780989593197,
      "op_leverage_ratio": 0.06826909401223154,
      "fcf_margin_change": 0.07019051390441337
    },
    {
      "date": "2024-09-30T00:00:00",
      "quarter_label": "2024-09 (Q3)",
      "revenue": 403700000,
      "gross_profit": 111300000,
      "operating_income": 63200000,
      "net_income": 43800000,
      "opex": 48100000,
      "cogs": 292400000,
      "rd": 9700000,
      "sga": 46400000,
      "fcf": 54300000,
      "ocf": 70700000,
      "capex": -16400000,
      "gross_margin": 0.27569977706217486,
      "op_margin": 0.1565518949715135,
      "fcf_margin": 0.13450582115432252,
      "incr_op_margin_yoy": 0.5866666666666667,
      "rev_growth_yoy": 0.018929833417465926,
      "rev_growth_yoy_accel": -0.02700827103127682,
      "fcf_margin_change": 0.10838469309144688
    },
    {
      "date": "2024-12-31T00:00:00",
      "quarter_label": "2024-12 (Q4)",
      "revenue": 406700000,
      "gross_profit": 107100000,
      "operating_income": 54600000,
      "net_income": 40100000,
      "opex": 52500000,
      "cogs": 299600000,
      "rd": 10400000,
      "sga": 48800000,
      "fcf": 10000000,
      "ocf": 20000000,
      "capex": -10000000,
      "gross_margin": 0.2633390705679862,
      "op_margin": 0.1342512908777969,
      "fcf_margin": 0.024588148512417016,
      "incr_op_margin_yoy": -0.22857142857142856,
      "rev_growth_yoy": 0.017513134851138354,
      "rev_growth_yoy_accel": -0.0014166985663275726,
      "fcf_margin_change": -0.10991767264190551
    },
    {
      "date": "2025-03-31T00:00:00",
      "quarter_label": "2025-03 (Q1)",
      "revenue": 416500000,
      "gross_profit": 110500000,
      "operating_income": 64900000,
      "net_income": 44700000,
      "opex": 45600000,
      "cogs": 306000000,
      "rd": 9100000,
      "sga": 45900000,
      "fcf": 16300000,
      "ocf": 28700000,
      "capex": -12400000,
      "gross_margin": 0.2653061224489796,
      "op_margin": 0.15582232893157263,
      "fcf_margin": 0.039135654261704685,
      "incr_op_margin_yoy": 0.36633663366336633,
      "rev_growth_yoy": -0.0236755743084857,
      "rev_growth_yoy_accel": -0.041188709159624054,
      "op_leverage_ratio": null,
      "fcf_margin_change": 0.014547505749287669
    },
    {
      "date": "2025-06-30T00:00:00",
      "quarter_label": "2025-06 (Q2)",
      "revenue": 453500000,
      "gross_profit": 131000000,
      "operating_income": 81700000,
      "net_income": 59900000,
      "opex": 49300000,
      "cogs": 322500000,
      "rd": 10700000,
      "sga": 46100000,
      "fcf": 32400000,
      "ocf": 44400000,
      "capex": -12000000,
      "gross_margin": 0.288864388092613,
      "op_margin": 0.18015435501653804,
      "fcf_margin": 0.07144432194046306,
      "incr_op_margin_yoy": 0.09090909090909091,
      "rev_growth_yoy": 0.048312528895053164,
      "rev_growth_yoy_accel": 0.07198810320353886,
      "op_leverage_ratio": 1.0948379351740696,
      "fcf_margin_change": 0.032308667678758375
    },
    {
      "date": "2025-09-30T00:00:00",
      "quarter_label": "2025-09 (Q3)",
      "revenue": 447700000,
      "gross_profit": 129400000,
      "operating_income": 81900000,
      "net_income": 54800000,
      "opex": 47500000,
      "cogs": 318300000,
      "rd": 10000000,
      "sga": 45900000,
      "fcf": 68900000,
      "ocf": 82100000,
      "capex": -13200000,
      "gross_margin": 0.28903283448737993,
      "op_margin": 0.1829350011168193,
      "fcf_margin": 0.15389769935224482,
      "incr_op_margin_yoy": 0.425,
      "rev_growth_yoy": 0.10899182561307902,
      "rev_growth_yoy_accel": 0.060679296718025855,
      "fcf_margin_change": 0.08245337741178176
    },
    {
      "date": "2025-12-31T00:00:00",
      "quarter_label": "2025-12 (Q4)",
      "revenue": 446600000,
      "gross_profit": 127400000,
      "operating_income": 70500000,
      "net_income": 48000000,
      "opex": 56900000,
      "cogs": 319200000,
      "rd": 10900000,
      "sga": 46400000,
      "fcf": 31200000,
      "ocf": 47500000,
      "capex": -16300000,
      "gross_margin": 0.2852664576802508,
      "op_margin": 0.15785938199731303,
      "fcf_margin": 0.06986117330944917,
      "incr_op_margin_yoy": 0.39849624060150374,
      "rev_growth_yoy": 0.0981067125645439,
      "rev_growth_yoy_accel": -0.010885113048535122,
      "fcf_margin_change": -0.08403652604279564
    }
  ],
  "signals": [
    {
      "quarter": "2025-12 (Q4)",
      "signal": "INCREMENTAL MARGIN (YoY)",
      "detail": "YoY Incr OPM: +39.8% vs year-ago OPM: +13.4%",
      "severity": "HIGH"
    },
    {
      "quarter": "2025-09 (Q3)",
      "signal": "FCF MARGIN EXPANSION",
      "detail": "FCF margin: +7.1% -> +15.4% (+8.2%)",
      "severity": "MEDIUM"
    },
    {
      "quarter": "2025-09 (Q3)",
      "signal": "YoY REVENUE GROWTH ACCELERATION",
      "detail": "YoY growth: +10.9% vs prior quarter YoY: +4.8% (accel: +6.1%)",
      "severity": "MEDIUM"
    },
    {
      "quarter": "2025-09 (Q3)",
      "signal": "INCREMENTAL MARGIN (YoY)",
      "detail": "YoY Incr OPM: +42.5% vs year-ago OPM: +15.7%",
      "severity": "HIGH"
    },
    {
      "quarter": "2025-06 (Q2)",
      "signal": "YoY REVENUE GROWTH ACCELERATION",
      "detail": "YoY growth: +4.8% vs prior quarter YoY: -2.4% (accel: +7.2%)",
      "severity": "MEDIUM"
    },
    {
      "quarter": "2025-03 (Q1)",
      "signal": "INCREMENTAL MARGIN (YoY)",
      "detail": "YoY Incr OPM: +36.6% vs year-ago OPM: +16.1%",
      "severity": "HIGH"
    },
    {
      "quarter": "2024-09 (Q3)",
      "signal": "FCF MARGIN EXPANSION",
      "detail": "FCF margin: +2.6% -> +13.5% (+10.8%)",
      "severity": "MEDIUM"
    },
    {
      "quarter": "2024-09 (Q3)",
      "signal": "INCREMENTAL MARGIN (YoY)",
      "detail": "YoY Incr OPM: +58.7% vs year-ago OPM: +14.8%",
      "severity": "HIGH"
    },
    {
      "quarter": "2024-06 (Q2)",
      "signal": "FCF TURNED POSITIVE",
      "detail": "FCF margin: -4.4% -> +2.6%",
      "severity": "HIGH"
    },
    {
      "quarter": "2024-06 (Q2)",
      "signal": "GROSS MARGIN INFLECTION",
      "detail": "GM: +26.4% -> +26.2% -> +30.5% (reversal +4.3%)",
      "severity": "MEDIUM"
    },
    {
      "quarter": "2024-06 (Q2)",
      "signal": "INCREMENTAL MARGIN (YoY)",
      "detail": "YoY Incr OPM: +82.1% vs year-ago OPM: +15.5%",
      "severity": "HIGH"
    },
    {
      "quarter": "2023-12 (Q4)",
      "signal": "YoY REVENUE GROWTH ACCELERATION",
      "detail": "YoY growth: +3.8% vs prior quarter YoY: -1.2% (accel: +5.0%)",
      "severity": "MEDIUM"
    },
    {
      "quarter": "2023-12 (Q4)",
      "signal": "INCREMENTAL MARGIN (YoY)",
      "detail": "YoY Incr OPM: +135.9% vs year-ago OPM: +9.5%",
      "severity": "HIGH"
    },
    {
      "quarter": "2023-09 (Q3)",
      "signal": "YoY REVENUE GROWTH DECELERATION",
      "detail": "YoY growth: -1.2% vs prior quarter YoY: +5.2% (decel: -6.4%)",
      "severity": "WARNING"
    },
    {
      "quarter": "2023-09 (Q3)",
      "signal": "INCREMENTAL MARGIN (YoY)",
      "detail": "YoY Incr OPM: +122.0% vs year-ago OPM: +16.2%",
      "severity": "HIGH"
    },
    {
      "quarter": "2023-06 (Q2)",
      "signal": "INCREMENTAL MARGIN (YoY)",
      "detail": "YoY Incr OPM: +30.4% vs year-ago OPM: +14.8%",
      "severity": "MEDIUM"
    },
    {
      "quarter": "2023-03 (Q1)",
      "signal": "GROSS MARGIN INFLECTION",
      "detail": "GM: +24.9% -> +21.5% -> +26.2% (reversal +4.8%)",
      "severity": "MEDIUM"
    },
    {
      "quarter": "2022-12 (Q4)",
      "signal": "FCF MARGIN EXPANSION",
      "detail": "FCF margin: +10.5% -> +16.3% (+5.7%)",
      "severity": "MEDIUM"
    }
  ],
  "data_quality": {
    "n_quarters": 15,
    "coverage": {
      "revenue": [
        15,
        15
      ],
      "gross_profit": [
        15,
        15
      ],
      "op_income": [
        15,
        15
      ],
      "fcf": [
        14,
        15
      ]
    },
    "gaps": [],
    "warnings": []
  },
  "market_cap": null,
  "source": "SEC EDGAR",
  "last_updated": "2026-02-24T10:47:35.456404"
}