{
  "ticker": "ATRC",
  "name": "AtriCure, Inc.",
  "quarters": [
    {
      "date": "2020-12-31T00:00:00",
      "quarter_label": "2020-12 (Q4)",
      "revenue": 57725000,
      "gross_profit": 42437000,
      "operating_income": -17503000,
      "net_income": -18562000,
      "opex": 59940000,
      "cogs": 15288000,
      "rd": 10871000,
      "sga": 49069000,
      "fcf": 2902000,
      "ocf": 3954000,
      "capex": -1052000,
      "gross_margin": 0.7351580770896492,
      "op_margin": -0.30321351234300564,
      "fcf_margin": 0.05027284538761369
    },
    {
      "date": "2021-03-31T00:00:00",
      "quarter_label": "2021-03 (Q1)",
      "revenue": 59275000,
      "gross_profit": 44540000,
      "operating_income": -15885000,
      "net_income": -16917000,
      "opex": 60425000,
      "cogs": 14735000,
      "rd": 11217000,
      "sga": 49208000,
      "fcf": -10642000,
      "ocf": -9316000,
      "capex": -1326000,
      "gross_margin": 0.7514129059468578,
      "op_margin": -0.2679881906368621,
      "fcf_margin": -0.17953606073386758,
      "op_leverage_ratio": 3.3185071414858043,
      "fcf_margin_change": -0.22980890612148125
    },
    {
      "date": "2021-06-30T00:00:00",
      "quarter_label": "2021-06 (Q2)",
      "revenue": 71376000,
      "gross_profit": 54078000,
      "operating_income": -15077000,
      "net_income": -16251000,
      "opex": 69155000,
      "cogs": 17298000,
      "rd": 12197000,
      "sga": 56958000,
      "fcf": -8746000,
      "ocf": -4533000,
      "capex": -4213000,
      "gross_margin": 0.7576496301277741,
      "op_margin": -0.21123346783232458,
      "fcf_margin": -0.12253418516027796,
      "op_leverage_ratio": 1.4130323791248105,
      "fcf_margin_change": 0.057001875573589614
    },
    {
      "date": "2021-09-30T00:00:00",
      "quarter_label": "2021-09 (Q3)",
      "revenue": 70460000,
      "gross_profit": 52226000,
      "operating_income": 98669000,
      "net_income": 97108000,
      "opex": -46443000,
      "cogs": 18234000,
      "rd": 11284000,
      "sga": 49873000,
      "fcf": -1736000,
      "ocf": -232000,
      "capex": -1504000,
      "gross_margin": 0.7412148736871984,
      "op_margin": 1.40035481124042,
      "fcf_margin": -0.0246380925347715,
      "fcf_margin_change": 0.09789609262550646
    },
    {
      "date": "2021-12-31T00:00:00",
      "quarter_label": "2021-12 (Q4)",
      "revenue": 73218000,
      "gross_profit": 55016000,
      "operating_income": -12502000,
      "net_income": -13741000,
      "opex": 67518000,
      "cogs": 18202000,
      "rd": 13808000,
      "sga": 53710000,
      "fcf": -2409000,
      "ocf": 301000,
      "capex": -2710000,
      "gross_margin": 0.7513999289792128,
      "op_margin": -0.17075036193285803,
      "fcf_margin": -0.03290174547242481,
      "incr_op_margin_yoy": 0.3227909378428968,
      "rev_growth_yoy": 0.26839324382849716,
      "op_leverage_ratio": Infinity,
      "fcf_margin_change": -0.008263652937653309
    },
    {
      "date": "2022-03-31T00:00:00",
      "quarter_label": "2022-03 (Q1)",
      "revenue": 74576000,
      "gross_profit": 55595000,
      "operating_income": -14150000,
      "net_income": -15183000,
      "opex": 69745000,
      "cogs": 18981000,
      "rd": 13629000,
      "sga": 56116000,
      "fcf": -28013000,
      "ocf": -24632000,
      "capex": -3381000,
      "gross_margin": 0.7454811199313452,
      "op_margin": -0.189739326324823,
      "fcf_margin": -0.3756302295644711,
      "incr_op_margin_yoy": 0.11339128161558068,
      "rev_growth_yoy": 0.258135807676086,
      "rev_growth_yoy_accel": -0.010257436152411148,
      "op_leverage_ratio": 0.5623170610950122,
      "fcf_margin_change": -0.3427284840920463
    },
    {
      "date": "2022-06-30T00:00:00",
      "quarter_label": "2022-06 (Q2)",
      "revenue": 84529000,
      "gross_profit": 63519000,
      "operating_income": -13660000,
      "net_income": -14841000,
      "opex": 77179000,
      "cogs": 21010000,
      "rd": 14791000,
      "sga": 62388000,
      "fcf": 45000,
      "ocf": 4229000,
      "capex": -4184000,
      "gross_margin": 0.7514462492162454,
      "op_margin": -0.1616013439174721,
      "fcf_margin": 0.000532361674691526,
      "incr_op_margin_yoy": 0.10773207633239565,
      "rev_growth_yoy": 0.18427762833445416,
      "rev_growth_yoy_accel": -0.07385817934163186,
      "op_leverage_ratio": 1.2521185232159864,
      "fcf_margin_change": 0.3761625912391626
    },
    {
      "date": "2022-09-30T00:00:00",
      "quarter_label": "2022-09 (Q3)",
      "revenue": 83246000,
      "gross_profit": 61713000,
      "operating_income": -10723000,
      "net_income": -12272000,
      "opex": 72436000,
      "cogs": 21533000,
      "rd": 15169000,
      "sga": 57267000,
      "fcf": -6929000,
      "ocf": -1784000,
      "capex": -5145000,
      "gross_margin": 0.741332916896908,
      "op_margin": -0.12881099392162987,
      "fcf_margin": -0.08323523052158663,
      "incr_op_margin_yoy": -8.55560769591741,
      "rev_growth_yoy": 0.18146466080045415,
      "rev_growth_yoy_accel": -0.0028129675340000104,
      "fcf_margin_change": -0.08376759219627815
    },
    {
      "date": "2022-12-31T00:00:00",
      "quarter_label": "2022-12 (Q4)",
      "revenue": 88028000,
      "gross_profit": 65113000,
      "operating_income": -4136000,
      "net_income": -4170000,
      "opex": 69249000,
      "cogs": 22915000,
      "rd": 13748000,
      "sga": 55501000,
      "fcf": -4125000,
      "ocf": 46000,
      "capex": -4171000,
      "gross_margin": 0.7396851001953924,
      "op_margin": -0.046985050211296404,
      "fcf_margin": -0.04686008997137275,
      "incr_op_margin_yoy": 0.5648885887913572,
      "rev_growth_yoy": 0.20227266519161954,
      "rev_growth_yoy_accel": 0.020808004391165397,
      "op_leverage_ratio": Infinity,
      "fcf_margin_change": 0.03637514055021388
    },
    {
      "date": "2023-03-31T00:00:00",
      "quarter_label": "2023-03 (Q1)",
      "revenue": 93494000,
      "gross_profit": 69609000,
      "operating_income": -5782000,
      "net_income": -6476000,
      "opex": 75391000,
      "cogs": 23885000,
      "rd": 15327000,
      "sga": 60064000,
      "fcf": -6581000,
      "ocf": -4079000,
      "capex": -2502000,
      "gross_margin": 0.7445290606883864,
      "op_margin": -0.06184354076197403,
      "fcf_margin": -0.07038954371403512,
      "incr_op_margin_yoy": 0.44233005603129294,
      "rev_growth_yoy": 0.25367410426947007,
      "rev_growth_yoy_accel": 0.051401439077850525,
      "op_leverage_ratio": 0.700087763289313,
      "fcf_margin_change": -0.023529453742662375
    },
    {
      "date": "2023-06-30T00:00:00",
      "quarter_label": "2023-06 (Q2)",
      "revenue": 100918000,
      "gross_profit": 77077000,
      "operating_income": -4144000,
      "net_income": -5118000,
      "opex": 81221000,
      "cogs": 23841000,
      "rd": 17438000,
      "sga": 63783000,
      "fcf": -69000,
      "ocf": 3011000,
      "capex": -3080000,
      "gross_margin": 0.7637586951782636,
      "op_margin": -0.041063041281040054,
      "fcf_margin": -0.0006837234190134564,
      "incr_op_margin_yoy": 0.580633351638294,
      "rev_growth_yoy": 0.19388612192265375,
      "rev_growth_yoy_accel": -0.059787982346816315,
      "op_leverage_ratio": 1.026845659205399,
      "fcf_margin_change": 0.06970582029502166
    },
    {
      "date": "2023-09-30T00:00:00",
      "quarter_label": "2023-09 (Q3)",
      "revenue": 98290000,
      "gross_profit": 73869000,
      "operating_income": -8089000,
      "net_income": -9055000,
      "opex": 81958000,
      "cogs": 24421000,
      "rd": 20354000,
      "sga": 61604000,
      "fcf": -2108000,
      "ocf": 1522000,
      "capex": -3630000,
      "gross_margin": 0.7515413572082613,
      "op_margin": -0.08229728354868247,
      "fcf_margin": -0.021446739241021466,
      "incr_op_margin_yoy": 0.17508641318798193,
      "rev_growth_yoy": 0.18071739182663432,
      "rev_growth_yoy_accel": -0.013168730096019432,
      "fcf_margin_change": -0.02076301582200801
    },
    {
      "date": "2023-12-31T00:00:00",
      "quarter_label": "2023-12 (Q4)",
      "revenue": 106543000,
      "gross_profit": 79815000,
      "operating_income": -8668000,
      "net_income": -9789000,
      "opex": 88483000,
      "cogs": 26728000,
      "rd": 20796000,
      "sga": 67687000,
      "fcf": 1244000,
      "ocf": 4030000,
      "capex": -2786000,
      "gross_margin": 0.749134152407948,
      "op_margin": -0.08135682306674301,
      "fcf_margin": 0.011676036905287067,
      "incr_op_margin_yoy": -0.2447745071563597,
      "rev_growth_yoy": 0.21033080383514335,
      "rev_growth_yoy_accel": 0.029613412008509032,
      "op_leverage_ratio": 1.0546621152746447,
      "fcf_margin_change": 0.033122776146308534
    },
    {
      "date": "2024-03-31T00:00:00",
      "quarter_label": "2024-03 (Q1)",
      "revenue": 108851000,
      "gross_profit": 81268000,
      "operating_income": -10917000,
      "net_income": -13269000,
      "opex": 92185000,
      "cogs": 27583000,
      "rd": 19845000,
      "sga": 72340000,
      "fcf": -23790000,
      "ocf": -21016000,
      "capex": -2774000,
      "gross_margin": 0.7465985613361384,
      "op_margin": -0.10029306115699442,
      "fcf_margin": -0.2185556402789134,
      "incr_op_margin_yoy": -0.334375203490265,
      "rev_growth_yoy": 0.16425652983079128,
      "rev_growth_yoy_accel": -0.04607427400435207,
      "op_leverage_ratio": 0.517766929064178,
      "fcf_margin_change": -0.23023167718420046
    },
    {
      "date": "2024-06-30T00:00:00",
      "quarter_label": "2024-06 (Q2)",
      "revenue": 116269000,
      "gross_profit": 86844000,
      "operating_income": -7168000,
      "net_income": -8008000,
      "opex": 94012000,
      "cogs": 29425000,
      "rd": 20416000,
      "sga": 73596000,
      "fcf": 4996000,
      "ocf": 7380000,
      "capex": -2384000,
      "gross_margin": 0.7469230835390345,
      "op_margin": -0.06165013890202892,
      "fcf_margin": 0.042969321143211,
      "incr_op_margin_yoy": -0.19699042407660738,
      "rev_growth_yoy": 0.15211359717790682,
      "rev_growth_yoy_accel": -0.012142932652884464,
      "op_leverage_ratio": 3.4385561333629227,
      "fcf_margin_change": 0.2615249614221244
    },
    {
      "date": "2024-09-30T00:00:00",
      "quarter_label": "2024-09 (Q3)",
      "revenue": 115910000,
      "gross_profit": 86793000,
      "operating_income": -7405000,
      "net_income": -7853000,
      "opex": 94198000,
      "cogs": 29117000,
      "rd": 20960000,
      "sga": 73238000,
      "fcf": 16396000,
      "ocf": 20004000,
      "capex": -3608000,
      "gross_margin": 0.7487964800276077,
      "op_margin": -0.06388577344491415,
      "fcf_margin": 0.14145457682684842,
      "incr_op_margin_yoy": 0.03881952326901249,
      "rev_growth_yoy": 0.17926543900702005,
      "rev_growth_yoy_accel": 0.027151841829113232,
      "fcf_margin_change": 0.09848525568363742
    },
    {
      "date": "2024-12-31T00:00:00",
      "quarter_label": "2024-12 (Q4)",
      "revenue": 124277000,
      "gross_profit": 92619000,
      "operating_income": -14523000,
      "net_income": -15568000,
      "opex": 107142000,
      "cogs": 31658000,
      "rd": 34957000,
      "sga": 72185000,
      "fcf": 3143000,
      "ocf": 5836000,
      "capex": -2693000,
      "gross_margin": 0.745262598871875,
      "op_margin": -0.116859917764349,
      "fcf_margin": 0.025290278973583206,
      "incr_op_margin_yoy": -0.33015676102402164,
      "rev_growth_yoy": 0.16644922707263735,
      "rev_growth_yoy_accel": -0.012816211934382704,
      "op_leverage_ratio": 0.525317708189477,
      "fcf_margin_change": -0.11616429785326521
    },
    {
      "date": "2025-03-31T00:00:00",
      "quarter_label": "2025-03 (Q1)",
      "revenue": 123620000,
      "gross_profit": 92628000,
      "operating_income": -5954000,
      "net_income": -6747000,
      "opex": 98582000,
      "cogs": 30992000,
      "rd": 22528000,
      "sga": 76054000,
      "fcf": -13207000,
      "ocf": -11026000,
      "capex": -2181000,
      "gross_margin": 0.7492962303834331,
      "op_margin": -0.048163727552176024,
      "fcf_margin": -0.10683546351723022,
      "incr_op_margin_yoy": 0.3360417089850362,
      "rev_growth_yoy": 0.13568088487933047,
      "rev_growth_yoy_accel": -0.030768342193306875,
      "fcf_margin_change": -0.13212574249081344
    },
    {
      "date": "2025-06-30T00:00:00",
      "quarter_label": "2025-06 (Q2)",
      "revenue": 136139000,
      "gross_profit": 101482000,
      "operating_income": -6192000,
      "net_income": -6190000,
      "opex": 107674000,
      "cogs": 34657000,
      "rd": 29284000,
      "sga": 78390000,
      "fcf": 18955000,
      "ocf": 21617000,
      "capex": -2662000,
      "gross_margin": 0.7454293038732472,
      "op_margin": -0.04548292553933847,
      "fcf_margin": 0.139232695994535,
      "incr_op_margin_yoy": 0.049119275289380974,
      "rev_growth_yoy": 0.1708967996628508,
      "rev_growth_yoy_accel": 0.03521591478352032,
      "op_leverage_ratio": 1.0980423683893412,
      "fcf_margin_change": 0.24606815951176522
    },
    {
      "date": "2025-09-30T00:00:00",
      "quarter_label": "2025-09 (Q3)",
      "revenue": 134269000,
      "gross_profit": 101332000,
      "operating_income": 208000,
      "net_income": -267000,
      "opex": 101124000,
      "cogs": 32937000,
      "rd": 22892000,
      "sga": 78232000,
      "fcf": 24111000,
      "ocf": 26716000,
      "capex": -2605000,
      "gross_margin": 0.7546939353089693,
      "op_margin": 0.0015491289873314018,
      "fcf_margin": 0.17957235102667035,
      "incr_op_margin_yoy": 0.41467400185195274,
      "rev_growth_yoy": 0.15839013027348806,
      "rev_growth_yoy_accel": -0.012506669389362735,
      "fcf_margin_change": 0.04033965503213535
    }
  ],
  "signals": [
    {
      "quarter": "2025-09 (Q3)",
      "signal": "OP MARGIN TURNED POSITIVE (YoY)",
      "detail": "Op margin: -6.4% (year-ago) -> +0.2%",
      "severity": "HIGH"
    },
    {
      "quarter": "2025-09 (Q3)",
      "signal": "OP MARGIN TURNED POSITIVE (QoQ)",
      "detail": "Op margin: -4.5% -> +0.2%",
      "severity": "HIGH"
    },
    {
      "quarter": "2025-06 (Q2)",
      "signal": "FCF TURNED POSITIVE",
      "detail": "FCF margin: -10.7% -> +13.9%",
      "severity": "HIGH"
    },
    {
      "quarter": "2024-09 (Q3)",
      "signal": "FCF MARGIN EXPANSION",
      "detail": "FCF margin: +4.3% -> +14.1% (+9.8%)",
      "severity": "MEDIUM"
    },
    {
      "quarter": "2024-06 (Q2)",
      "signal": "FCF TURNED POSITIVE",
      "detail": "FCF margin: -21.9% -> +4.3%",
      "severity": "HIGH"
    },
    {
      "quarter": "2024-06 (Q2)",
      "signal": "OPERATING LEVERAGE",
      "detail": "Rev growth +6.8% vs OpEx growth +2.0% (leverage: 3.4x)",
      "severity": "MEDIUM"
    },
    {
      "quarter": "2023-12 (Q4)",
      "signal": "FCF TURNED POSITIVE",
      "detail": "FCF margin: -2.1% -> +1.2%",
      "severity": "HIGH"
    },
    {
      "quarter": "2023-06 (Q2)",
      "signal": "FCF MARGIN EXPANSION",
      "detail": "FCF margin: -7.0% -> -0.1% (+7.0%)",
      "severity": "MEDIUM"
    },
    {
      "quarter": "2023-06 (Q2)",
      "signal": "YoY REVENUE GROWTH DECELERATION",
      "detail": "YoY growth: +19.4% vs prior quarter YoY: +25.4% (decel: -6.0%)",
      "severity": "WARNING"
    },
    {
      "quarter": "2023-03 (Q1)",
      "signal": "YoY REVENUE GROWTH ACCELERATION",
      "detail": "YoY growth: +25.4% vs prior quarter YoY: +20.2% (accel: +5.1%)",
      "severity": "MEDIUM"
    },
    {
      "quarter": "2022-06 (Q2)",
      "signal": "FCF TURNED POSITIVE",
      "detail": "FCF margin: -37.6% -> +0.1%",
      "severity": "HIGH"
    },
    {
      "quarter": "2022-06 (Q2)",
      "signal": "YoY REVENUE GROWTH DECELERATION",
      "detail": "YoY growth: +18.4% vs prior quarter YoY: +25.8% (decel: -7.4%)",
      "severity": "WARNING"
    },
    {
      "quarter": "2021-09 (Q3)",
      "signal": "FCF MARGIN EXPANSION",
      "detail": "FCF margin: -12.3% -> -2.5% (+9.8%)",
      "severity": "MEDIUM"
    },
    {
      "quarter": "2021-09 (Q3)",
      "signal": "OP MARGIN TURNED POSITIVE (QoQ)",
      "detail": "Op margin: -21.1% -> +140.0%",
      "severity": "HIGH"
    },
    {
      "quarter": "2021-06 (Q2)",
      "signal": "FCF MARGIN EXPANSION",
      "detail": "FCF margin: -18.0% -> -12.3% (+5.7%)",
      "severity": "MEDIUM"
    },
    {
      "quarter": "2021-03 (Q1)",
      "signal": "OPERATING LEVERAGE",
      "detail": "Rev growth +2.7% vs OpEx growth +0.8% (leverage: 3.3x)",
      "severity": "MEDIUM"
    }
  ],
  "data_quality": {
    "n_quarters": 20,
    "coverage": {
      "revenue": [
        20,
        20
      ],
      "gross_profit": [
        20,
        20
      ],
      "op_income": [
        20,
        20
      ],
      "fcf": [
        20,
        20
      ]
    },
    "gaps": [],
    "warnings": []
  },
  "market_cap": null,
  "source": "SEC EDGAR",
  "last_updated": "2026-02-02T21:38:57.898865"
}