{
  "ticker": "ATROB",
  "name": "ASTRONICS CORPORATION",
  "quarters": [
    {
      "date": "2020-12-31T00:00:00",
      "quarter_label": "2020-12 (Q4)",
      "revenue": 114803000,
      "gross_profit": 19118000,
      "operating_income": -5469000,
      "net_income": -19985000,
      "opex": 24587000,
      "cogs": 95685000,
      "rd": 21800000,
      "sga": 24587000,
      "fcf": 5822000,
      "ocf": 5822000,
      "capex": null,
      "gross_margin": 0.16652874924871303,
      "op_margin": -0.04763812792348632,
      "fcf_margin": 0.05071296046270568
    },
    {
      "date": "2021-04-03T00:00:00",
      "quarter_label": "2021-04 (Q2)",
      "revenue": 105857000,
      "gross_profit": 14273000,
      "operating_income": -9512000,
      "net_income": -11909000,
      "opex": 23785000,
      "cogs": 91584000,
      "rd": 21600000,
      "sga": 23785000,
      "fcf": -6863000,
      "ocf": -6863000,
      "capex": null,
      "gross_margin": 0.13483284053014916,
      "op_margin": -0.08985707133208007,
      "fcf_margin": -0.0648327460630851,
      "fcf_margin_change": -0.11554570652579078
    },
    {
      "date": "2021-07-03T00:00:00",
      "quarter_label": "2021-07 (Q3)",
      "revenue": 111158000,
      "gross_profit": 15395000,
      "operating_income": -5920000,
      "net_income": -8099000,
      "opex": 21315000,
      "cogs": 95763000,
      "rd": 21300000,
      "sga": 21315000,
      "fcf": 4525000,
      "ocf": 4525000,
      "capex": null,
      "gross_margin": 0.1384965544540204,
      "op_margin": -0.05325752532431314,
      "fcf_margin": 0.040707821299411646,
      "op_leverage_ratio": Infinity,
      "fcf_margin_change": 0.10554056736249676
    },
    {
      "date": "2021-10-02T00:00:00",
      "quarter_label": "2021-10 (Q4)",
      "revenue": 111841000,
      "gross_profit": 17231000,
      "operating_income": -4498000,
      "net_income": -7174000,
      "opex": 21729000,
      "cogs": 94610000,
      "rd": 21800000,
      "sga": 21729000,
      "fcf": -16162000,
      "ocf": -16162000,
      "capex": null,
      "gross_margin": 0.15406693430852728,
      "op_margin": -0.04021780921129103,
      "fcf_margin": -0.14450872220384295,
      "fcf_margin_change": -0.1852165435032546
    },
    {
      "date": "2021-12-31T00:00:00",
      "quarter_label": "2021-12 (Q4)",
      "revenue": 116052000,
      "gross_profit": 18464000,
      "operating_income": -8744000,
      "net_income": 1604000,
      "opex": 27208000,
      "cogs": 97588000,
      "rd": 20600000,
      "sga": 32222000,
      "fcf": 12970000,
      "ocf": 12970000,
      "capex": null,
      "gross_margin": 0.15910109261365596,
      "op_margin": -0.07534553476027987,
      "fcf_margin": 0.11176024540723124,
      "incr_op_margin_yoy": -2.622097678142514,
      "rev_growth_yoy": 0.010879506633101922,
      "op_leverage_ratio": 0.1493216015626857,
      "fcf_margin_change": 0.2562689676110742
    },
    {
      "date": "2022-04-02T00:00:00",
      "quarter_label": "2022-04 (Q2)",
      "revenue": 116176000,
      "gross_profit": 19933000,
      "operating_income": -4167000,
      "net_income": -3101000,
      "opex": 24100000,
      "cogs": 96243000,
      "rd": 12200000,
      "sga": 24100000,
      "fcf": 316000,
      "ocf": 316000,
      "capex": null,
      "gross_margin": 0.17157588486434375,
      "op_margin": -0.03586799338934031,
      "fcf_margin": 0.002720011017766148,
      "incr_op_margin_yoy": 0.5179765481151274,
      "rev_growth_yoy": 0.09748056340157005,
      "rev_growth_yoy_accel": 0.08660105676846813,
      "fcf_margin_change": -0.1090402343894651
    },
    {
      "date": "2022-07-02T00:00:00",
      "quarter_label": "2022-07 (Q3)",
      "revenue": 129127000,
      "gross_profit": 15709000,
      "operating_income": -8396000,
      "net_income": -11010000,
      "opex": 24105000,
      "cogs": 113418000,
      "rd": 12600000,
      "sga": 24105000,
      "fcf": -10646000,
      "ocf": -10646000,
      "capex": null,
      "gross_margin": 0.12165542450455753,
      "op_margin": -0.06502125814120982,
      "fcf_margin": -0.08244596405089563,
      "incr_op_margin_yoy": -0.1377928654905671,
      "rev_growth_yoy": 0.1616527825257741,
      "rev_growth_yoy_accel": 0.06417221912420407,
      "op_leverage_ratio": Infinity,
      "fcf_margin_change": -0.08516597506866178
    },
    {
      "date": "2022-10-01T00:00:00",
      "quarter_label": "2022-10 (Q4)",
      "revenue": 131438000,
      "gross_profit": 14388000,
      "operating_income": -14314000,
      "net_income": -14857000,
      "opex": 28702000,
      "cogs": 117050000,
      "rd": 12000000,
      "sga": 28702000,
      "fcf": -28811000,
      "ocf": -28811000,
      "capex": null,
      "gross_margin": 0.10946606004351862,
      "op_margin": -0.10890305695460978,
      "fcf_margin": -0.2191984053317914,
      "incr_op_margin_yoy": -0.5008929938255855,
      "rev_growth_yoy": 0.1752219668994376,
      "rev_growth_yoy_accel": 0.013569184373663473,
      "op_leverage_ratio": 0.09384594596353454,
      "fcf_margin_change": -0.13675244128089578
    },
    {
      "date": "2022-12-31T00:00:00",
      "quarter_label": "2022-12 (Q4)",
      "revenue": 158153000,
      "gross_profit": 21510000,
      "operating_income": -3167000,
      "net_income": -6779000,
      "opex": 24677000,
      "cogs": 136643000,
      "rd": 11500000,
      "sga": 24677000,
      "fcf": 10829000,
      "ocf": 10829000,
      "capex": null,
      "gross_margin": 0.136007537005305,
      "op_margin": -0.020024912584649043,
      "fcf_margin": 0.0684716698387005,
      "incr_op_margin_yoy": 0.1324671623001829,
      "rev_growth_yoy": 0.3627770309861097,
      "rev_growth_yoy_accel": 0.1875550640866721,
      "op_leverage_ratio": Infinity,
      "fcf_margin_change": 0.2876700751704919
    },
    {
      "date": "2023-04-01T00:00:00",
      "quarter_label": "2023-04 (Q2)",
      "revenue": 156538000,
      "gross_profit": 27510000,
      "operating_income": -2370000,
      "net_income": -4415000,
      "opex": 29880000,
      "cogs": 129028000,
      "rd": 12700000,
      "sga": 29880000,
      "fcf": -19181000,
      "ocf": -19181000,
      "capex": null,
      "gross_margin": 0.17574007589211565,
      "op_margin": -0.015140093779146277,
      "fcf_margin": -0.12253254800751255,
      "incr_op_margin_yoy": 0.04452207521926565,
      "rev_growth_yoy": 0.347421154111004,
      "rev_growth_yoy_accel": -0.0153558768751057,
      "fcf_margin_change": -0.19100421784621305
    },
    {
      "date": "2023-07-01T00:00:00",
      "quarter_label": "2023-07 (Q3)",
      "revenue": 174454000,
      "gross_profit": 32695000,
      "operating_income": 2396000,
      "net_income": -11999000,
      "opex": 30299000,
      "cogs": 141759000,
      "rd": 12700000,
      "sga": 30299000,
      "fcf": -1970000,
      "ocf": -1970000,
      "capex": null,
      "gross_margin": 0.1874133009274651,
      "op_margin": 0.013734279523542023,
      "fcf_margin": -0.011292375067352999,
      "incr_op_margin_yoy": 0.23809208639442275,
      "rev_growth_yoy": 0.35102650878592395,
      "rev_growth_yoy_accel": 0.0036053546749199583,
      "op_leverage_ratio": 8.161835608186943,
      "fcf_margin_change": 0.11124017294015956
    },
    {
      "date": "2023-09-30T00:00:00",
      "quarter_label": "2023-09 (Q3)",
      "revenue": 162922000,
      "gross_profit": 20618000,
      "operating_income": -14479000,
      "net_income": -16983000,
      "opex": 35097000,
      "cogs": 142304000,
      "rd": 14100000,
      "sga": 35097000,
      "fcf": -1125000,
      "ocf": -1125000,
      "capex": null,
      "gross_margin": 0.12655135586354208,
      "op_margin": -0.088870747965284,
      "fcf_margin": -0.0069051447932139305,
      "incr_op_margin_yoy": -0.005240757210011434,
      "rev_growth_yoy": 0.2395349898811607,
      "rev_growth_yoy_accel": -0.11149151890476325,
      "fcf_margin_change": 0.004387230274139068
    },
    {
      "date": "2023-12-31T00:00:00",
      "quarter_label": "2023-12 (Q4)",
      "revenue": 195292000,
      "gross_profit": 39973000,
      "operating_income": 7782000,
      "net_income": 6976000,
      "opex": 32191000,
      "cogs": 155319000,
      "rd": 14000000,
      "sga": 32191000,
      "fcf": -1674000,
      "ocf": -1674000,
      "capex": null,
      "gross_margin": 0.20468324355324335,
      "op_margin": 0.03984802244843619,
      "fcf_margin": -0.008571779693996681,
      "incr_op_margin_yoy": 0.2948113842591346,
      "rev_growth_yoy": 0.234829563776849,
      "rev_growth_yoy_accel": -0.004705426104311711,
      "op_leverage_ratio": Infinity,
      "fcf_margin_change": -0.0016666349007827506
    },
    {
      "date": "2024-03-30T00:00:00",
      "quarter_label": "2024-03 (Q1)",
      "revenue": 185074000,
      "gross_profit": 34191000,
      "operating_income": 1666000,
      "net_income": -3178000,
      "opex": 32525000,
      "cogs": 150883000,
      "rd": 13300000,
      "sga": 32525000,
      "fcf": 2037000,
      "ocf": 2037000,
      "capex": null,
      "gross_margin": 0.18474231928850082,
      "op_margin": 0.009001804683531992,
      "fcf_margin": 0.011006408247511807,
      "incr_op_margin_yoy": 0.1414353798710401,
      "rev_growth_yoy": 0.1822943949711891,
      "rev_growth_yoy_accel": -0.05253516880565989,
      "fcf_margin_change": 0.019578187941508486
    },
    {
      "date": "2024-06-29T00:00:00",
      "quarter_label": "2024-06 (Q2)",
      "revenue": 198114000,
      "gross_profit": 41354000,
      "operating_income": 7550000,
      "net_income": 1533000,
      "opex": 33804000,
      "cogs": 156760000,
      "rd": 14200000,
      "sga": 33804000,
      "fcf": -6260000,
      "ocf": -6260000,
      "capex": null,
      "gross_margin": 0.20873840314162553,
      "op_margin": 0.03810937137203832,
      "fcf_margin": -0.031597968846219855,
      "incr_op_margin_yoy": 0.21783601014370246,
      "rev_growth_yoy": 0.135623144209935,
      "rev_growth_yoy_accel": -0.04667125076125411,
      "op_leverage_ratio": 1.7917563021491738,
      "fcf_margin_change": -0.04260437709373166
    },
    {
      "date": "2024-09-28T00:00:00",
      "quarter_label": "2024-09 (Q3)",
      "revenue": 203698000,
      "gross_profit": 42743000,
      "operating_income": 8374000,
      "net_income": -11738000,
      "opex": 34369000,
      "cogs": 160955000,
      "rd": 12400000,
      "sga": 34369000,
      "fcf": 8372000,
      "ocf": 8372000,
      "capex": null,
      "gross_margin": 0.20983514811141984,
      "op_margin": 0.041109878349321054,
      "fcf_margin": 0.04110005989258608,
      "incr_op_margin_yoy": 0.5604522268000784,
      "rev_growth_yoy": 0.25027927474496997,
      "rev_growth_yoy_accel": 0.11465613053503498,
      "op_leverage_ratio": 1.6863584307988937,
      "fcf_margin_change": 0.07269802873880593
    },
    {
      "date": "2024-12-31T00:00:00",
      "quarter_label": "2024-12 (Q4)",
      "revenue": 208540000,
      "gross_profit": 50054000,
      "operating_income": 8876000,
      "net_income": -2832000,
      "opex": 41178000,
      "cogs": 158486000,
      "rd": 12200000,
      "sga": 41178000,
      "fcf": 26417000,
      "ocf": 26417000,
      "capex": null,
      "gross_margin": 0.24002109906972283,
      "op_margin": 0.042562577922700684,
      "fcf_margin": 0.12667593747002973,
      "incr_op_margin_yoy": 0.08257850241545894,
      "rev_growth_yoy": 0.06783688015894149,
      "rev_growth_yoy_accel": -0.18244239458602848,
      "op_leverage_ratio": 0.11998351537495702,
      "fcf_margin_change": 0.08557587757744364
    },
    {
      "date": "2025-03-29T00:00:00",
      "quarter_label": "2025-03 (Q1)",
      "revenue": 205936000,
      "gross_profit": 60849000,
      "operating_income": 13137000,
      "net_income": 9528000,
      "opex": 47712000,
      "cogs": 145087000,
      "rd": 11067000,
      "sga": 36645000,
      "fcf": 20642000,
      "ocf": 20642000,
      "capex": null,
      "gross_margin": 0.29547529329500427,
      "op_margin": 0.06379166342941496,
      "fcf_margin": 0.10023502447362287,
      "incr_op_margin_yoy": 0.5498514044674527,
      "rev_growth_yoy": 0.11272247857613711,
      "rev_growth_yoy_accel": 0.044885598417195624,
      "fcf_margin_change": -0.026440912996406857
    },
    {
      "date": "2025-06-28T00:00:00",
      "quarter_label": "2025-06 (Q2)",
      "revenue": 204678000,
      "gross_profit": 52827000,
      "operating_income": 4758000,
      "net_income": 1314000,
      "opex": 48069000,
      "cogs": 151851000,
      "rd": 11572000,
      "sga": 36497000,
      "fcf": -7634000,
      "ocf": -7634000,
      "capex": null,
      "gross_margin": 0.25809808577375193,
      "op_margin": 0.02324626975053499,
      "fcf_margin": -0.03729760892719296,
      "incr_op_margin_yoy": -0.4253503960999391,
      "rev_growth_yoy": 0.033132438898815834,
      "rev_growth_yoy_accel": -0.07959003967732128,
      "fcf_margin_change": -0.13753263340081584
    },
    {
      "date": "2025-09-27T00:00:00",
      "quarter_label": "2025-09 (Q3)",
      "revenue": 211447000,
      "gross_profit": 64511000,
      "operating_income": 23055000,
      "net_income": -11098000,
      "opex": 41456000,
      "cogs": 146936000,
      "rd": 10210000,
      "sga": 31246000,
      "fcf": 34164000,
      "ocf": 34164000,
      "capex": null,
      "gross_margin": 0.30509300202887724,
      "op_margin": 0.1090344152435362,
      "fcf_margin": 0.16157240348645288,
      "incr_op_margin_yoy": 1.8945670409085043,
      "rev_growth_yoy": 0.038041610619642806,
      "rev_growth_yoy_accel": 0.004909171720826971,
      "op_leverage_ratio": Infinity,
      "fcf_margin_change": 0.19887001241364582
    }
  ],
  "signals": [
    {
      "quarter": "2025-09 (Q3)",
      "signal": "FCF TURNED POSITIVE",
      "detail": "FCF margin: -3.7% -> +16.2%",
      "severity": "HIGH"
    },
    {
      "quarter": "2025-09 (Q3)",
      "signal": "GROSS MARGIN INFLECTION",
      "detail": "GM: +29.5% -> +25.8% -> +30.5% (reversal +4.7%)",
      "severity": "MEDIUM"
    },
    {
      "quarter": "2025-09 (Q3)",
      "signal": "INCREMENTAL MARGIN (YoY)",
      "detail": "YoY Incr OPM: +189.5% vs year-ago OPM: +4.1%",
      "severity": "HIGH"
    },
    {
      "quarter": "2025-06 (Q2)",
      "signal": "YoY REVENUE GROWTH DECELERATION",
      "detail": "YoY growth: +3.3% vs prior quarter YoY: +11.3% (decel: -8.0%)",
      "severity": "WARNING"
    },
    {
      "quarter": "2025-03 (Q1)",
      "signal": "INCREMENTAL MARGIN (YoY)",
      "detail": "YoY Incr OPM: +55.0% vs year-ago OPM: +0.9%",
      "severity": "HIGH"
    },
    {
      "quarter": "2024-12 (Q4)",
      "signal": "FCF MARGIN EXPANSION",
      "detail": "FCF margin: +4.1% -> +12.7% (+8.6%)",
      "severity": "MEDIUM"
    },
    {
      "quarter": "2024-12 (Q4)",
      "signal": "YoY REVENUE GROWTH DECELERATION",
      "detail": "YoY growth: +6.8% vs prior quarter YoY: +25.0% (decel: -18.2%)",
      "severity": "WARNING"
    },
    {
      "quarter": "2024-09 (Q3)",
      "signal": "FCF TURNED POSITIVE",
      "detail": "FCF margin: -3.2% -> +4.1%",
      "severity": "HIGH"
    },
    {
      "quarter": "2024-09 (Q3)",
      "signal": "OPERATING LEVERAGE",
      "detail": "Rev growth +2.8% vs OpEx growth +1.7% (leverage: 1.7x)",
      "severity": "MEDIUM"
    },
    {
      "quarter": "2024-09 (Q3)",
      "signal": "YoY REVENUE GROWTH ACCELERATION",
      "detail": "YoY growth: +25.0% vs prior quarter YoY: +13.6% (accel: +11.5%)",
      "severity": "MEDIUM"
    },
    {
      "quarter": "2024-09 (Q3)",
      "signal": "OP MARGIN TURNED POSITIVE (YoY)",
      "detail": "Op margin: -8.9% (year-ago) -> +4.1%",
      "severity": "HIGH"
    },
    {
      "quarter": "2024-06 (Q2)",
      "signal": "OPERATING LEVERAGE",
      "detail": "Rev growth +7.0% vs OpEx growth +3.9% (leverage: 1.8x)",
      "severity": "MEDIUM"
    },
    {
      "quarter": "2024-06 (Q2)",
      "signal": "GROSS MARGIN INFLECTION",
      "detail": "GM: +20.5% -> +18.5% -> +20.9% (reversal +2.4%)",
      "severity": "MEDIUM"
    },
    {
      "quarter": "2024-06 (Q2)",
      "signal": "INCREMENTAL MARGIN (YoY)",
      "detail": "YoY Incr OPM: +21.8% vs year-ago OPM: +1.4%",
      "severity": "HIGH"
    },
    {
      "quarter": "2024-03 (Q1)",
      "signal": "FCF TURNED POSITIVE",
      "detail": "FCF margin: -0.9% -> +1.1%",
      "severity": "HIGH"
    },
    {
      "quarter": "2024-03 (Q1)",
      "signal": "YoY REVENUE GROWTH DECELERATION",
      "detail": "YoY growth: +18.2% vs prior quarter YoY: +23.5% (decel: -5.3%)",
      "severity": "WARNING"
    },
    {
      "quarter": "2024-03 (Q1)",
      "signal": "OP MARGIN TURNED POSITIVE (YoY)",
      "detail": "Op margin: -1.5% (year-ago) -> +0.9%",
      "severity": "HIGH"
    },
    {
      "quarter": "2023-12 (Q4)",
      "signal": "GROSS MARGIN INFLECTION",
      "detail": "GM: +18.7% -> +12.7% -> +20.5% (reversal +7.8%)",
      "severity": "HIGH"
    },
    {
      "quarter": "2023-12 (Q4)",
      "signal": "OP MARGIN TURNED POSITIVE (YoY)",
      "detail": "Op margin: -2.0% (year-ago) -> +4.0%",
      "severity": "HIGH"
    },
    {
      "quarter": "2023-12 (Q4)",
      "signal": "OP MARGIN TURNED POSITIVE (QoQ)",
      "detail": "Op margin: -8.9% -> +4.0%",
      "severity": "HIGH"
    },
    {
      "quarter": "2023-09 (Q3)",
      "signal": "YoY REVENUE GROWTH DECELERATION",
      "detail": "YoY growth: +24.0% vs prior quarter YoY: +35.1% (decel: -11.1%)",
      "severity": "WARNING"
    },
    {
      "quarter": "2023-07 (Q3)",
      "signal": "FCF MARGIN EXPANSION",
      "detail": "FCF margin: -12.3% -> -1.1% (+11.1%)",
      "severity": "MEDIUM"
    },
    {
      "quarter": "2023-07 (Q3)",
      "signal": "OPERATING LEVERAGE",
      "detail": "Rev growth +11.4% vs OpEx growth +1.4% (leverage: 8.2x)",
      "severity": "MEDIUM"
    },
    {
      "quarter": "2023-07 (Q3)",
      "signal": "OP MARGIN TURNED POSITIVE (YoY)",
      "detail": "Op margin: -6.5% (year-ago) -> +1.4%",
      "severity": "HIGH"
    },
    {
      "quarter": "2023-07 (Q3)",
      "signal": "OP MARGIN TURNED POSITIVE (QoQ)",
      "detail": "Op margin: -1.5% -> +1.4%",
      "severity": "HIGH"
    },
    {
      "quarter": "2022-12 (Q4)",
      "signal": "FCF TURNED POSITIVE",
      "detail": "FCF margin: -21.9% -> +6.8%",
      "severity": "HIGH"
    },
    {
      "quarter": "2022-12 (Q4)",
      "signal": "GROSS MARGIN INFLECTION",
      "detail": "GM: +12.2% -> +10.9% -> +13.6% (reversal +2.7%)",
      "severity": "MEDIUM"
    },
    {
      "quarter": "2022-12 (Q4)",
      "signal": "YoY REVENUE GROWTH ACCELERATION",
      "detail": "YoY growth: +36.3% vs prior quarter YoY: +17.5% (accel: +18.8%)",
      "severity": "HIGH"
    },
    {
      "quarter": "2022-07 (Q3)",
      "signal": "OPERATING LEVERAGE",
      "detail": "Rev growth +11.1% vs OpEx growth +0.0% (leverage: 537.3x)",
      "severity": "MEDIUM"
    },
    {
      "quarter": "2022-07 (Q3)",
      "signal": "YoY REVENUE GROWTH ACCELERATION",
      "detail": "YoY growth: +16.2% vs prior quarter YoY: +9.7% (accel: +6.4%)",
      "severity": "MEDIUM"
    },
    {
      "quarter": "2022-04 (Q2)",
      "signal": "YoY REVENUE GROWTH ACCELERATION",
      "detail": "YoY growth: +9.7% vs prior quarter YoY: +1.1% (accel: +8.7%)",
      "severity": "MEDIUM"
    },
    {
      "quarter": "2021-12 (Q4)",
      "signal": "FCF TURNED POSITIVE",
      "detail": "FCF margin: -14.5% -> +11.2%",
      "severity": "HIGH"
    },
    {
      "quarter": "2021-07 (Q3)",
      "signal": "FCF TURNED POSITIVE",
      "detail": "FCF margin: -6.5% -> +4.1%",
      "severity": "HIGH"
    }
  ],
  "data_quality": {
    "n_quarters": 20,
    "coverage": {
      "revenue": [
        20,
        20
      ],
      "gross_profit": [
        20,
        20
      ],
      "op_income": [
        20,
        20
      ],
      "fcf": [
        20,
        20
      ]
    },
    "gaps": [],
    "warnings": []
  },
  "market_cap": null,
  "source": "SEC EDGAR",
  "last_updated": "2026-02-03T00:55:48.731803"
}