{
  "ticker": "AUPH",
  "name": "Aurinia Pharmaceuticals Inc.",
  "quarters": [
    {
      "date": "2020-12-31T00:00:00",
      "quarter_label": "2020-12 (Q4)",
      "revenue": 50030000,
      "gross_profit": 50030000,
      "operating_income": -8052000,
      "net_income": -8074000,
      "opex": 58082000,
      "cogs": 0,
      "rd": 13173000,
      "sga": null,
      "fcf": 3204000,
      "ocf": 3204000,
      "capex": null,
      "gross_margin": 1.0,
      "op_margin": -0.16094343393963623,
      "fcf_margin": 0.06404157505496702
    },
    {
      "date": "2021-03-31T00:00:00",
      "quarter_label": "2021-03 (Q1)",
      "revenue": 914000,
      "gross_profit": 866000,
      "operating_income": -50543000,
      "net_income": -50379000,
      "opex": 51457000,
      "cogs": 48000,
      "rd": 9833000,
      "sga": null,
      "fcf": -53541000,
      "ocf": -53541000,
      "capex": null,
      "gross_margin": 0.9474835886214442,
      "op_margin": -55.298687089715536,
      "fcf_margin": -58.578774617067836,
      "fcf_margin_change": -58.6428161921228
    },
    {
      "date": "2021-06-30T00:00:00",
      "quarter_label": "2021-06 (Q2)",
      "revenue": 6620000,
      "gross_profit": 6312000,
      "operating_income": -47134000,
      "net_income": -47010000,
      "opex": 53754000,
      "cogs": 308000,
      "rd": 10091000,
      "sga": null,
      "fcf": -37979000,
      "ocf": -37979000,
      "capex": null,
      "gross_margin": 0.9534743202416919,
      "op_margin": -7.119939577039275,
      "fcf_margin": -5.737009063444109,
      "op_leverage_ratio": 139.85211516496162,
      "fcf_margin_change": 52.84176555362373
    },
    {
      "date": "2021-09-30T00:00:00",
      "quarter_label": "2021-09 (Q3)",
      "revenue": 14667000,
      "gross_profit": 14413000,
      "operating_income": -50353000,
      "net_income": -50255000,
      "opex": 65020000,
      "cogs": 254000,
      "rd": 20066000,
      "sga": null,
      "fcf": -40250000,
      "ocf": -40250000,
      "capex": null,
      "gross_margin": 0.9826822117679144,
      "op_margin": -3.4330810663394016,
      "fcf_margin": -2.744255812367901,
      "op_leverage_ratio": 5.7998538768360595,
      "fcf_margin_change": 2.9927532510762083
    },
    {
      "date": "2021-12-31T00:00:00",
      "quarter_label": "2021-12 (Q4)",
      "revenue": 23404000,
      "gross_profit": 22923000,
      "operating_income": -32705000,
      "net_income": -33322000,
      "opex": 56109000,
      "cogs": 481000,
      "rd": 11149000,
      "sga": null,
      "fcf": -25922000,
      "ocf": -25922000,
      "capex": null,
      "gross_margin": 0.9794479576140831,
      "op_margin": -1.3974106990258075,
      "fcf_margin": -1.1075884464194155,
      "incr_op_margin_yoy": 0.925899496732517,
      "rev_growth_yoy": -0.5322006795922447,
      "op_leverage_ratio": Infinity,
      "fcf_margin_change": 1.6366673659484854
    },
    {
      "date": "2022-03-31T00:00:00",
      "quarter_label": "2022-03 (Q1)",
      "revenue": 21625000,
      "gross_profit": 21369000,
      "operating_income": -37882000,
      "net_income": -37630000,
      "opex": 59507000,
      "cogs": 256000,
      "rd": 12620000,
      "sga": null,
      "fcf": -46746000,
      "ocf": -46746000,
      "capex": null,
      "gross_margin": 0.9881618497109826,
      "op_margin": -1.7517687861271676,
      "fcf_margin": -2.161664739884393,
      "incr_op_margin_yoy": 0.6113176572835691,
      "rev_growth_yoy": 22.659737417943106,
      "rev_growth_yoy_accel": 23.19193809753535,
      "fcf_margin_change": -1.0540762934649774
    },
    {
      "date": "2022-06-30T00:00:00",
      "quarter_label": "2022-06 (Q2)",
      "revenue": 28191000,
      "gross_profit": 26592000,
      "operating_income": -35989000,
      "net_income": -35515000,
      "opex": 64180000,
      "cogs": 1599000,
      "rd": 11525000,
      "sga": null,
      "fcf": -27871000,
      "ocf": -27871000,
      "capex": null,
      "gross_margin": 0.9432797701394062,
      "op_margin": -1.2766131034727395,
      "fcf_margin": -0.9886488595651094,
      "incr_op_margin_yoy": 0.5166658940243846,
      "rev_growth_yoy": 3.2584592145015105,
      "rev_growth_yoy_accel": -19.401278203441596,
      "op_leverage_ratio": 3.8664913010295274,
      "fcf_margin_change": 1.1730158803192836
    },
    {
      "date": "2022-09-30T00:00:00",
      "quarter_label": "2022-09 (Q3)",
      "revenue": 55779000,
      "gross_profit": 53332000,
      "operating_income": -9499000,
      "net_income": -8989000,
      "opex": 65278000,
      "cogs": 2447000,
      "rd": 10973000,
      "sga": null,
      "fcf": -15362000,
      "ocf": -15362000,
      "capex": null,
      "gross_margin": 0.9561304433568188,
      "op_margin": -0.17029706520375051,
      "fcf_margin": -0.2754083077860844,
      "incr_op_margin_yoy": 0.9937244600116755,
      "rev_growth_yoy": 2.8030272039271833,
      "rev_growth_yoy_accel": -0.45543201057432725,
      "op_leverage_ratio": 57.20145928834785,
      "fcf_margin_change": 0.713240551779025
    },
    {
      "date": "2022-12-31T00:00:00",
      "quarter_label": "2022-12 (Q4)",
      "revenue": 28435000,
      "gross_profit": 27073000,
      "operating_income": -28100000,
      "net_income": -26046000,
      "opex": 56535000,
      "cogs": 1362000,
      "rd": 9870000,
      "sga": null,
      "fcf": 10450000,
      "ocf": 10450000,
      "capex": null,
      "gross_margin": 0.95210128362933,
      "op_margin": -0.9882187445050115,
      "fcf_margin": 0.36750483558994196,
      "incr_op_margin_yoy": 0.915324985092427,
      "rev_growth_yoy": 0.21496325414459067,
      "rev_growth_yoy_accel": -2.5880639497825926,
      "fcf_margin_change": 0.6429131433760263
    },
    {
      "date": "2023-03-31T00:00:00",
      "quarter_label": "2023-03 (Q1)",
      "revenue": 34409000,
      "gross_profit": 33988000,
      "operating_income": -29584000,
      "net_income": -26206000,
      "opex": 63993000,
      "cogs": 421000,
      "rd": 13158000,
      "sga": null,
      "fcf": -31670000,
      "ocf": -31670000,
      "capex": null,
      "gross_margin": 0.9877648289691651,
      "op_margin": -0.859775058850882,
      "fcf_margin": -0.920398732889651,
      "incr_op_margin_yoy": 0.6490926157697121,
      "rev_growth_yoy": 0.5911676300578035,
      "rev_growth_yoy_accel": 0.3762043759132128,
      "op_leverage_ratio": 1.5926010699481012,
      "fcf_margin_change": -1.287903568479593
    },
    {
      "date": "2023-06-30T00:00:00",
      "quarter_label": "2023-06 (Q2)",
      "revenue": 41494000,
      "gross_profit": 39931000,
      "operating_income": -16170000,
      "net_income": -11492000,
      "opex": 57664000,
      "cogs": 1563000,
      "rd": 12650000,
      "sga": null,
      "fcf": -2826000,
      "ocf": -2826000,
      "capex": null,
      "gross_margin": 0.9623319034077216,
      "op_margin": -0.3896948956475635,
      "fcf_margin": -0.06810623222634597,
      "incr_op_margin_yoy": 1.4898143275952793,
      "rev_growth_yoy": 0.47188819126671633,
      "rev_growth_yoy_accel": -0.11927943879108716,
      "op_leverage_ratio": Infinity,
      "fcf_margin_change": 0.8522925006633051
    },
    {
      "date": "2023-09-30T00:00:00",
      "quarter_label": "2023-09 (Q3)",
      "revenue": 54515000,
      "gross_profit": 47746000,
      "operating_income": -16263000,
      "net_income": -13447000,
      "opex": 70778000,
      "cogs": 6769000,
      "rd": 13605000,
      "sga": null,
      "fcf": -13277000,
      "ocf": -13277000,
      "capex": null,
      "gross_margin": 0.875832339723012,
      "op_margin": -0.29832156287260386,
      "fcf_margin": -0.24354764743648538,
      "incr_op_margin_yoy": 5.35126582278481,
      "rev_growth_yoy": -0.022660858029007334,
      "rev_growth_yoy_accel": -0.4945490492957237,
      "op_leverage_ratio": 1.3798396550424679,
      "fcf_margin_change": -0.1754414152101394
    },
    {
      "date": "2023-12-31T00:00:00",
      "quarter_label": "2023-12 (Q4)",
      "revenue": 45095000,
      "gross_profit": 39700000,
      "operating_income": -29674000,
      "net_income": -26875000,
      "opex": 74769000,
      "cogs": 5395000,
      "rd": 10228000,
      "sga": null,
      "fcf": 14312000,
      "ocf": 14312000,
      "capex": null,
      "gross_margin": 0.880363676682559,
      "op_margin": -0.6580330413571349,
      "fcf_margin": 0.3173744317551835,
      "incr_op_margin_yoy": -0.09447779111644658,
      "rev_growth_yoy": 0.5858976613328645,
      "rev_growth_yoy_accel": 0.6085585193618718,
      "fcf_margin_change": 0.5609220791916689
    },
    {
      "date": "2024-03-31T00:00:00",
      "quarter_label": "2024-03 (Q1)",
      "revenue": 50303000,
      "gross_profit": 42551000,
      "operating_income": -13253000,
      "net_income": -10749000,
      "opex": 63556000,
      "cogs": 7752000,
      "rd": 5551000,
      "sga": null,
      "fcf": -18598000,
      "ocf": -18598000,
      "capex": null,
      "gross_margin": 0.8458938830686042,
      "op_margin": -0.2634634117249468,
      "fcf_margin": -0.369719499831024,
      "incr_op_margin_yoy": 1.0274946520699635,
      "rev_growth_yoy": 0.4619140341189805,
      "rev_growth_yoy_accel": -0.12398362721388395,
      "op_leverage_ratio": Infinity,
      "fcf_margin_change": -0.6870939315862075
    },
    {
      "date": "2024-06-30T00:00:00",
      "quarter_label": "2024-06 (Q2)",
      "revenue": 57192000,
      "gross_profit": 48283000,
      "operating_income": -1513000,
      "net_income": 722000,
      "opex": 58705000,
      "cogs": 8909000,
      "rd": 4080000,
      "sga": null,
      "fcf": 15843000,
      "ocf": 15843000,
      "capex": null,
      "gross_margin": 0.8442264652398936,
      "op_margin": -0.0264547489159323,
      "fcf_margin": 0.2770142677297524,
      "incr_op_margin_yoy": 0.9336858198496624,
      "rev_growth_yoy": 0.3783197570733118,
      "rev_growth_yoy_accel": -0.08359427704566874,
      "op_leverage_ratio": Infinity,
      "fcf_margin_change": 0.6467337675607764
    },
    {
      "date": "2024-09-30T00:00:00",
      "quarter_label": "2024-09 (Q3)",
      "revenue": 67771000,
      "gross_profit": 61736000,
      "operating_income": 11748000,
      "net_income": 14350000,
      "opex": 56023000,
      "cogs": 6035000,
      "rd": 3047000,
      "sga": null,
      "fcf": 17029000,
      "ocf": 17029000,
      "capex": null,
      "gross_margin": 0.910950111404583,
      "op_margin": 0.17334848238922254,
      "fcf_margin": 0.2512726682504316,
      "incr_op_margin_yoy": 2.1130808690404344,
      "rev_growth_yoy": 0.2431624323580666,
      "rev_growth_yoy_accel": -0.1351573247152452,
      "op_leverage_ratio": Infinity,
      "fcf_margin_change": -0.02574159947932081
    },
    {
      "date": "2024-12-31T00:00:00",
      "quarter_label": "2024-12 (Q4)",
      "revenue": 59867000,
      "gross_profit": 54315000,
      "operating_income": -1669000,
      "net_income": 1429000,
      "opex": 61536000,
      "cogs": 5552000,
      "rd": 8107000,
      "sga": null,
      "fcf": 30114000,
      "ocf": 30114000,
      "capex": null,
      "gross_margin": 0.9072610954281992,
      "op_margin": -0.027878463928374564,
      "fcf_margin": 0.5030150166201747,
      "incr_op_margin_yoy": 1.895816409423233,
      "rev_growth_yoy": 0.3275751191928152,
      "rev_growth_yoy_accel": 0.08441268683474859,
      "fcf_margin_change": 0.2517423483697431
    },
    {
      "date": "2025-03-31T00:00:00",
      "quarter_label": "2025-03 (Q1)",
      "revenue": 62465000,
      "gross_profit": 53891000,
      "operating_income": 21847000,
      "net_income": 23344000,
      "opex": 40618000,
      "cogs": 8574000,
      "rd": 5743000,
      "sga": null,
      "fcf": 1300000,
      "ocf": 1300000,
      "capex": null,
      "gross_margin": 0.8627391339149924,
      "op_margin": 0.3497478588009285,
      "fcf_margin": 0.02081165452653486,
      "incr_op_margin_yoy": 2.8860384805130734,
      "rev_growth_yoy": 0.24177484444267738,
      "rev_growth_yoy_accel": -0.0858002747501378,
      "op_leverage_ratio": Infinity,
      "fcf_margin_change": -0.4822033620936398
    },
    {
      "date": "2025-06-30T00:00:00",
      "quarter_label": "2025-06 (Q2)",
      "revenue": 70008000,
      "gross_profit": 62893000,
      "operating_income": 20083000,
      "net_income": 21513000,
      "opex": 49925000,
      "cogs": 7115000,
      "rd": 7432000,
      "sga": null,
      "fcf": 44241000,
      "ocf": 44241000,
      "capex": null,
      "gross_margin": 0.898368757856245,
      "op_margin": 0.28686721517540853,
      "fcf_margin": 0.6319420637641412,
      "incr_op_margin_yoy": 1.6850811485642947,
      "rev_growth_yoy": 0.22408728493495594,
      "rev_growth_yoy_accel": -0.01768755950772144,
      "op_leverage_ratio": 0.5270067584683138,
      "fcf_margin_change": 0.6111304092376063
    },
    {
      "date": "2025-09-30T00:00:00",
      "quarter_label": "2025-09 (Q3)",
      "revenue": 73468000,
      "gross_profit": 65291000,
      "operating_income": 29745000,
      "net_income": 31551000,
      "opex": 43723000,
      "cogs": 8177000,
      "rd": 8435000,
      "sga": null,
      "fcf": 44449000,
      "ocf": 44449000,
      "capex": null,
      "gross_margin": 0.8886998421081287,
      "op_margin": 0.40487014754723144,
      "fcf_margin": 0.6050117057766646,
      "incr_op_margin_yoy": 3.159031068983676,
      "rev_growth_yoy": 0.08406250461111685,
      "rev_growth_yoy_accel": -0.14002478032383908,
      "op_leverage_ratio": Infinity,
      "fcf_margin_change": -0.02693035798747656
    }
  ],
  "signals": [
    {
      "quarter": "2025-09 (Q3)",
      "signal": "YoY REVENUE GROWTH DECELERATION",
      "detail": "YoY growth: +8.4% vs prior quarter YoY: +22.4% (decel: -14.0%)",
      "severity": "WARNING"
    },
    {
      "quarter": "2025-09 (Q3)",
      "signal": "INCREMENTAL MARGIN (YoY)",
      "detail": "YoY Incr OPM: +315.9% vs year-ago OPM: +17.3%",
      "severity": "HIGH"
    },
    {
      "quarter": "2025-06 (Q2)",
      "signal": "FCF MARGIN EXPANSION",
      "detail": "FCF margin: +2.1% -> +63.2% (+61.1%)",
      "severity": "MEDIUM"
    },
    {
      "quarter": "2025-06 (Q2)",
      "signal": "GROSS MARGIN INFLECTION",
      "detail": "GM: +90.7% -> +86.3% -> +89.8% (reversal +3.6%)",
      "severity": "MEDIUM"
    },
    {
      "quarter": "2025-06 (Q2)",
      "signal": "OP MARGIN TURNED POSITIVE (YoY)",
      "detail": "Op margin: -2.6% (year-ago) -> +28.7%",
      "severity": "HIGH"
    },
    {
      "quarter": "2025-03 (Q1)",
      "signal": "YoY REVENUE GROWTH DECELERATION",
      "detail": "YoY growth: +24.2% vs prior quarter YoY: +32.8% (decel: -8.6%)",
      "severity": "WARNING"
    },
    {
      "quarter": "2025-03 (Q1)",
      "signal": "OP MARGIN TURNED POSITIVE (YoY)",
      "detail": "Op margin: -26.3% (year-ago) -> +35.0%",
      "severity": "HIGH"
    },
    {
      "quarter": "2025-03 (Q1)",
      "signal": "OP MARGIN TURNED POSITIVE (QoQ)",
      "detail": "Op margin: -2.8% -> +35.0%",
      "severity": "HIGH"
    },
    {
      "quarter": "2024-12 (Q4)",
      "signal": "FCF MARGIN EXPANSION",
      "detail": "FCF margin: +25.1% -> +50.3% (+25.2%)",
      "severity": "MEDIUM"
    },
    {
      "quarter": "2024-12 (Q4)",
      "signal": "YoY REVENUE GROWTH ACCELERATION",
      "detail": "YoY growth: +32.8% vs prior quarter YoY: +24.3% (accel: +8.4%)",
      "severity": "MEDIUM"
    },
    {
      "quarter": "2024-09 (Q3)",
      "signal": "GROSS MARGIN INFLECTION",
      "detail": "GM: +84.6% -> +84.4% -> +91.1% (reversal +6.7%)",
      "severity": "HIGH"
    },
    {
      "quarter": "2024-09 (Q3)",
      "signal": "YoY REVENUE GROWTH DECELERATION",
      "detail": "YoY growth: +24.3% vs prior quarter YoY: +37.8% (decel: -13.5%)",
      "severity": "WARNING"
    },
    {
      "quarter": "2024-09 (Q3)",
      "signal": "OP MARGIN TURNED POSITIVE (YoY)",
      "detail": "Op margin: -29.8% (year-ago) -> +17.3%",
      "severity": "HIGH"
    },
    {
      "quarter": "2024-09 (Q3)",
      "signal": "OP MARGIN TURNED POSITIVE (QoQ)",
      "detail": "Op margin: -2.6% -> +17.3%",
      "severity": "HIGH"
    },
    {
      "quarter": "2024-06 (Q2)",
      "signal": "FCF TURNED POSITIVE",
      "detail": "FCF margin: -37.0% -> +27.7%",
      "severity": "HIGH"
    },
    {
      "quarter": "2024-06 (Q2)",
      "signal": "YoY REVENUE GROWTH DECELERATION",
      "detail": "YoY growth: +37.8% vs prior quarter YoY: +46.2% (decel: -8.4%)",
      "severity": "WARNING"
    },
    {
      "quarter": "2024-03 (Q1)",
      "signal": "YoY REVENUE GROWTH DECELERATION",
      "detail": "YoY growth: +46.2% vs prior quarter YoY: +58.6% (decel: -12.4%)",
      "severity": "WARNING"
    },
    {
      "quarter": "2023-12 (Q4)",
      "signal": "FCF TURNED POSITIVE",
      "detail": "FCF margin: -24.4% -> +31.7%",
      "severity": "HIGH"
    },
    {
      "quarter": "2023-12 (Q4)",
      "signal": "YoY REVENUE GROWTH ACCELERATION",
      "detail": "YoY growth: +58.6% vs prior quarter YoY: -2.3% (accel: +60.9%)",
      "severity": "HIGH"
    },
    {
      "quarter": "2023-09 (Q3)",
      "signal": "YoY REVENUE GROWTH DECELERATION",
      "detail": "YoY growth: -2.3% vs prior quarter YoY: +47.2% (decel: -49.5%)",
      "severity": "WARNING"
    },
    {
      "quarter": "2023-06 (Q2)",
      "signal": "FCF MARGIN EXPANSION",
      "detail": "FCF margin: -92.0% -> -6.8% (+85.2%)",
      "severity": "MEDIUM"
    },
    {
      "quarter": "2023-06 (Q2)",
      "signal": "YoY REVENUE GROWTH DECELERATION",
      "detail": "YoY growth: +47.2% vs prior quarter YoY: +59.1% (decel: -11.9%)",
      "severity": "WARNING"
    },
    {
      "quarter": "2023-03 (Q1)",
      "signal": "OPERATING LEVERAGE",
      "detail": "Rev growth +21.0% vs OpEx growth +13.2% (leverage: 1.6x)",
      "severity": "MEDIUM"
    },
    {
      "quarter": "2023-03 (Q1)",
      "signal": "GROSS MARGIN INFLECTION",
      "detail": "GM: +95.6% -> +95.2% -> +98.8% (reversal +3.6%)",
      "severity": "MEDIUM"
    },
    {
      "quarter": "2023-03 (Q1)",
      "signal": "YoY REVENUE GROWTH ACCELERATION",
      "detail": "YoY growth: +59.1% vs prior quarter YoY: +21.5% (accel: +37.6%)",
      "severity": "HIGH"
    },
    {
      "quarter": "2022-12 (Q4)",
      "signal": "FCF TURNED POSITIVE",
      "detail": "FCF margin: -27.5% -> +36.8%",
      "severity": "HIGH"
    },
    {
      "quarter": "2022-12 (Q4)",
      "signal": "YoY REVENUE GROWTH DECELERATION",
      "detail": "YoY growth: +21.5% vs prior quarter YoY: +280.3% (decel: -258.8%)",
      "severity": "WARNING"
    },
    {
      "quarter": "2022-09 (Q3)",
      "signal": "FCF MARGIN EXPANSION",
      "detail": "FCF margin: -98.9% -> -27.5% (+71.3%)",
      "severity": "MEDIUM"
    },
    {
      "quarter": "2022-09 (Q3)",
      "signal": "OPERATING LEVERAGE",
      "detail": "Rev growth +97.9% vs OpEx growth +1.7% (leverage: 57.2x)",
      "severity": "MEDIUM"
    },
    {
      "quarter": "2022-09 (Q3)",
      "signal": "YoY REVENUE GROWTH DECELERATION",
      "detail": "YoY growth: +280.3% vs prior quarter YoY: +325.8% (decel: -45.5%)",
      "severity": "WARNING"
    },
    {
      "quarter": "2022-06 (Q2)",
      "signal": "FCF MARGIN EXPANSION",
      "detail": "FCF margin: -216.2% -> -98.9% (+117.3%)",
      "severity": "MEDIUM"
    },
    {
      "quarter": "2022-06 (Q2)",
      "signal": "OPERATING LEVERAGE",
      "detail": "Rev growth +30.4% vs OpEx growth +7.9% (leverage: 3.9x)",
      "severity": "MEDIUM"
    },
    {
      "quarter": "2022-06 (Q2)",
      "signal": "YoY REVENUE GROWTH DECELERATION",
      "detail": "YoY growth: +325.8% vs prior quarter YoY: +2266.0% (decel: -1940.1%)",
      "severity": "WARNING"
    },
    {
      "quarter": "2022-03 (Q1)",
      "signal": "YoY REVENUE GROWTH ACCELERATION",
      "detail": "YoY growth: +2266.0% vs prior quarter YoY: -53.2% (accel: +2319.2%)",
      "severity": "HIGH"
    },
    {
      "quarter": "2021-12 (Q4)",
      "signal": "FCF MARGIN EXPANSION",
      "detail": "FCF margin: -274.4% -> -110.8% (+163.7%)",
      "severity": "MEDIUM"
    },
    {
      "quarter": "2021-09 (Q3)",
      "signal": "FCF MARGIN EXPANSION",
      "detail": "FCF margin: -573.7% -> -274.4% (+299.3%)",
      "severity": "MEDIUM"
    },
    {
      "quarter": "2021-09 (Q3)",
      "signal": "OPERATING LEVERAGE",
      "detail": "Rev growth +121.6% vs OpEx growth +21.0% (leverage: 5.8x)",
      "severity": "MEDIUM"
    },
    {
      "quarter": "2021-06 (Q2)",
      "signal": "FCF MARGIN EXPANSION",
      "detail": "FCF margin: -5857.9% -> -573.7% (+5284.2%)",
      "severity": "MEDIUM"
    },
    {
      "quarter": "2021-06 (Q2)",
      "signal": "OPERATING LEVERAGE",
      "detail": "Rev growth +624.3% vs OpEx growth +4.5% (leverage: 139.9x)",
      "severity": "MEDIUM"
    }
  ],
  "data_quality": {
    "n_quarters": 20,
    "coverage": {
      "revenue": [
        20,
        20
      ],
      "gross_profit": [
        20,
        20
      ],
      "op_income": [
        20,
        20
      ],
      "fcf": [
        20,
        20
      ]
    },
    "gaps": [],
    "warnings": []
  },
  "market_cap": null,
  "source": "SEC EDGAR",
  "last_updated": "2026-02-02T21:38:32.020728"
}