{
  "ticker": "AVAH",
  "name": "Aveanna Healthcare Holdings Inc.",
  "quarters": [
    {
      "date": "2021-01-02T00:00:00",
      "quarter_label": "2021-01 (Q1)",
      "revenue": 422302000,
      "gross_profit": 126215000,
      "operating_income": 17726000,
      "net_income": -9732000,
      "opex": 108489000,
      "cogs": 296087000,
      "rd": null,
      "sga": 66491000,
      "fcf": -4580000,
      "ocf": -1499000,
      "capex": -3081000,
      "gross_margin": 0.2988737917414552,
      "op_margin": 0.04197470056973446,
      "fcf_margin": -0.010845319226525093
    },
    {
      "date": "2021-04-03T00:00:00",
      "quarter_label": "2021-04 (Q2)",
      "revenue": 417160000,
      "gross_profit": 131683000,
      "operating_income": 28296000,
      "net_income": 5798000,
      "opex": 103387000,
      "cogs": 285477000,
      "rd": null,
      "sga": 69372000,
      "fcf": -35576000,
      "ocf": -32911000,
      "capex": -2665000,
      "gross_margin": 0.31566545210470803,
      "op_margin": 0.06783008917441749,
      "fcf_margin": -0.08528142679067983,
      "fcf_margin_change": -0.07443610756415474
    },
    {
      "date": "2021-07-03T00:00:00",
      "quarter_label": "2021-07 (Q3)",
      "revenue": 436112000,
      "gross_profit": 146589000,
      "operating_income": 30294000,
      "net_income": 1260000,
      "opex": 116295000,
      "cogs": 289523000,
      "rd": null,
      "sga": 77720000,
      "fcf": 15877000,
      "ocf": 19290000,
      "capex": -3413000,
      "gross_margin": 0.33612695821256927,
      "op_margin": 0.06946380746230327,
      "fcf_margin": 0.036405785669736214,
      "op_leverage_ratio": 0.36388098839904454,
      "fcf_margin_change": 0.12168721246041606
    },
    {
      "date": "2021-10-02T00:00:00",
      "quarter_label": "2021-10 (Q4)",
      "revenue": 411276000,
      "gross_profit": 139742000,
      "operating_income": 18347000,
      "net_income": 2090000,
      "opex": 121395000,
      "cogs": 271534000,
      "rd": null,
      "sga": 76370000,
      "fcf": 31581000,
      "ocf": 35809000,
      "capex": -4228000,
      "gross_margin": 0.33977669496882873,
      "op_margin": 0.04460994563261654,
      "fcf_margin": 0.0767878504945584,
      "fcf_margin_change": 0.040382064824822185
    },
    {
      "date": "2022-01-01T00:00:00",
      "quarter_label": "2022-01 (Q1)",
      "revenue": 414070000,
      "gross_profit": 124390000,
      "operating_income": -113048000,
      "net_income": -126192000,
      "opex": 237438000,
      "cogs": 289680000,
      "rd": null,
      "sga": 73919000,
      "fcf": -39182000,
      "ocf": -33538000,
      "capex": -5644000,
      "gross_margin": 0.3004081435506074,
      "op_margin": -0.2730166396986017,
      "fcf_margin": -0.09462651242543531,
      "incr_op_margin_yoy": 15.886054421768707,
      "rev_growth_yoy": -0.01949315892418222,
      "fcf_margin_change": -0.1714143629199937
    },
    {
      "date": "2022-04-02T00:00:00",
      "quarter_label": "2022-04 (Q2)",
      "revenue": 450534000,
      "gross_profit": 144826000,
      "operating_income": 13776000,
      "net_income": 25334000,
      "opex": 131050000,
      "cogs": 305708000,
      "rd": null,
      "sga": 88743000,
      "fcf": -13460000,
      "ocf": -9476000,
      "capex": -3984000,
      "gross_margin": 0.32145409669414515,
      "op_margin": 0.030577048569031415,
      "fcf_margin": -0.029875658662831216,
      "incr_op_margin_yoy": -0.43506921555702044,
      "rev_growth_yoy": 0.08000287659411257,
      "rev_growth_yoy_accel": 0.09949603551829478,
      "op_leverage_ratio": Infinity,
      "fcf_margin_change": 0.06475085376260409
    },
    {
      "date": "2022-07-02T00:00:00",
      "quarter_label": "2022-07 (Q3)",
      "revenue": 442955000,
      "gross_profit": 145043000,
      "operating_income": -456381000,
      "net_income": -473887000,
      "opex": 601424000,
      "cogs": 297912000,
      "rd": null,
      "sga": 88998000,
      "fcf": -21882000,
      "ocf": -19881000,
      "capex": -2001000,
      "gross_margin": 0.32744409703017235,
      "op_margin": -1.0303100766443545,
      "fcf_margin": -0.04940005192401034,
      "incr_op_margin_yoy": -71.12012275317844,
      "rev_growth_yoy": 0.01569092343251275,
      "rev_growth_yoy_accel": -0.06431195316159982,
      "fcf_margin_change": -0.019524393261179124
    },
    {
      "date": "2022-10-01T00:00:00",
      "quarter_label": "2022-10 (Q4)",
      "revenue": 443009000,
      "gross_profit": 134583000,
      "operating_income": 4787000,
      "net_income": 24298000,
      "opex": 129796000,
      "cogs": 308426000,
      "rd": null,
      "sga": 89542000,
      "fcf": 18376000,
      "ocf": 21191000,
      "capex": -2815000,
      "gross_margin": 0.3037929252001652,
      "op_margin": 0.010805649546623206,
      "fcf_margin": 0.041479969932890756,
      "incr_op_margin_yoy": -0.4273154129770271,
      "rev_growth_yoy": 0.07715743199214153,
      "rev_growth_yoy_accel": 0.061466508559628784,
      "fcf_margin_change": 0.0908800218569011
    },
    {
      "date": "2022-12-31T00:00:00",
      "quarter_label": "2022-12 (Q4)",
      "revenue": 451147000,
      "gross_profit": 128775000,
      "operating_income": -204458000,
      "net_income": -237779000,
      "opex": 333233000,
      "cogs": 322372000,
      "rd": null,
      "sga": 89947000,
      "fcf": -40236000,
      "ocf": -40236000,
      "capex": null,
      "gross_margin": 0.285439114080333,
      "op_margin": -0.4531959649515568,
      "fcf_margin": -0.08918600810822193,
      "incr_op_margin_yoy": -2.4654098228011976,
      "rev_growth_yoy": 0.08954283092230782,
      "rev_growth_yoy_accel": 0.012385398930166283,
      "op_leverage_ratio": 0.011720239923261377,
      "fcf_margin_change": -0.13066597804111268
    },
    {
      "date": "2023-04-01T00:00:00",
      "quarter_label": "2023-04 (Q2)",
      "revenue": 466413000,
      "gross_profit": 144465000,
      "operating_income": 17639000,
      "net_income": -31998000,
      "opex": 126826000,
      "cogs": 321948000,
      "rd": null,
      "sga": 91708000,
      "fcf": 7495000,
      "ocf": 7495000,
      "capex": null,
      "gross_margin": 0.3097362209029337,
      "op_margin": 0.037818414152264196,
      "fcf_margin": 0.01606944917916096,
      "incr_op_margin_yoy": 0.24327728446375715,
      "rev_growth_yoy": 0.03524484278655995,
      "rev_growth_yoy_accel": -0.05429798813574787,
      "op_leverage_ratio": Infinity,
      "fcf_margin_change": 0.10525545728738289
    },
    {
      "date": "2023-07-01T00:00:00",
      "quarter_label": "2023-07 (Q3)",
      "revenue": 471945000,
      "gross_profit": 155255000,
      "operating_income": 37492000,
      "net_income": 25599000,
      "opex": 117763000,
      "cogs": 316690000,
      "rd": null,
      "sga": 91255000,
      "fcf": -10518000,
      "ocf": -10518000,
      "capex": null,
      "gross_margin": 0.32896841793005543,
      "op_margin": 0.07944146033965822,
      "fcf_margin": -0.022286495248386995,
      "incr_op_margin_yoy": 17.03597792342187,
      "rev_growth_yoy": 0.06544682868462937,
      "rev_growth_yoy_accel": 0.030201985898069418,
      "op_leverage_ratio": Infinity,
      "fcf_margin_change": -0.03835594442754796
    },
    {
      "date": "2023-09-30T00:00:00",
      "quarter_label": "2023-09 (Q3)",
      "revenue": 478010000,
      "gross_profit": 147264000,
      "operating_income": -76352000,
      "net_income": -102389000,
      "opex": 223616000,
      "cogs": 330746000,
      "rd": null,
      "sga": 91004000,
      "fcf": 28700000,
      "ocf": 28700000,
      "capex": null,
      "gross_margin": 0.30807723687788957,
      "op_margin": -0.15972887596493798,
      "fcf_margin": 0.06004058492500157,
      "incr_op_margin_yoy": -2.318190908831176,
      "rev_growth_yoy": 0.07900742422840168,
      "rev_growth_yoy_accel": 0.013560595543772314,
      "op_leverage_ratio": 0.014297006204696691,
      "fcf_margin_change": 0.08232708017338856
    },
    {
      "date": "2023-12-30T00:00:00",
      "quarter_label": "2023-12 (Q4)",
      "revenue": 478841000,
      "gross_profit": 148448000,
      "operating_income": 29293000,
      "net_income": -25736000,
      "opex": 119155000,
      "cogs": 330393000,
      "rd": null,
      "sga": 87011000,
      "fcf": -3005000,
      "ocf": -3005000,
      "capex": null,
      "gross_margin": 0.310015224260245,
      "op_margin": 0.061174794973696905,
      "fcf_margin": -0.0062755695523148605,
      "incr_op_margin_yoy": 8.440492525456778,
      "rev_growth_yoy": 0.06138575674890889,
      "rev_growth_yoy_accel": -0.017621667479492786,
      "fcf_margin_change": -0.06631615447731642
    },
    {
      "date": "2024-03-30T00:00:00",
      "quarter_label": "2024-03 (Q1)",
      "revenue": 490653000,
      "gross_profit": 145854000,
      "operating_income": 22866000,
      "net_income": -11172000,
      "opex": 122988000,
      "cogs": 344799000,
      "rd": null,
      "sga": 87914000,
      "fcf": -11972000,
      "ocf": -11972000,
      "capex": null,
      "gross_margin": 0.2972650732798943,
      "op_margin": 0.04660320022500627,
      "fcf_margin": -0.024400136145096434,
      "incr_op_margin_yoy": 0.21563531353135312,
      "rev_growth_yoy": 0.0519711071518161,
      "rev_growth_yoy_accel": -0.009414649597092796,
      "op_leverage_ratio": 0.7668414168360831,
      "fcf_margin_change": -0.018124566592781576
    },
    {
      "date": "2024-06-29T00:00:00",
      "quarter_label": "2024-06 (Q2)",
      "revenue": 504958000,
      "gross_profit": 158267000,
      "operating_income": 37126000,
      "net_income": 13906000,
      "opex": 121141000,
      "cogs": 346691000,
      "rd": null,
      "sga": 87972000,
      "fcf": 1809000,
      "ocf": 1809000,
      "capex": null,
      "gross_margin": 0.3134260671184534,
      "op_margin": 0.07352294646287413,
      "fcf_margin": 0.003582476166334626,
      "incr_op_margin_yoy": -0.011086541665404537,
      "rev_growth_yoy": 0.06995094767398743,
      "rev_growth_yoy_accel": 0.017979840522171338,
      "op_leverage_ratio": Infinity,
      "fcf_margin_change": 0.02798261231143106
    },
    {
      "date": "2024-09-28T00:00:00",
      "quarter_label": "2024-09 (Q3)",
      "revenue": 509023000,
      "gross_profit": 159699000,
      "operating_income": 34024000,
      "net_income": -42843000,
      "opex": 125675000,
      "cogs": 349324000,
      "rd": null,
      "sga": 88184000,
      "fcf": 29394000,
      "ocf": 29394000,
      "capex": null,
      "gross_margin": 0.3137363144690908,
      "op_margin": 0.06684177335798186,
      "fcf_margin": 0.05774591717859507,
      "incr_op_margin_yoy": 3.559023635249734,
      "rev_growth_yoy": 0.06487939582853915,
      "rev_growth_yoy_accel": -0.005071551845448288,
      "fcf_margin_change": 0.05416344101226044
    },
    {
      "date": "2024-12-28T00:00:00",
      "quarter_label": "2024-12 (Q4)",
      "revenue": 519872000,
      "gross_profit": 171722000,
      "operating_income": 45771000,
      "net_income": 29180000,
      "opex": 125951000,
      "cogs": 348150000,
      "rd": null,
      "sga": 88744000,
      "fcf": 13406000,
      "ocf": 13406000,
      "capex": null,
      "gross_margin": 0.3303159239197341,
      "op_margin": 0.08804282592638188,
      "fcf_margin": 0.02578711682875785,
      "incr_op_margin_yoy": 0.401598791157905,
      "rev_growth_yoy": 0.0856881511817075,
      "rev_growth_yoy_accel": 0.020808755353168354,
      "op_leverage_ratio": 9.70492346563196,
      "fcf_margin_change": -0.031958800349837224
    },
    {
      "date": "2025-03-29T00:00:00",
      "quarter_label": "2025-03 (Q1)",
      "revenue": 559224000,
      "gross_profit": 183558000,
      "operating_income": 51801000,
      "net_income": 5193000,
      "opex": 131757000,
      "cogs": 375666000,
      "rd": null,
      "sga": 91387000,
      "fcf": -8632000,
      "ocf": -8632000,
      "capex": null,
      "gross_margin": 0.3282369855371014,
      "op_margin": 0.09263014462898587,
      "fcf_margin": -0.015435675149850506,
      "incr_op_margin_yoy": 0.42197138732117073,
      "rev_growth_yoy": 0.13975457196837685,
      "rev_growth_yoy_accel": 0.054066420786669345,
      "op_leverage_ratio": 1.6420824926342399,
      "fcf_margin_change": -0.041222791978608356
    },
    {
      "date": "2025-06-28T00:00:00",
      "quarter_label": "2025-06 (Q2)",
      "revenue": 589553000,
      "gross_profit": 210800000,
      "operating_income": 80034000,
      "net_income": 27025000,
      "opex": 130766000,
      "cogs": 378753000,
      "rd": null,
      "sga": 90069000,
      "fcf": 51569000,
      "ocf": 51569000,
      "capex": null,
      "gross_margin": 0.35755903201238903,
      "op_margin": 0.1357536981407948,
      "fcf_margin": 0.08747135541673098,
      "incr_op_margin_yoy": 0.5072167385779301,
      "rev_growth_yoy": 0.16752878457218223,
      "rev_growth_yoy_accel": 0.027774212603805387,
      "op_leverage_ratio": Infinity,
      "fcf_margin_change": 0.10290703056658149
    },
    {
      "date": "2025-09-27T00:00:00",
      "quarter_label": "2025-09 (Q3)",
      "revenue": 621942000,
      "gross_profit": 202824000,
      "operating_income": 53583000,
      "net_income": 14064000,
      "opex": 149241000,
      "cogs": 419118000,
      "rd": null,
      "sga": 95399000,
      "fcf": 33200000,
      "ocf": 33200000,
      "capex": null,
      "gross_margin": 0.3261140106312164,
      "op_margin": 0.08615433593486209,
      "fcf_margin": 0.05338118345440571,
      "incr_op_margin_yoy": 0.17321265686022724,
      "rev_growth_yoy": 0.22183476974517852,
      "rev_growth_yoy_accel": 0.054305985172996285,
      "op_leverage_ratio": 0.38885266353272346,
      "fcf_margin_change": -0.03409017196232527
    }
  ],
  "signals": [
    {
      "quarter": "2025-09 (Q3)",
      "signal": "YoY REVENUE GROWTH ACCELERATION",
      "detail": "YoY growth: +22.2% vs prior quarter YoY: +16.8% (accel: +5.4%)",
      "severity": "MEDIUM"
    },
    {
      "quarter": "2025-09 (Q3)",
      "signal": "INCREMENTAL MARGIN (YoY)",
      "detail": "YoY Incr OPM: +17.3% vs year-ago OPM: +6.7%",
      "severity": "MEDIUM"
    },
    {
      "quarter": "2025-06 (Q2)",
      "signal": "FCF TURNED POSITIVE",
      "detail": "FCF margin: -1.5% -> +8.7%",
      "severity": "HIGH"
    },
    {
      "quarter": "2025-06 (Q2)",
      "signal": "GROSS MARGIN INFLECTION",
      "detail": "GM: +33.0% -> +32.8% -> +35.8% (reversal +2.9%)",
      "severity": "MEDIUM"
    },
    {
      "quarter": "2025-06 (Q2)",
      "signal": "INCREMENTAL MARGIN (YoY)",
      "detail": "YoY Incr OPM: +50.7% vs year-ago OPM: +7.4%",
      "severity": "HIGH"
    },
    {
      "quarter": "2025-03 (Q1)",
      "signal": "OPERATING LEVERAGE",
      "detail": "Rev growth +7.6% vs OpEx growth +4.6% (leverage: 1.6x)",
      "severity": "MEDIUM"
    },
    {
      "quarter": "2025-03 (Q1)",
      "signal": "YoY REVENUE GROWTH ACCELERATION",
      "detail": "YoY growth: +14.0% vs prior quarter YoY: +8.6% (accel: +5.4%)",
      "severity": "MEDIUM"
    },
    {
      "quarter": "2025-03 (Q1)",
      "signal": "INCREMENTAL MARGIN (YoY)",
      "detail": "YoY Incr OPM: +42.2% vs year-ago OPM: +4.7%",
      "severity": "HIGH"
    },
    {
      "quarter": "2024-12 (Q4)",
      "signal": "OPERATING LEVERAGE",
      "detail": "Rev growth +2.1% vs OpEx growth +0.2% (leverage: 9.7x)",
      "severity": "MEDIUM"
    },
    {
      "quarter": "2024-12 (Q4)",
      "signal": "INCREMENTAL MARGIN (YoY)",
      "detail": "YoY Incr OPM: +40.2% vs year-ago OPM: +6.1%",
      "severity": "HIGH"
    },
    {
      "quarter": "2024-09 (Q3)",
      "signal": "FCF MARGIN EXPANSION",
      "detail": "FCF margin: +0.4% -> +5.8% (+5.4%)",
      "severity": "MEDIUM"
    },
    {
      "quarter": "2024-09 (Q3)",
      "signal": "OP MARGIN TURNED POSITIVE (YoY)",
      "detail": "Op margin: -16.0% (year-ago) -> +6.7%",
      "severity": "HIGH"
    },
    {
      "quarter": "2024-06 (Q2)",
      "signal": "FCF TURNED POSITIVE",
      "detail": "FCF margin: -2.4% -> +0.4%",
      "severity": "HIGH"
    },
    {
      "quarter": "2024-03 (Q1)",
      "signal": "INCREMENTAL MARGIN (YoY)",
      "detail": "YoY Incr OPM: +21.6% vs year-ago OPM: +3.8%",
      "severity": "MEDIUM"
    },
    {
      "quarter": "2023-12 (Q4)",
      "signal": "OP MARGIN TURNED POSITIVE (YoY)",
      "detail": "Op margin: -45.3% (year-ago) -> +6.1%",
      "severity": "HIGH"
    },
    {
      "quarter": "2023-12 (Q4)",
      "signal": "OP MARGIN TURNED POSITIVE (QoQ)",
      "detail": "Op margin: -16.0% -> +6.1%",
      "severity": "HIGH"
    },
    {
      "quarter": "2023-09 (Q3)",
      "signal": "FCF TURNED POSITIVE",
      "detail": "FCF margin: -2.2% -> +6.0%",
      "severity": "HIGH"
    },
    {
      "quarter": "2023-07 (Q3)",
      "signal": "OP MARGIN TURNED POSITIVE (YoY)",
      "detail": "Op margin: -103.0% (year-ago) -> +7.9%",
      "severity": "HIGH"
    },
    {
      "quarter": "2023-04 (Q2)",
      "signal": "FCF TURNED POSITIVE",
      "detail": "FCF margin: -8.9% -> +1.6%",
      "severity": "HIGH"
    },
    {
      "quarter": "2023-04 (Q2)",
      "signal": "GROSS MARGIN INFLECTION",
      "detail": "GM: +30.4% -> +28.5% -> +31.0% (reversal +2.4%)",
      "severity": "MEDIUM"
    },
    {
      "quarter": "2023-04 (Q2)",
      "signal": "YoY REVENUE GROWTH DECELERATION",
      "detail": "YoY growth: +3.5% vs prior quarter YoY: +9.0% (decel: -5.4%)",
      "severity": "WARNING"
    },
    {
      "quarter": "2023-04 (Q2)",
      "signal": "INCREMENTAL MARGIN (YoY)",
      "detail": "YoY Incr OPM: +24.3% vs year-ago OPM: +3.1%",
      "severity": "HIGH"
    },
    {
      "quarter": "2023-04 (Q2)",
      "signal": "OP MARGIN TURNED POSITIVE (QoQ)",
      "detail": "Op margin: -45.3% -> +3.8%",
      "severity": "HIGH"
    },
    {
      "quarter": "2022-10 (Q4)",
      "signal": "FCF TURNED POSITIVE",
      "detail": "FCF margin: -4.9% -> +4.1%",
      "severity": "HIGH"
    },
    {
      "quarter": "2022-10 (Q4)",
      "signal": "YoY REVENUE GROWTH ACCELERATION",
      "detail": "YoY growth: +7.7% vs prior quarter YoY: +1.6% (accel: +6.1%)",
      "severity": "MEDIUM"
    },
    {
      "quarter": "2022-10 (Q4)",
      "signal": "OP MARGIN TURNED POSITIVE (QoQ)",
      "detail": "Op margin: -103.0% -> +1.1%",
      "severity": "HIGH"
    },
    {
      "quarter": "2022-07 (Q3)",
      "signal": "YoY REVENUE GROWTH DECELERATION",
      "detail": "YoY growth: +1.6% vs prior quarter YoY: +8.0% (decel: -6.4%)",
      "severity": "WARNING"
    },
    {
      "quarter": "2022-04 (Q2)",
      "signal": "FCF MARGIN EXPANSION",
      "detail": "FCF margin: -9.5% -> -3.0% (+6.5%)",
      "severity": "MEDIUM"
    },
    {
      "quarter": "2022-04 (Q2)",
      "signal": "GROSS MARGIN INFLECTION",
      "detail": "GM: +34.0% -> +30.0% -> +32.1% (reversal +2.1%)",
      "severity": "MEDIUM"
    },
    {
      "quarter": "2022-04 (Q2)",
      "signal": "YoY REVENUE GROWTH ACCELERATION",
      "detail": "YoY growth: +8.0% vs prior quarter YoY: -1.9% (accel: +9.9%)",
      "severity": "MEDIUM"
    },
    {
      "quarter": "2022-04 (Q2)",
      "signal": "OP MARGIN TURNED POSITIVE (QoQ)",
      "detail": "Op margin: -27.3% -> +3.1%",
      "severity": "HIGH"
    },
    {
      "quarter": "2021-07 (Q3)",
      "signal": "FCF TURNED POSITIVE",
      "detail": "FCF margin: -8.5% -> +3.6%",
      "severity": "HIGH"
    }
  ],
  "data_quality": {
    "n_quarters": 20,
    "coverage": {
      "revenue": [
        20,
        20
      ],
      "gross_profit": [
        20,
        20
      ],
      "op_income": [
        20,
        20
      ],
      "fcf": [
        20,
        20
      ]
    },
    "gaps": [],
    "warnings": []
  },
  "market_cap": null,
  "source": "SEC EDGAR",
  "last_updated": "2026-02-02T21:42:35.723667",
  "sector": "Healthcare",
  "industry": "Medical Care Facilities"
}