{
  "ticker": "AVAV",
  "name": "AEROVIRONMENT, INC.",
  "quarters": [
    {
      "date": "2021-01-30T00:00:00",
      "quarter_label": "2021-01 (Q1)",
      "revenue": 78782000,
      "gross_profit": 28641000,
      "operating_income": -642000,
      "net_income": null,
      "opex": 29283000,
      "cogs": 50141000,
      "rd": 13631000,
      "sga": 15652000,
      "fcf": 17949000,
      "ocf": 20369000,
      "capex": -2420000,
      "gross_margin": 0.36354751085273285,
      "op_margin": -0.008149069584422838,
      "fcf_margin": 0.22783123048412074
    },
    {
      "date": "2021-04-30T00:00:00",
      "quarter_label": "2021-04 (Q2)",
      "revenue": 136015000,
      "gross_profit": 59655000,
      "operating_income": 17760000,
      "net_income": null,
      "opex": 41895000,
      "cogs": 76360000,
      "rd": 17054000,
      "sga": 24841000,
      "fcf": 4779000,
      "ocf": 7570000,
      "capex": -2791000,
      "gross_margin": 0.43859133183840016,
      "op_margin": 0.13057383376833437,
      "fcf_margin": 0.035135830606918356,
      "op_leverage_ratio": 1.686751537278761,
      "fcf_margin_change": -0.19269539987720238
    },
    {
      "date": "2021-07-31T00:00:00",
      "quarter_label": "2021-07 (Q3)",
      "revenue": 101009000,
      "gross_profit": 28723000,
      "operating_income": -12113000,
      "net_income": null,
      "opex": 40836000,
      "cogs": 72286000,
      "rd": 13708000,
      "sga": 27128000,
      "fcf": -20732000,
      "ocf": -15304000,
      "capex": -5428000,
      "gross_margin": 0.2843607995327149,
      "op_margin": -0.1199200071280777,
      "fcf_margin": -0.20524903721450563,
      "fcf_margin_change": -0.240384867821424
    },
    {
      "date": "2021-10-30T00:00:00",
      "quarter_label": "2021-10 (Q4)",
      "revenue": 122008000,
      "gross_profit": 42455000,
      "operating_income": 3339000,
      "net_income": null,
      "opex": 39116000,
      "cogs": 79553000,
      "rd": 14297000,
      "sga": 24819000,
      "fcf": 4241000,
      "ocf": 11960000,
      "capex": -7719000,
      "gross_margin": 0.3479689856402859,
      "op_margin": 0.027367057897842766,
      "fcf_margin": 0.034760015736673006,
      "op_leverage_ratio": Infinity,
      "fcf_margin_change": 0.24000905295117864
    },
    {
      "date": "2022-01-29T00:00:00",
      "quarter_label": "2022-01 (Q1)",
      "revenue": 90093000,
      "gross_profit": 21436000,
      "operating_income": -14126000,
      "net_income": null,
      "opex": 35562000,
      "cogs": 68657000,
      "rd": 13013000,
      "sga": 22549000,
      "fcf": -23749000,
      "ocf": -19832000,
      "capex": -3917000,
      "gross_margin": 0.237931914799152,
      "op_margin": -0.15679353556880113,
      "fcf_margin": -0.26360538554604684,
      "incr_op_margin_yoy": -1.1921138714525683,
      "rev_growth_yoy": 0.14357340509253383,
      "fcf_margin_change": -0.2983654012827198
    },
    {
      "date": "2022-04-30T00:00:00",
      "quarter_label": "2022-04 (Q2)",
      "revenue": 132622000,
      "gross_profit": 48622000,
      "operating_income": 13013000,
      "net_income": null,
      "opex": 35609000,
      "cogs": 84000000,
      "rd": 13671000,
      "sga": 21938000,
      "fcf": 8333000,
      "ocf": 13558000,
      "capex": -5225000,
      "gross_margin": 0.36662092262218937,
      "op_margin": 0.09812097540377916,
      "fcf_margin": 0.06283271252130114,
      "incr_op_margin_yoy": 1.3990568818155025,
      "rev_growth_yoy": -0.024945778039186853,
      "rev_growth_yoy_accel": -0.16851918313172068,
      "op_leverage_ratio": 357.17614209997186,
      "fcf_margin_change": 0.32643809806734797
    },
    {
      "date": "2022-07-30T00:00:00",
      "quarter_label": "2022-07 (Q3)",
      "revenue": 108516000,
      "gross_profit": 33714000,
      "operating_income": -3274000,
      "net_income": null,
      "opex": 36988000,
      "cogs": 74802000,
      "rd": 15045000,
      "sga": 21943000,
      "fcf": 10494000,
      "ocf": 15887000,
      "capex": -5393000,
      "gross_margin": 0.3106822956983302,
      "op_margin": -0.030170666076891887,
      "fcf_margin": 0.09670463341811346,
      "incr_op_margin_yoy": 1.1774343945650727,
      "rev_growth_yoy": 0.07432011008919998,
      "rev_growth_yoy_accel": 0.09926588812838683,
      "fcf_margin_change": 0.03387192089681232
    },
    {
      "date": "2022-10-29T00:00:00",
      "quarter_label": "2022-10 (Q4)",
      "revenue": 111584000,
      "gross_profit": 25890000,
      "operating_income": -14314000,
      "net_income": null,
      "opex": 40204000,
      "cogs": 85694000,
      "rd": 16591000,
      "sga": 23613000,
      "fcf": 13851000,
      "ocf": 16045000,
      "capex": -2194000,
      "gross_margin": 0.23202251218812733,
      "op_margin": -0.12828004014912534,
      "fcf_margin": 0.12413069974189848,
      "incr_op_margin_yoy": 1.693495778971604,
      "rev_growth_yoy": -0.08543702052324438,
      "rev_growth_yoy_accel": -0.15975713061244434,
      "op_leverage_ratio": 0.32516694239004396,
      "fcf_margin_change": 0.027426066323785026
    },
    {
      "date": "2023-01-28T00:00:00",
      "quarter_label": "2023-01 (Q1)",
      "revenue": 134395000,
      "gross_profit": 45510000,
      "operating_income": 4607000,
      "net_income": null,
      "opex": 40903000,
      "cogs": 88885000,
      "rd": 16157000,
      "sga": 24746000,
      "fcf": -25660000,
      "ocf": -23131000,
      "capex": -2529000,
      "gross_margin": 0.3386286692213252,
      "op_margin": 0.03427954909036795,
      "fcf_margin": -0.1909297220878753,
      "incr_op_margin_yoy": 0.42284772696492257,
      "rev_growth_yoy": 0.49173631691696357,
      "rev_growth_yoy_accel": 0.5771733374402079,
      "op_leverage_ratio": 11.758027927560901,
      "fcf_margin_change": -0.3150604218297738
    },
    {
      "date": "2023-04-30T00:00:00",
      "quarter_label": "2023-04 (Q2)",
      "revenue": 186041000,
      "gross_profit": 68400000,
      "operating_income": -165682000,
      "net_income": null,
      "opex": 234082000,
      "cogs": 117641000,
      "rd": 16462000,
      "sga": 61603000,
      "fcf": -2153000,
      "ocf": 2599000,
      "capex": -4752000,
      "gross_margin": 0.36766089195392415,
      "op_margin": -0.8905671330513166,
      "fcf_margin": -0.011572717841766063,
      "incr_op_margin_yoy": -3.3451580898182294,
      "rev_growth_yoy": 0.40279139207672937,
      "rev_growth_yoy_accel": -0.0889449248402342,
      "op_leverage_ratio": 0.081367098174664,
      "fcf_margin_change": 0.17935700424610923
    },
    {
      "date": "2023-07-29T00:00:00",
      "quarter_label": "2023-07 (Q3)",
      "revenue": 152347000,
      "gross_profit": 65660000,
      "operating_income": 26367000,
      "net_income": null,
      "opex": 39293000,
      "cogs": 86687000,
      "rd": 15466000,
      "sga": 23827000,
      "fcf": -20694000,
      "ocf": -17062000,
      "capex": -3632000,
      "gross_margin": 0.43098977991033627,
      "op_margin": 0.1730720001050234,
      "fcf_margin": -0.13583464065587114,
      "incr_op_margin_yoy": 0.6762565307658963,
      "rev_growth_yoy": 0.4039127870544436,
      "rev_growth_yoy_accel": 0.0011213949777142407,
      "fcf_margin_change": -0.12426192281410509
    },
    {
      "date": "2023-10-28T00:00:00",
      "quarter_label": "2023-10 (Q4)",
      "revenue": 180816000,
      "gross_profit": 75350000,
      "operating_income": 25178000,
      "net_income": null,
      "opex": 50172000,
      "cogs": 105466000,
      "rd": 22025000,
      "sga": 28147000,
      "fcf": -15000000,
      "ocf": -8528000,
      "capex": -6472000,
      "gross_margin": 0.4167219715069463,
      "op_margin": 0.13924652685603045,
      "fcf_margin": -0.08295726041943191,
      "incr_op_margin_yoy": 0.5704298590247284,
      "rev_growth_yoy": 0.6204473759678807,
      "rev_growth_yoy_accel": 0.21653458891343708,
      "op_leverage_ratio": 0.6749389900981204,
      "fcf_margin_change": 0.05287738023643923
    },
    {
      "date": "2024-01-27T00:00:00",
      "quarter_label": "2024-01 (Q1)",
      "revenue": 186578000,
      "gross_profit": 67287000,
      "operating_income": 14334000,
      "net_income": null,
      "opex": 52953000,
      "cogs": 119291000,
      "rd": 25127000,
      "sga": 27826000,
      "fcf": 48758000,
      "ocf": 52555000,
      "capex": -3797000,
      "gross_margin": 0.36063737418130754,
      "op_margin": 0.07682577795881615,
      "fcf_margin": 0.2613277020870628,
      "incr_op_margin_yoy": 0.18640170170361994,
      "rev_growth_yoy": 0.38828081401837866,
      "rev_growth_yoy_accel": -0.23216656194950203,
      "op_leverage_ratio": 0.5749059734191215,
      "fcf_margin_change": 0.3442849625064947
    },
    {
      "date": "2024-04-30T00:00:00",
      "quarter_label": "2024-04 (Q2)",
      "revenue": 196979000,
      "gross_profit": 75634000,
      "operating_income": 5945000,
      "net_income": null,
      "opex": 69689000,
      "cogs": 121345000,
      "rd": 35069000,
      "sga": 34620000,
      "fcf": -20755000,
      "ocf": -11673000,
      "capex": -9082000,
      "gross_margin": 0.38396986480792367,
      "op_margin": 0.030180882226024094,
      "fcf_margin": -0.10536656191776789,
      "incr_op_margin_yoy": 15.690894130554032,
      "rev_growth_yoy": 0.058793491757193304,
      "rev_growth_yoy_accel": -0.3294873222611854,
      "op_leverage_ratio": 0.17638171679673356,
      "fcf_margin_change": -0.3666942640048307
    },
    {
      "date": "2024-07-27T00:00:00",
      "quarter_label": "2024-07 (Q3)",
      "revenue": 189483000,
      "gross_profit": 81467000,
      "operating_income": 23059000,
      "net_income": null,
      "opex": 58408000,
      "cogs": 108016000,
      "rd": 24613000,
      "sga": 33795000,
      "fcf": 22921000,
      "ocf": 28351000,
      "capex": -5430000,
      "gross_margin": 0.4299435833293752,
      "op_margin": 0.12169429447496609,
      "fcf_margin": 0.12096599694959442,
      "incr_op_margin_yoy": -0.08907798362774666,
      "rev_growth_yoy": 0.24375931262184355,
      "rev_growth_yoy_accel": 0.18496582086465024,
      "fcf_margin_change": 0.2263325588673623
    },
    {
      "date": "2024-10-26T00:00:00",
      "quarter_label": "2024-10 (Q4)",
      "revenue": 188458000,
      "gross_profit": 73638000,
      "operating_income": 7006000,
      "net_income": null,
      "opex": 66632000,
      "cogs": 114820000,
      "rd": 28716000,
      "sga": 37916000,
      "fcf": -8659000,
      "ocf": -3642000,
      "capex": -5017000,
      "gross_margin": 0.39073958123295377,
      "op_margin": 0.037175391864500314,
      "fcf_margin": -0.04594657695613877,
      "incr_op_margin_yoy": -2.3779115414812875,
      "rev_growth_yoy": 0.04226395894168657,
      "rev_growth_yoy_accel": -0.20149535368015697,
      "fcf_margin_change": -0.1669125739057332
    },
    {
      "date": "2025-01-25T00:00:00",
      "quarter_label": "2025-01 (Q1)",
      "revenue": 167636000,
      "gross_profit": 63199000,
      "operating_income": -3087000,
      "net_income": null,
      "opex": 66286000,
      "cogs": 104437000,
      "rd": 22498000,
      "sga": 43788000,
      "fcf": -29608000,
      "ocf": -25763000,
      "capex": -3845000,
      "gross_margin": 0.3770013600897182,
      "op_margin": -0.01841489894772006,
      "fcf_margin": -0.17662077358085376,
      "incr_op_margin_yoy": 0.9197022489705416,
      "rev_growth_yoy": -0.1015232235311773,
      "rev_growth_yoy_accel": -0.14378718247286387,
      "fcf_margin_change": -0.130674196624715
    },
    {
      "date": "2025-04-30T00:00:00",
      "quarter_label": "2025-04 (Q2)",
      "revenue": 275050000,
      "gross_profit": 100332000,
      "operating_income": 13817000,
      "net_income": null,
      "opex": 86515000,
      "cogs": 174718000,
      "rd": 24902000,
      "sga": 43254000,
      "fcf": -8788000,
      "ocf": -264000,
      "capex": -8524000,
      "gross_margin": 0.36477731321577894,
      "op_margin": 0.050234502817669516,
      "fcf_margin": -0.03195055444464643,
      "incr_op_margin_yoy": 0.10083129459082117,
      "rev_growth_yoy": 0.396341742013108,
      "rev_growth_yoy_accel": 0.49786496554428533,
      "op_leverage_ratio": 2.099621436959187,
      "fcf_margin_change": 0.14467021913620734
    },
    {
      "date": "2025-08-02T00:00:00",
      "quarter_label": "2025-08 (Q3)",
      "revenue": 454676000,
      "gross_profit": 95118000,
      "operating_income": -69272000,
      "net_income": null,
      "opex": 164390000,
      "cogs": 359558000,
      "rd": 33114000,
      "sga": 131276000,
      "fcf": -146454000,
      "ocf": -123726000,
      "capex": -22728000,
      "gross_margin": 0.20919951789845956,
      "op_margin": -0.15235464374631605,
      "fcf_margin": -0.32210629107320377,
      "incr_op_margin_yoy": -0.34816529848072914,
      "rev_growth_yoy": 1.3995609104774571,
      "rev_growth_yoy_accel": 1.0032191684643492,
      "op_leverage_ratio": 0.725522527904601,
      "fcf_margin_change": -0.2901557366285573
    },
    {
      "date": "2025-11-01T00:00:00",
      "quarter_label": "2025-11 (Q4)",
      "revenue": 472508000,
      "gross_profit": 104105000,
      "operating_income": -30224000,
      "net_income": null,
      "opex": 134329000,
      "cogs": 368403000,
      "rd": 35993000,
      "sga": 98336000,
      "fcf": -55893000,
      "ocf": -45084000,
      "capex": -10809000,
      "gross_margin": 0.22032431196932115,
      "op_margin": -0.0639650545599228,
      "fcf_margin": -0.11829006069738501,
      "incr_op_margin_yoy": -0.13106847386023587,
      "rev_growth_yoy": 1.5072323806895966,
      "rev_growth_yoy_accel": 0.10767147021213952,
      "op_leverage_ratio": Infinity,
      "fcf_margin_change": 0.20381623037581875
    }
  ],
  "signals": [
    {
      "quarter": "2025-11 (Q4)",
      "signal": "FCF MARGIN EXPANSION",
      "detail": "FCF margin: -32.2% -> -11.8% (+20.4%)",
      "severity": "MEDIUM"
    },
    {
      "quarter": "2025-11 (Q4)",
      "signal": "YoY REVENUE GROWTH ACCELERATION",
      "detail": "YoY growth: +150.7% vs prior quarter YoY: +140.0% (accel: +10.8%)",
      "severity": "MEDIUM"
    },
    {
      "quarter": "2025-08 (Q3)",
      "signal": "YoY REVENUE GROWTH ACCELERATION",
      "detail": "YoY growth: +140.0% vs prior quarter YoY: +39.6% (accel: +100.3%)",
      "severity": "HIGH"
    },
    {
      "quarter": "2025-04 (Q2)",
      "signal": "FCF MARGIN EXPANSION",
      "detail": "FCF margin: -17.7% -> -3.2% (+14.5%)",
      "severity": "MEDIUM"
    },
    {
      "quarter": "2025-04 (Q2)",
      "signal": "OPERATING LEVERAGE",
      "detail": "Rev growth +64.1% vs OpEx growth +30.5% (leverage: 2.1x)",
      "severity": "MEDIUM"
    },
    {
      "quarter": "2025-04 (Q2)",
      "signal": "YoY REVENUE GROWTH ACCELERATION",
      "detail": "YoY growth: +39.6% vs prior quarter YoY: -10.2% (accel: +49.8%)",
      "severity": "HIGH"
    },
    {
      "quarter": "2025-04 (Q2)",
      "signal": "OP MARGIN TURNED POSITIVE (QoQ)",
      "detail": "Op margin: -1.8% -> +5.0%",
      "severity": "HIGH"
    },
    {
      "quarter": "2025-01 (Q1)",
      "signal": "YoY REVENUE GROWTH DECELERATION",
      "detail": "YoY growth: -10.2% vs prior quarter YoY: +4.2% (decel: -14.4%)",
      "severity": "WARNING"
    },
    {
      "quarter": "2024-10 (Q4)",
      "signal": "YoY REVENUE GROWTH DECELERATION",
      "detail": "YoY growth: +4.2% vs prior quarter YoY: +24.4% (decel: -20.1%)",
      "severity": "WARNING"
    },
    {
      "quarter": "2024-07 (Q3)",
      "signal": "FCF TURNED POSITIVE",
      "detail": "FCF margin: -10.5% -> +12.1%",
      "severity": "HIGH"
    },
    {
      "quarter": "2024-07 (Q3)",
      "signal": "YoY REVENUE GROWTH ACCELERATION",
      "detail": "YoY growth: +24.4% vs prior quarter YoY: +5.9% (accel: +18.5%)",
      "severity": "HIGH"
    },
    {
      "quarter": "2024-04 (Q2)",
      "signal": "GROSS MARGIN INFLECTION",
      "detail": "GM: +41.7% -> +36.1% -> +38.4% (reversal +2.3%)",
      "severity": "MEDIUM"
    },
    {
      "quarter": "2024-04 (Q2)",
      "signal": "YoY REVENUE GROWTH DECELERATION",
      "detail": "YoY growth: +5.9% vs prior quarter YoY: +38.8% (decel: -32.9%)",
      "severity": "WARNING"
    },
    {
      "quarter": "2024-04 (Q2)",
      "signal": "OP MARGIN TURNED POSITIVE (YoY)",
      "detail": "Op margin: -89.1% (year-ago) -> +3.0%",
      "severity": "HIGH"
    },
    {
      "quarter": "2024-01 (Q1)",
      "signal": "FCF TURNED POSITIVE",
      "detail": "FCF margin: -8.3% -> +26.1%",
      "severity": "HIGH"
    },
    {
      "quarter": "2024-01 (Q1)",
      "signal": "YoY REVENUE GROWTH DECELERATION",
      "detail": "YoY growth: +38.8% vs prior quarter YoY: +62.0% (decel: -23.2%)",
      "severity": "WARNING"
    },
    {
      "quarter": "2024-01 (Q1)",
      "signal": "INCREMENTAL MARGIN (YoY)",
      "detail": "YoY Incr OPM: +18.6% vs year-ago OPM: +3.4%",
      "severity": "MEDIUM"
    },
    {
      "quarter": "2023-10 (Q4)",
      "signal": "FCF MARGIN EXPANSION",
      "detail": "FCF margin: -13.6% -> -8.3% (+5.3%)",
      "severity": "MEDIUM"
    },
    {
      "quarter": "2023-10 (Q4)",
      "signal": "YoY REVENUE GROWTH ACCELERATION",
      "detail": "YoY growth: +62.0% vs prior quarter YoY: +40.4% (accel: +21.7%)",
      "severity": "HIGH"
    },
    {
      "quarter": "2023-10 (Q4)",
      "signal": "OP MARGIN TURNED POSITIVE (YoY)",
      "detail": "Op margin: -12.8% (year-ago) -> +13.9%",
      "severity": "HIGH"
    },
    {
      "quarter": "2023-07 (Q3)",
      "signal": "OP MARGIN TURNED POSITIVE (YoY)",
      "detail": "Op margin: -3.0% (year-ago) -> +17.3%",
      "severity": "HIGH"
    },
    {
      "quarter": "2023-07 (Q3)",
      "signal": "OP MARGIN TURNED POSITIVE (QoQ)",
      "detail": "Op margin: -89.1% -> +17.3%",
      "severity": "HIGH"
    },
    {
      "quarter": "2023-04 (Q2)",
      "signal": "FCF MARGIN EXPANSION",
      "detail": "FCF margin: -19.1% -> -1.2% (+17.9%)",
      "severity": "MEDIUM"
    },
    {
      "quarter": "2023-04 (Q2)",
      "signal": "YoY REVENUE GROWTH DECELERATION",
      "detail": "YoY growth: +40.3% vs prior quarter YoY: +49.2% (decel: -8.9%)",
      "severity": "WARNING"
    },
    {
      "quarter": "2023-01 (Q1)",
      "signal": "OPERATING LEVERAGE",
      "detail": "Rev growth +20.4% vs OpEx growth +1.7% (leverage: 11.8x)",
      "severity": "MEDIUM"
    },
    {
      "quarter": "2023-01 (Q1)",
      "signal": "GROSS MARGIN INFLECTION",
      "detail": "GM: +31.1% -> +23.2% -> +33.9% (reversal +10.7%)",
      "severity": "HIGH"
    },
    {
      "quarter": "2023-01 (Q1)",
      "signal": "YoY REVENUE GROWTH ACCELERATION",
      "detail": "YoY growth: +49.2% vs prior quarter YoY: -8.5% (accel: +57.7%)",
      "severity": "HIGH"
    },
    {
      "quarter": "2023-01 (Q1)",
      "signal": "OP MARGIN TURNED POSITIVE (YoY)",
      "detail": "Op margin: -15.7% (year-ago) -> +3.4%",
      "severity": "HIGH"
    },
    {
      "quarter": "2023-01 (Q1)",
      "signal": "OP MARGIN TURNED POSITIVE (QoQ)",
      "detail": "Op margin: -12.8% -> +3.4%",
      "severity": "HIGH"
    },
    {
      "quarter": "2022-10 (Q4)",
      "signal": "YoY REVENUE GROWTH DECELERATION",
      "detail": "YoY growth: -8.5% vs prior quarter YoY: +7.4% (decel: -16.0%)",
      "severity": "WARNING"
    },
    {
      "quarter": "2022-07 (Q3)",
      "signal": "YoY REVENUE GROWTH ACCELERATION",
      "detail": "YoY growth: +7.4% vs prior quarter YoY: -2.5% (accel: +9.9%)",
      "severity": "MEDIUM"
    },
    {
      "quarter": "2022-04 (Q2)",
      "signal": "FCF TURNED POSITIVE",
      "detail": "FCF margin: -26.4% -> +6.3%",
      "severity": "HIGH"
    },
    {
      "quarter": "2022-04 (Q2)",
      "signal": "OPERATING LEVERAGE",
      "detail": "Rev growth +47.2% vs OpEx growth +0.1% (leverage: 357.2x)",
      "severity": "MEDIUM"
    },
    {
      "quarter": "2022-04 (Q2)",
      "signal": "GROSS MARGIN INFLECTION",
      "detail": "GM: +34.8% -> +23.8% -> +36.7% (reversal +12.9%)",
      "severity": "HIGH"
    },
    {
      "quarter": "2022-04 (Q2)",
      "signal": "YoY REVENUE GROWTH DECELERATION",
      "detail": "YoY growth: -2.5% vs prior quarter YoY: +14.4% (decel: -16.9%)",
      "severity": "WARNING"
    },
    {
      "quarter": "2022-04 (Q2)",
      "signal": "INCREMENTAL MARGIN (YoY)",
      "detail": "YoY Incr OPM: +139.9% vs year-ago OPM: +13.1%",
      "severity": "HIGH"
    },
    {
      "quarter": "2022-04 (Q2)",
      "signal": "OP MARGIN TURNED POSITIVE (QoQ)",
      "detail": "Op margin: -15.7% -> +9.8%",
      "severity": "HIGH"
    },
    {
      "quarter": "2021-10 (Q4)",
      "signal": "FCF TURNED POSITIVE",
      "detail": "FCF margin: -20.5% -> +3.5%",
      "severity": "HIGH"
    },
    {
      "quarter": "2021-10 (Q4)",
      "signal": "GROSS MARGIN INFLECTION",
      "detail": "GM: +43.9% -> +28.4% -> +34.8% (reversal +6.4%)",
      "severity": "HIGH"
    },
    {
      "quarter": "2021-10 (Q4)",
      "signal": "OP MARGIN TURNED POSITIVE (QoQ)",
      "detail": "Op margin: -12.0% -> +2.7%",
      "severity": "HIGH"
    },
    {
      "quarter": "2021-04 (Q2)",
      "signal": "OPERATING LEVERAGE",
      "detail": "Rev growth +72.6% vs OpEx growth +43.1% (leverage: 1.7x)",
      "severity": "MEDIUM"
    },
    {
      "quarter": "2021-04 (Q2)",
      "signal": "OP MARGIN TURNED POSITIVE (QoQ)",
      "detail": "Op margin: -0.8% -> +13.1%",
      "severity": "HIGH"
    }
  ],
  "data_quality": {
    "n_quarters": 20,
    "coverage": {
      "revenue": [
        20,
        20
      ],
      "gross_profit": [
        20,
        20
      ],
      "op_income": [
        20,
        20
      ],
      "fcf": [
        20,
        20
      ]
    },
    "gaps": [],
    "warnings": []
  },
  "market_cap": null,
  "source": "SEC EDGAR",
  "last_updated": "2026-02-02T20:25:25.981467"
}