{
  "ticker": "AVD",
  "name": "AMERICAN VANGUARD CORPORATION",
  "quarters": [
    {
      "date": "2020-12-31T00:00:00",
      "quarter_label": "2020-12 (Q4)",
      "revenue": 140747000,
      "gross_profit": 50638000,
      "operating_income": 9838000,
      "net_income": 7908000,
      "opex": 45457000,
      "cogs": 90110000,
      "rd": null,
      "sga": null,
      "fcf": 69900000,
      "ocf": 69900000,
      "capex": null,
      "gross_margin": 0.3597803150333577,
      "op_margin": 0.06989847030487328,
      "fcf_margin": 0.49663580751277114
    },
    {
      "date": "2021-03-31T00:00:00",
      "quarter_label": "2021-03 (Q1)",
      "revenue": 116155000,
      "gross_profit": 45131000,
      "operating_income": 3654000,
      "net_income": 3071000,
      "opex": 41444000,
      "cogs": 71024000,
      "rd": null,
      "sga": null,
      "fcf": -32536000,
      "ocf": -32536000,
      "capex": null,
      "gross_margin": 0.388541173432052,
      "op_margin": 0.03145796564934785,
      "fcf_margin": -0.28010847574361847,
      "fcf_margin_change": -0.7767442832563896
    },
    {
      "date": "2021-06-30T00:00:00",
      "quarter_label": "2021-06 (Q2)",
      "revenue": 134610000,
      "gross_profit": 52139000,
      "operating_income": 8971000,
      "net_income": 5144000,
      "opex": 43080000,
      "cogs": 82471000,
      "rd": null,
      "sga": null,
      "fcf": 13631000,
      "ocf": 13631000,
      "capex": null,
      "gross_margin": 0.38733377906544836,
      "op_margin": 0.06664438006091672,
      "fcf_margin": 0.10126290765916351,
      "op_leverage_ratio": 4.02489454536499,
      "fcf_margin_change": 0.381371383402782
    },
    {
      "date": "2021-09-30T00:00:00",
      "quarter_label": "2021-09 (Q3)",
      "revenue": 147298000,
      "gross_profit": 57064000,
      "operating_income": 8946000,
      "net_income": 5498000,
      "opex": 48410000,
      "cogs": 90234000,
      "rd": null,
      "sga": null,
      "fcf": 18731000,
      "ocf": 18731000,
      "capex": null,
      "gross_margin": 0.387405124305829,
      "op_margin": 0.060734022186316176,
      "fcf_margin": 0.12716398050211136,
      "op_leverage_ratio": 0.7618409823500955,
      "fcf_margin_change": 0.025901072842947848
    },
    {
      "date": "2021-12-31T00:00:00",
      "quarter_label": "2021-12 (Q4)",
      "revenue": 158809000,
      "gross_profit": 58909000,
      "operating_income": 9375000,
      "net_income": 4874000,
      "opex": 49534000,
      "cogs": 99900000,
      "rd": null,
      "sga": null,
      "fcf": 86535000,
      "ocf": 86535000,
      "capex": null,
      "gross_margin": 0.3709424528836527,
      "op_margin": 0.05903317822037794,
      "fcf_margin": 0.5448998482453765,
      "incr_op_margin_yoy": -0.025633927582770458,
      "rev_growth_yoy": 0.12832955586975212,
      "op_leverage_ratio": 3.365774186002675,
      "fcf_margin_change": 0.41773586774326515
    },
    {
      "date": "2022-03-31T00:00:00",
      "quarter_label": "2022-03 (Q1)",
      "revenue": 149435000,
      "gross_profit": 61193000,
      "operating_income": 14749000,
      "net_income": 9935000,
      "opex": 46444000,
      "cogs": 88242000,
      "rd": null,
      "sga": null,
      "fcf": -32315000,
      "ocf": -32315000,
      "capex": null,
      "gross_margin": 0.40949576739050425,
      "op_margin": 0.09869843075584703,
      "fcf_margin": -0.2162478669655703,
      "incr_op_margin_yoy": 0.33338341346153844,
      "rev_growth_yoy": 0.28651371012870736,
      "rev_growth_yoy_accel": 0.15818415425895524,
      "fcf_margin_change": -0.7611477152109468
    },
    {
      "date": "2022-06-30T00:00:00",
      "quarter_label": "2022-06 (Q2)",
      "revenue": 148084000,
      "gross_profit": 59779000,
      "operating_income": 10813000,
      "net_income": 6830000,
      "opex": 48966000,
      "cogs": 88305000,
      "rd": null,
      "sga": null,
      "fcf": 5085000,
      "ocf": 5085000,
      "capex": null,
      "gross_margin": 0.4036830447583804,
      "op_margin": 0.07301936738607817,
      "fcf_margin": 0.034338618621863264,
      "incr_op_margin_yoy": 0.13670773341249814,
      "rev_growth_yoy": 0.1000965752915831,
      "rev_growth_yoy_accel": -0.18641713483712424,
      "fcf_margin_change": 0.25058648558743357
    },
    {
      "date": "2022-09-30T00:00:00",
      "quarter_label": "2022-09 (Q3)",
      "revenue": 152117000,
      "gross_profit": 61384000,
      "operating_income": 11244000,
      "net_income": 6741000,
      "opex": 50140000,
      "cogs": 90733000,
      "rd": null,
      "sga": null,
      "fcf": -18448000,
      "ocf": -18448000,
      "capex": null,
      "gross_margin": 0.40353149220665674,
      "op_margin": 0.07391678773575602,
      "fcf_margin": -0.121275071162329,
      "incr_op_margin_yoy": 0.4768624195891264,
      "rev_growth_yoy": 0.032715990712704854,
      "rev_growth_yoy_accel": -0.06738058457887824,
      "op_leverage_ratio": 1.135917045010643,
      "fcf_margin_change": -0.15561368978419227
    },
    {
      "date": "2022-12-31T00:00:00",
      "quarter_label": "2022-12 (Q4)",
      "revenue": 159979000,
      "gross_profit": 58996000,
      "operating_income": 3845000,
      "net_income": 3898000,
      "opex": 55151000,
      "cogs": 100983000,
      "rd": null,
      "sga": null,
      "fcf": 102783000,
      "ocf": 102783000,
      "capex": null,
      "gross_margin": 0.36877340150894805,
      "op_margin": 0.02403440451559267,
      "fcf_margin": 0.6424780752473762,
      "incr_op_margin_yoy": -4.726495726495727,
      "rev_growth_yoy": 0.007367340641903167,
      "rev_growth_yoy_accel": -0.025348650070801688,
      "op_leverage_ratio": 0.5171484347535864,
      "fcf_margin_change": 0.7637531464097052
    },
    {
      "date": "2023-03-31T00:00:00",
      "quarter_label": "2023-03 (Q1)",
      "revenue": 124885000,
      "gross_profit": 38537000,
      "operating_income": 3265000,
      "net_income": 1918000,
      "opex": 35272000,
      "cogs": 86348000,
      "rd": 8870000,
      "sga": 26402000,
      "fcf": -41452000,
      "ocf": -41452000,
      "capex": null,
      "gross_margin": 0.30857989350202186,
      "op_margin": 0.02614405252832606,
      "fcf_margin": -0.3319213676582456,
      "incr_op_margin_yoy": 0.46778004073319757,
      "rev_growth_yoy": -0.16428547529025997,
      "rev_growth_yoy_accel": -0.17165281593216314,
      "fcf_margin_change": -0.9743994429056217
    },
    {
      "date": "2023-06-30T00:00:00",
      "quarter_label": "2023-06 (Q2)",
      "revenue": 132790000,
      "gross_profit": 42909000,
      "operating_income": 3754000,
      "net_income": -1053000,
      "opex": 39155000,
      "cogs": 89881000,
      "rd": 9413000,
      "sga": 29742000,
      "fcf": -55150000,
      "ocf": -55150000,
      "capex": null,
      "gross_margin": 0.3231342721590481,
      "op_margin": 0.028270201069357632,
      "fcf_margin": -0.41531741848030723,
      "incr_op_margin_yoy": 0.46155355041192625,
      "rev_growth_yoy": -0.10327921990221767,
      "rev_growth_yoy_accel": 0.0610062553880423,
      "op_leverage_ratio": 0.5749820558581162,
      "fcf_margin_change": -0.08339605082206164
    },
    {
      "date": "2023-09-30T00:00:00",
      "quarter_label": "2023-09 (Q3)",
      "revenue": 149516000,
      "gross_profit": 43084000,
      "operating_income": 4191000,
      "net_income": -325000,
      "opex": 38893000,
      "cogs": 106432000,
      "rd": 9080000,
      "sga": 29813000,
      "fcf": -49252000,
      "ocf": -49252000,
      "capex": null,
      "gross_margin": 0.28815645148345326,
      "op_margin": 0.028030444902217823,
      "fcf_margin": -0.3294095615184997,
      "incr_op_margin_yoy": 2.7116493656286043,
      "rev_growth_yoy": -0.017098680620837907,
      "rev_growth_yoy_accel": 0.08618053928137975,
      "op_leverage_ratio": Infinity,
      "fcf_margin_change": 0.08590785696180753
    },
    {
      "date": "2023-12-31T00:00:00",
      "quarter_label": "2023-12 (Q4)",
      "revenue": 172180000,
      "gross_profit": 54635000,
      "operating_income": 12083000,
      "net_income": 6979000,
      "opex": -100970000,
      "cogs": 117545000,
      "rd": 10662000,
      "sga": 31890000,
      "fcf": 87106000,
      "ocf": 87106000,
      "capex": null,
      "gross_margin": 0.3173132768033453,
      "op_margin": 0.07017655941456614,
      "fcf_margin": 0.5059008014868162,
      "incr_op_margin_yoy": 0.6751905581509713,
      "rev_growth_yoy": 0.076266259946618,
      "rev_growth_yoy_accel": 0.0933649405674559,
      "op_leverage_ratio": Infinity,
      "fcf_margin_change": 0.8353103630053158
    },
    {
      "date": "2024-03-31T00:00:00",
      "quarter_label": "2024-03 (Q1)",
      "revenue": 135143000,
      "gross_profit": 42418000,
      "operating_income": 6091000,
      "net_income": 1552000,
      "opex": 36327000,
      "cogs": 92725000,
      "rd": 5706000,
      "sga": 30621000,
      "fcf": -36107000,
      "ocf": -36107000,
      "capex": null,
      "gross_margin": 0.3138749324789297,
      "op_margin": 0.04507077688078554,
      "fcf_margin": -0.2671762503422301,
      "incr_op_margin_yoy": 0.27549229869370245,
      "rev_growth_yoy": 0.0821395684029307,
      "rev_growth_yoy_accel": 0.005873308456312704,
      "fcf_margin_change": -0.7730770518290462
    },
    {
      "date": "2024-06-30T00:00:00",
      "quarter_label": "2024-06 (Q2)",
      "revenue": 128209000,
      "gross_profit": 37763000,
      "operating_income": -9232000,
      "net_income": -11721000,
      "opex": 46995000,
      "cogs": 90446000,
      "rd": 8599000,
      "sga": 31051000,
      "fcf": -13250000,
      "ocf": -13250000,
      "capex": null,
      "gross_margin": 0.2945425048163545,
      "op_margin": -0.07200742537575365,
      "fcf_margin": -0.1033468789242565,
      "incr_op_margin_yoy": 2.8347522375027285,
      "rev_growth_yoy": -0.0344980796746743,
      "rev_growth_yoy_accel": -0.11663764807760499,
      "fcf_margin_change": 0.1638293714179736
    },
    {
      "date": "2024-09-30T00:00:00",
      "quarter_label": "2024-09 (Q3)",
      "revenue": 118307000,
      "gross_profit": 17293000,
      "operating_income": -28388000,
      "net_income": -25742000,
      "opex": 45681000,
      "cogs": 101014000,
      "rd": 11177000,
      "sga": 26365000,
      "fcf": 27879000,
      "ocf": 27879000,
      "capex": null,
      "gross_margin": 0.14617055626463354,
      "op_margin": -0.23995198931593228,
      "fcf_margin": 0.23564962343732831,
      "incr_op_margin_yoy": 1.0438975936428594,
      "rev_growth_yoy": -0.20873351347013028,
      "rev_growth_yoy_accel": -0.17423543379545597,
      "fcf_margin_change": 0.3389965023615848
    },
    {
      "date": "2024-12-31T00:00:00",
      "quarter_label": "2024-12 (Q4)",
      "revenue": 165647000,
      "gross_profit": 22843000,
      "operating_income": -70026000,
      "net_income": -90429000,
      "opex": 92869000,
      "cogs": 142804000,
      "rd": 7180000,
      "sga": 32749000,
      "fcf": 25401000,
      "ocf": 25401000,
      "capex": null,
      "gross_margin": 0.13790168249349521,
      "op_margin": -0.42274233762156876,
      "fcf_margin": 0.1533441595682385,
      "incr_op_margin_yoy": 12.568345323741006,
      "rev_growth_yoy": -0.03794285050528517,
      "rev_growth_yoy_accel": 0.1707906629648451,
      "op_leverage_ratio": 0.38736630727693444,
      "fcf_margin_change": -0.08230546386908982
    },
    {
      "date": "2025-03-31T00:00:00",
      "quarter_label": "2025-03 (Q1)",
      "revenue": 115800000,
      "gross_profit": 30191000,
      "operating_income": -4310000,
      "net_income": -8462000,
      "opex": 34501000,
      "cogs": 85609000,
      "rd": 5682000,
      "sga": 26628000,
      "fcf": -20576000,
      "ocf": -20576000,
      "capex": null,
      "gross_margin": 0.2607167530224525,
      "op_margin": -0.03721934369602763,
      "fcf_margin": -0.17768566493955096,
      "incr_op_margin_yoy": 0.5377139016698548,
      "rev_growth_yoy": -0.14312986984157522,
      "rev_growth_yoy_accel": -0.10518701933629004,
      "fcf_margin_change": -0.33102982450778945
    },
    {
      "date": "2025-06-30T00:00:00",
      "quarter_label": "2025-06 (Q2)",
      "revenue": 129313000,
      "gross_profit": 40547000,
      "operating_income": 4366000,
      "net_income": -849000,
      "opex": 36181000,
      "cogs": 88766000,
      "rd": 5803000,
      "sga": 28757000,
      "fcf": -19260000,
      "ocf": -19260000,
      "capex": null,
      "gross_margin": 0.31355702829568566,
      "op_margin": 0.03376304006557732,
      "fcf_margin": -0.14894094174599615,
      "incr_op_margin_yoy": 12.317028985507246,
      "rev_growth_yoy": 0.008610939949613521,
      "rev_growth_yoy_accel": 0.15174080979118873,
      "op_leverage_ratio": 2.3964348065219183,
      "fcf_margin_change": 0.02874472319355481
    },
    {
      "date": "2025-09-30T00:00:00",
      "quarter_label": "2025-09 (Q3)",
      "revenue": 119313000,
      "gross_profit": 34214000,
      "operating_income": -6505000,
      "net_income": -12358000,
      "opex": 40719000,
      "cogs": 85099000,
      "rd": 5654000,
      "sga": 26747000,
      "fcf": 12692000,
      "ocf": 12692000,
      "capex": null,
      "gross_margin": 0.28675835826774954,
      "op_margin": -0.05452046298391625,
      "fcf_margin": 0.10637566736231592,
      "incr_op_margin_yoy": 21.75248508946322,
      "rev_growth_yoy": 0.008503300734529656,
      "rev_growth_yoy_accel": -0.0001076392150838653,
      "fcf_margin_change": 0.25531660910831205
    }
  ],
  "signals": [
    {
      "quarter": "2025-09 (Q3)",
      "signal": "FCF TURNED POSITIVE",
      "detail": "FCF margin: -14.9% -> +10.6%",
      "severity": "HIGH"
    },
    {
      "quarter": "2025-06 (Q2)",
      "signal": "OPERATING LEVERAGE",
      "detail": "Rev growth +11.7% vs OpEx growth +4.9% (leverage: 2.4x)",
      "severity": "MEDIUM"
    },
    {
      "quarter": "2025-06 (Q2)",
      "signal": "YoY REVENUE GROWTH ACCELERATION",
      "detail": "YoY growth: +0.9% vs prior quarter YoY: -14.3% (accel: +15.2%)",
      "severity": "HIGH"
    },
    {
      "quarter": "2025-06 (Q2)",
      "signal": "OP MARGIN TURNED POSITIVE (YoY)",
      "detail": "Op margin: -7.2% (year-ago) -> +3.4%",
      "severity": "HIGH"
    },
    {
      "quarter": "2025-06 (Q2)",
      "signal": "OP MARGIN TURNED POSITIVE (QoQ)",
      "detail": "Op margin: -3.7% -> +3.4%",
      "severity": "HIGH"
    },
    {
      "quarter": "2025-03 (Q1)",
      "signal": "GROSS MARGIN INFLECTION",
      "detail": "GM: +14.6% -> +13.8% -> +26.1% (reversal +12.3%)",
      "severity": "HIGH"
    },
    {
      "quarter": "2025-03 (Q1)",
      "signal": "YoY REVENUE GROWTH DECELERATION",
      "detail": "YoY growth: -14.3% vs prior quarter YoY: -3.8% (decel: -10.5%)",
      "severity": "WARNING"
    },
    {
      "quarter": "2024-12 (Q4)",
      "signal": "YoY REVENUE GROWTH ACCELERATION",
      "detail": "YoY growth: -3.8% vs prior quarter YoY: -20.9% (accel: +17.1%)",
      "severity": "HIGH"
    },
    {
      "quarter": "2024-09 (Q3)",
      "signal": "FCF TURNED POSITIVE",
      "detail": "FCF margin: -10.3% -> +23.6%",
      "severity": "HIGH"
    },
    {
      "quarter": "2024-09 (Q3)",
      "signal": "YoY REVENUE GROWTH DECELERATION",
      "detail": "YoY growth: -20.9% vs prior quarter YoY: -3.4% (decel: -17.4%)",
      "severity": "WARNING"
    },
    {
      "quarter": "2024-06 (Q2)",
      "signal": "FCF MARGIN EXPANSION",
      "detail": "FCF margin: -26.7% -> -10.3% (+16.4%)",
      "severity": "MEDIUM"
    },
    {
      "quarter": "2024-06 (Q2)",
      "signal": "YoY REVENUE GROWTH DECELERATION",
      "detail": "YoY growth: -3.4% vs prior quarter YoY: +8.2% (decel: -11.7%)",
      "severity": "WARNING"
    },
    {
      "quarter": "2024-03 (Q1)",
      "signal": "INCREMENTAL MARGIN (YoY)",
      "detail": "YoY Incr OPM: +27.5% vs year-ago OPM: +2.6%",
      "severity": "HIGH"
    },
    {
      "quarter": "2023-12 (Q4)",
      "signal": "FCF TURNED POSITIVE",
      "detail": "FCF margin: -32.9% -> +50.6%",
      "severity": "HIGH"
    },
    {
      "quarter": "2023-12 (Q4)",
      "signal": "GROSS MARGIN INFLECTION",
      "detail": "GM: +32.3% -> +28.8% -> +31.7% (reversal +2.9%)",
      "severity": "MEDIUM"
    },
    {
      "quarter": "2023-12 (Q4)",
      "signal": "YoY REVENUE GROWTH ACCELERATION",
      "detail": "YoY growth: +7.6% vs prior quarter YoY: -1.7% (accel: +9.3%)",
      "severity": "MEDIUM"
    },
    {
      "quarter": "2023-12 (Q4)",
      "signal": "INCREMENTAL MARGIN (YoY)",
      "detail": "YoY Incr OPM: +67.5% vs year-ago OPM: +2.4%",
      "severity": "HIGH"
    },
    {
      "quarter": "2023-09 (Q3)",
      "signal": "FCF MARGIN EXPANSION",
      "detail": "FCF margin: -41.5% -> -32.9% (+8.6%)",
      "severity": "MEDIUM"
    },
    {
      "quarter": "2023-09 (Q3)",
      "signal": "YoY REVENUE GROWTH ACCELERATION",
      "detail": "YoY growth: -1.7% vs prior quarter YoY: -10.3% (accel: +8.6%)",
      "severity": "MEDIUM"
    },
    {
      "quarter": "2023-09 (Q3)",
      "signal": "INCREMENTAL MARGIN (YoY)",
      "detail": "YoY Incr OPM: +271.2% vs year-ago OPM: +7.4%",
      "severity": "HIGH"
    },
    {
      "quarter": "2023-06 (Q2)",
      "signal": "YoY REVENUE GROWTH ACCELERATION",
      "detail": "YoY growth: -10.3% vs prior quarter YoY: -16.4% (accel: +6.1%)",
      "severity": "MEDIUM"
    },
    {
      "quarter": "2023-06 (Q2)",
      "signal": "INCREMENTAL MARGIN (YoY)",
      "detail": "YoY Incr OPM: +46.2% vs year-ago OPM: +7.3%",
      "severity": "HIGH"
    },
    {
      "quarter": "2023-03 (Q1)",
      "signal": "YoY REVENUE GROWTH DECELERATION",
      "detail": "YoY growth: -16.4% vs prior quarter YoY: +0.7% (decel: -17.2%)",
      "severity": "WARNING"
    },
    {
      "quarter": "2023-03 (Q1)",
      "signal": "INCREMENTAL MARGIN (YoY)",
      "detail": "YoY Incr OPM: +46.8% vs year-ago OPM: +9.9%",
      "severity": "HIGH"
    },
    {
      "quarter": "2022-12 (Q4)",
      "signal": "FCF TURNED POSITIVE",
      "detail": "FCF margin: -12.1% -> +64.2%",
      "severity": "HIGH"
    },
    {
      "quarter": "2022-09 (Q3)",
      "signal": "YoY REVENUE GROWTH DECELERATION",
      "detail": "YoY growth: +3.3% vs prior quarter YoY: +10.0% (decel: -6.7%)",
      "severity": "WARNING"
    },
    {
      "quarter": "2022-09 (Q3)",
      "signal": "INCREMENTAL MARGIN (YoY)",
      "detail": "YoY Incr OPM: +47.7% vs year-ago OPM: +6.1%",
      "severity": "HIGH"
    },
    {
      "quarter": "2022-06 (Q2)",
      "signal": "FCF TURNED POSITIVE",
      "detail": "FCF margin: -21.6% -> +3.4%",
      "severity": "HIGH"
    },
    {
      "quarter": "2022-06 (Q2)",
      "signal": "YoY REVENUE GROWTH DECELERATION",
      "detail": "YoY growth: +10.0% vs prior quarter YoY: +28.7% (decel: -18.6%)",
      "severity": "WARNING"
    },
    {
      "quarter": "2022-03 (Q1)",
      "signal": "GROSS MARGIN INFLECTION",
      "detail": "GM: +38.7% -> +37.1% -> +40.9% (reversal +3.9%)",
      "severity": "MEDIUM"
    },
    {
      "quarter": "2022-03 (Q1)",
      "signal": "YoY REVENUE GROWTH ACCELERATION",
      "detail": "YoY growth: +28.7% vs prior quarter YoY: +12.8% (accel: +15.8%)",
      "severity": "HIGH"
    },
    {
      "quarter": "2022-03 (Q1)",
      "signal": "INCREMENTAL MARGIN (YoY)",
      "detail": "YoY Incr OPM: +33.3% vs year-ago OPM: +3.1%",
      "severity": "HIGH"
    },
    {
      "quarter": "2021-12 (Q4)",
      "signal": "FCF MARGIN EXPANSION",
      "detail": "FCF margin: +12.7% -> +54.5% (+41.8%)",
      "severity": "MEDIUM"
    },
    {
      "quarter": "2021-12 (Q4)",
      "signal": "OPERATING LEVERAGE",
      "detail": "Rev growth +7.8% vs OpEx growth +2.3% (leverage: 3.4x)",
      "severity": "MEDIUM"
    },
    {
      "quarter": "2021-06 (Q2)",
      "signal": "FCF TURNED POSITIVE",
      "detail": "FCF margin: -28.0% -> +10.1%",
      "severity": "HIGH"
    },
    {
      "quarter": "2021-06 (Q2)",
      "signal": "OPERATING LEVERAGE",
      "detail": "Rev growth +15.9% vs OpEx growth +3.9% (leverage: 4.0x)",
      "severity": "MEDIUM"
    }
  ],
  "data_quality": {
    "n_quarters": 20,
    "coverage": {
      "revenue": [
        20,
        20
      ],
      "gross_profit": [
        20,
        20
      ],
      "op_income": [
        20,
        20
      ],
      "fcf": [
        20,
        20
      ]
    },
    "gaps": [],
    "warnings": []
  },
  "market_cap": null,
  "source": "SEC EDGAR",
  "last_updated": "2026-02-02T23:12:34.697937"
}