{
  "ticker": "AVDL",
  "name": "AVADEL PHARMACEUTICALS PLC",
  "quarters": [
    {
      "date": "2020-09-30T00:00:00",
      "quarter_label": "2020-09 (Q3)",
      "revenue": 0,
      "gross_profit": 0,
      "operating_income": null,
      "net_income": null,
      "opex": null,
      "cogs": 0,
      "rd": null,
      "sga": null,
      "fcf": null,
      "ocf": null,
      "capex": -33000,
      "gross_margin": null,
      "op_margin": null,
      "fcf_margin": null
    },
    {
      "date": "2020-12-31T00:00:00",
      "quarter_label": "2020-12 (Q4)",
      "revenue": 0,
      "gross_profit": 0,
      "operating_income": -14260000,
      "net_income": -11278000,
      "opex": 14260000,
      "cogs": 0,
      "rd": 5286000,
      "sga": 8974000,
      "fcf": -19190000,
      "ocf": -19125000,
      "capex": -65000,
      "gross_margin": null,
      "op_margin": null,
      "fcf_margin": null
    },
    {
      "date": "2021-03-31T00:00:00",
      "quarter_label": "2021-03 (Q1)",
      "revenue": 0,
      "gross_profit": 0,
      "operating_income": -14811000,
      "net_income": -13445000,
      "opex": 14811000,
      "cogs": 0,
      "rd": 3852000,
      "sga": 11012000,
      "fcf": -23439000,
      "ocf": -23413000,
      "capex": -26000,
      "gross_margin": null,
      "op_margin": null,
      "fcf_margin": null
    },
    {
      "date": "2021-06-30T00:00:00",
      "quarter_label": "2021-06 (Q2)",
      "revenue": 0,
      "gross_profit": 0,
      "operating_income": -21936000,
      "net_income": -19581000,
      "opex": 21936000,
      "cogs": 0,
      "rd": 6762000,
      "sga": 15174000,
      "fcf": -10153000,
      "ocf": -10153000,
      "capex": null,
      "gross_margin": null,
      "op_margin": null,
      "fcf_margin": null
    },
    {
      "date": "2021-09-30T00:00:00",
      "quarter_label": "2021-09 (Q3)",
      "revenue": 0,
      "gross_profit": 0,
      "operating_income": -25663000,
      "net_income": -22002000,
      "opex": 25663000,
      "cogs": 0,
      "rd": 4380000,
      "sga": 21283000,
      "fcf": -21238000,
      "ocf": -21238000,
      "capex": null,
      "gross_margin": null,
      "op_margin": null,
      "fcf_margin": null
    },
    {
      "date": "2021-12-31T00:00:00",
      "quarter_label": "2021-12 (Q4)",
      "revenue": 0,
      "gross_profit": 0,
      "operating_income": -23136000,
      "net_income": -22301000,
      "opex": 23136000,
      "cogs": 0,
      "rd": 2110000,
      "sga": 21026000,
      "fcf": -22506000,
      "ocf": -22506000,
      "capex": null,
      "gross_margin": null,
      "op_margin": null,
      "fcf_margin": null
    },
    {
      "date": "2022-06-30T00:00:00",
      "quarter_label": "2022-06 (Q2)",
      "revenue": 0,
      "gross_profit": 0,
      "operating_income": -29937000,
      "net_income": -63444000,
      "opex": 29937000,
      "cogs": 0,
      "rd": 4541000,
      "sga": 21804000,
      "fcf": -14090000,
      "ocf": -14090000,
      "capex": null,
      "gross_margin": null,
      "op_margin": null,
      "fcf_margin": null
    },
    {
      "date": "2022-09-30T00:00:00",
      "quarter_label": "2022-09 (Q3)",
      "revenue": 0,
      "gross_profit": 0,
      "operating_income": -16960000,
      "net_income": -20146000,
      "opex": 16960000,
      "cogs": 0,
      "rd": 2933000,
      "sga": 14096000,
      "fcf": -7519000,
      "ocf": -6803000,
      "capex": -716000,
      "gross_margin": null,
      "op_margin": null,
      "fcf_margin": null
    },
    {
      "date": "2022-12-31T00:00:00",
      "quarter_label": "2022-12 (Q4)",
      "revenue": 0,
      "gross_profit": 0,
      "operating_income": -23038000,
      "net_income": -27450000,
      "opex": 23038000,
      "cogs": 0,
      "rd": 6235000,
      "sga": 16981000,
      "fcf": -15366000,
      "ocf": -15366000,
      "capex": null,
      "gross_margin": null,
      "op_margin": null,
      "fcf_margin": null
    },
    {
      "date": "2023-03-31T00:00:00",
      "quarter_label": "2023-03 (Q1)",
      "revenue": 0,
      "gross_profit": 0,
      "operating_income": -28298000,
      "net_income": -30784000,
      "opex": 28298000,
      "cogs": 0,
      "rd": 3830000,
      "sga": 24468000,
      "fcf": -30233000,
      "ocf": -30233000,
      "capex": null,
      "gross_margin": null,
      "op_margin": null,
      "fcf_margin": null
    },
    {
      "date": "2023-06-30T00:00:00",
      "quarter_label": "2023-06 (Q2)",
      "revenue": 1496000,
      "gross_profit": 1460000,
      "operating_income": -49541000,
      "net_income": -64432000,
      "opex": 51001000,
      "cogs": 36000,
      "rd": 4223000,
      "sga": 46778000,
      "fcf": -32023000,
      "ocf": -32023000,
      "capex": null,
      "gross_margin": 0.9759358288770054,
      "op_margin": -33.11564171122995,
      "fcf_margin": -21.405748663101605,
      "incr_op_margin_yoy": -13.10427807486631
    },
    {
      "date": "2023-09-30T00:00:00",
      "quarter_label": "2023-09 (Q3)",
      "revenue": 7014000,
      "gross_profit": 6897000,
      "operating_income": -35110000,
      "net_income": -36274000,
      "opex": 42007000,
      "cogs": 117000,
      "rd": 2849000,
      "sga": 39158000,
      "fcf": -38226000,
      "ocf": -38226000,
      "capex": null,
      "gross_margin": 0.9833190761334474,
      "op_margin": -5.005702879954377,
      "fcf_margin": -5.449957228400343,
      "incr_op_margin_yoy": -2.5876817792985456,
      "op_leverage_ratio": Infinity,
      "fcf_margin_change": 15.955791434701261
    },
    {
      "date": "2023-12-31T00:00:00",
      "quarter_label": "2023-12 (Q4)",
      "revenue": 19453000,
      "gross_profit": 18760000,
      "operating_income": -24900000,
      "net_income": -28786000,
      "opex": 43660000,
      "cogs": 693000,
      "rd": 2359000,
      "sga": 41301000,
      "fcf": -28029000,
      "ocf": -28029000,
      "capex": null,
      "gross_margin": 0.9643756747031306,
      "op_margin": -1.2800082249524496,
      "fcf_margin": -1.4408574512928598,
      "incr_op_margin_yoy": -0.09571788413098237,
      "op_leverage_ratio": 45.06802426604746,
      "fcf_margin_change": 4.009099777107483
    },
    {
      "date": "2024-03-31T00:00:00",
      "quarter_label": "2024-03 (Q1)",
      "revenue": 27178000,
      "gross_profit": 25656000,
      "operating_income": -26035000,
      "net_income": -27342000,
      "opex": 51691000,
      "cogs": 1522000,
      "rd": 3068000,
      "sga": 48623000,
      "fcf": -29704000,
      "ocf": -29704000,
      "capex": null,
      "gross_margin": 0.9439988225770845,
      "op_margin": -0.9579439252336449,
      "fcf_margin": -1.0929428213996615,
      "incr_op_margin_yoy": 0.08326587681212745,
      "op_leverage_ratio": 2.158867591189062,
      "fcf_margin_change": 0.3479146298931983
    },
    {
      "date": "2024-06-30T00:00:00",
      "quarter_label": "2024-06 (Q2)",
      "revenue": 41504000,
      "gross_profit": 38716000,
      "operating_income": -12741000,
      "net_income": -13822000,
      "opex": 51457000,
      "cogs": 2788000,
      "rd": 4051000,
      "sga": 47406000,
      "fcf": -18186000,
      "ocf": -18186000,
      "capex": null,
      "gross_margin": 0.9328257517347726,
      "op_margin": -0.3069824595219738,
      "fcf_margin": -0.438174633770239,
      "incr_op_margin_yoy": 0.9198160367926415,
      "rev_growth_yoy": 26.74331550802139,
      "op_leverage_ratio": Infinity,
      "fcf_margin_change": 0.6547681876294225
    },
    {
      "date": "2024-09-30T00:00:00",
      "quarter_label": "2024-09 (Q3)",
      "revenue": 50025000,
      "gross_profit": 43870000,
      "operating_income": -327000,
      "net_income": -2625000,
      "opex": 44197000,
      "cogs": 6155000,
      "rd": 3803000,
      "sga": 40394000,
      "fcf": -6890000,
      "ocf": -6890000,
      "capex": null,
      "gross_margin": 0.8769615192403798,
      "op_margin": -0.006536731634182909,
      "fcf_margin": -0.13773113443278362,
      "incr_op_margin_yoy": 0.8087000999744252,
      "rev_growth_yoy": 6.132164242942686,
      "rev_growth_yoy_accel": -20.611151265078703,
      "op_leverage_ratio": Infinity,
      "fcf_margin_change": 0.3004434993374554
    },
    {
      "date": "2024-12-31T00:00:00",
      "quarter_label": "2024-12 (Q4)",
      "revenue": 50410000,
      "gross_profit": 45598000,
      "operating_income": -3297000,
      "net_income": -5043000,
      "opex": 48895000,
      "cogs": 4812000,
      "rd": 4274000,
      "sga": 44621000,
      "fcf": 7873000,
      "ocf": 7873000,
      "capex": null,
      "gross_margin": 0.9045427494544733,
      "op_margin": -0.0654036897440984,
      "fcf_margin": 0.15617932949811544,
      "incr_op_margin_yoy": 0.6978389378815777,
      "rev_growth_yoy": 1.5913740811185935,
      "rev_growth_yoy_accel": -4.540790161824092,
      "fcf_margin_change": 0.29391046393089904
    },
    {
      "date": "2025-03-31T00:00:00",
      "quarter_label": "2025-03 (Q1)",
      "revenue": 52511000,
      "gross_profit": 46934000,
      "operating_income": -3001000,
      "net_income": -4920000,
      "opex": 49935000,
      "cogs": 5577000,
      "rd": 4354000,
      "sga": 45581000,
      "fcf": -8232000,
      "ocf": -8232000,
      "capex": null,
      "gross_margin": 0.8937936813239131,
      "op_margin": -0.05714993049075432,
      "fcf_margin": -0.15676715354878026,
      "incr_op_margin_yoy": 0.9092488059053409,
      "rev_growth_yoy": 0.9321142100228126,
      "rev_growth_yoy_accel": -0.6592598710957809,
      "op_leverage_ratio": 1.9594783353424992,
      "fcf_margin_change": -0.3129464830468957
    },
    {
      "date": "2025-06-30T00:00:00",
      "quarter_label": "2025-06 (Q2)",
      "revenue": 68129000,
      "gross_profit": 61763000,
      "operating_income": 8884000,
      "net_income": 9665000,
      "opex": 52879000,
      "cogs": 6366000,
      "rd": 4255000,
      "sga": 48624000,
      "fcf": 12697000,
      "ocf": 12697000,
      "capex": null,
      "gross_margin": 0.9065596148483025,
      "op_margin": 0.13039968295439533,
      "fcf_margin": 0.186367038999545,
      "incr_op_margin_yoy": 0.812206572769953,
      "rev_growth_yoy": 0.641504433307633,
      "rev_growth_yoy_accel": -0.2906097767151796,
      "op_leverage_ratio": 5.044781701535827,
      "fcf_margin_change": 0.3431341925483252
    },
    {
      "date": "2025-09-30T00:00:00",
      "quarter_label": "2025-09 (Q3)",
      "revenue": 77467000,
      "gross_profit": 81583000,
      "operating_income": 1937000,
      "net_income": 20000,
      "opex": 79646000,
      "cogs": null,
      "rd": 27010000,
      "sga": 52636000,
      "fcf": 22196000,
      "ocf": 22205000,
      "capex": -9000,
      "gross_margin": 1.053132301496121,
      "op_margin": 0.025004195334787715,
      "fcf_margin": 0.2865220029173713,
      "incr_op_margin_yoy": 0.08250127541724364,
      "rev_growth_yoy": 0.5485657171414293,
      "rev_growth_yoy_accel": -0.09293871616620364,
      "op_leverage_ratio": 0.270773020660713,
      "fcf_margin_change": 0.1001549639178263
    }
  ],
  "signals": [
    {
      "quarter": "2025-09 (Q3)",
      "signal": "FCF MARGIN EXPANSION",
      "detail": "FCF margin: +18.6% -> +28.7% (+10.0%)",
      "severity": "MEDIUM"
    },
    {
      "quarter": "2025-09 (Q3)",
      "signal": "YoY REVENUE GROWTH DECELERATION",
      "detail": "YoY growth: +54.9% vs prior quarter YoY: +64.2% (decel: -9.3%)",
      "severity": "WARNING"
    },
    {
      "quarter": "2025-09 (Q3)",
      "signal": "OP MARGIN TURNED POSITIVE (YoY)",
      "detail": "Op margin: -0.7% (year-ago) -> +2.5%",
      "severity": "HIGH"
    },
    {
      "quarter": "2025-06 (Q2)",
      "signal": "FCF TURNED POSITIVE",
      "detail": "FCF margin: -15.7% -> +18.6%",
      "severity": "HIGH"
    },
    {
      "quarter": "2025-06 (Q2)",
      "signal": "OPERATING LEVERAGE",
      "detail": "Rev growth +29.7% vs OpEx growth +5.9% (leverage: 5.0x)",
      "severity": "MEDIUM"
    },
    {
      "quarter": "2025-06 (Q2)",
      "signal": "YoY REVENUE GROWTH DECELERATION",
      "detail": "YoY growth: +64.2% vs prior quarter YoY: +93.2% (decel: -29.1%)",
      "severity": "WARNING"
    },
    {
      "quarter": "2025-06 (Q2)",
      "signal": "OP MARGIN TURNED POSITIVE (YoY)",
      "detail": "Op margin: -30.7% (year-ago) -> +13.0%",
      "severity": "HIGH"
    },
    {
      "quarter": "2025-06 (Q2)",
      "signal": "OP MARGIN TURNED POSITIVE (QoQ)",
      "detail": "Op margin: -5.7% -> +13.0%",
      "severity": "HIGH"
    },
    {
      "quarter": "2025-03 (Q1)",
      "signal": "OPERATING LEVERAGE",
      "detail": "Rev growth +4.2% vs OpEx growth +2.1% (leverage: 2.0x)",
      "severity": "MEDIUM"
    },
    {
      "quarter": "2025-03 (Q1)",
      "signal": "YoY REVENUE GROWTH DECELERATION",
      "detail": "YoY growth: +93.2% vs prior quarter YoY: +159.1% (decel: -65.9%)",
      "severity": "WARNING"
    },
    {
      "quarter": "2024-12 (Q4)",
      "signal": "FCF TURNED POSITIVE",
      "detail": "FCF margin: -13.8% -> +15.6%",
      "severity": "HIGH"
    },
    {
      "quarter": "2024-12 (Q4)",
      "signal": "GROSS MARGIN INFLECTION",
      "detail": "GM: +93.3% -> +87.7% -> +90.5% (reversal +2.8%)",
      "severity": "MEDIUM"
    },
    {
      "quarter": "2024-12 (Q4)",
      "signal": "YoY REVENUE GROWTH DECELERATION",
      "detail": "YoY growth: +159.1% vs prior quarter YoY: +613.2% (decel: -454.1%)",
      "severity": "WARNING"
    },
    {
      "quarter": "2024-09 (Q3)",
      "signal": "FCF MARGIN EXPANSION",
      "detail": "FCF margin: -43.8% -> -13.8% (+30.0%)",
      "severity": "MEDIUM"
    },
    {
      "quarter": "2024-09 (Q3)",
      "signal": "YoY REVENUE GROWTH DECELERATION",
      "detail": "YoY growth: +613.2% vs prior quarter YoY: +2674.3% (decel: -2061.1%)",
      "severity": "WARNING"
    },
    {
      "quarter": "2024-06 (Q2)",
      "signal": "FCF MARGIN EXPANSION",
      "detail": "FCF margin: -109.3% -> -43.8% (+65.5%)",
      "severity": "MEDIUM"
    },
    {
      "quarter": "2024-03 (Q1)",
      "signal": "FCF MARGIN EXPANSION",
      "detail": "FCF margin: -144.1% -> -109.3% (+34.8%)",
      "severity": "MEDIUM"
    },
    {
      "quarter": "2024-03 (Q1)",
      "signal": "OPERATING LEVERAGE",
      "detail": "Rev growth +39.7% vs OpEx growth +18.4% (leverage: 2.2x)",
      "severity": "MEDIUM"
    },
    {
      "quarter": "2023-12 (Q4)",
      "signal": "FCF MARGIN EXPANSION",
      "detail": "FCF margin: -545.0% -> -144.1% (+400.9%)",
      "severity": "MEDIUM"
    },
    {
      "quarter": "2023-12 (Q4)",
      "signal": "OPERATING LEVERAGE",
      "detail": "Rev growth +177.3% vs OpEx growth +3.9% (leverage: 45.1x)",
      "severity": "MEDIUM"
    },
    {
      "quarter": "2023-09 (Q3)",
      "signal": "FCF MARGIN EXPANSION",
      "detail": "FCF margin: -2140.6% -> -545.0% (+1595.6%)",
      "severity": "MEDIUM"
    }
  ],
  "data_quality": {
    "n_quarters": 20,
    "coverage": {
      "revenue": [
        20,
        20
      ],
      "gross_profit": [
        20,
        20
      ],
      "op_income": [
        19,
        20
      ],
      "fcf": [
        19,
        20
      ]
    },
    "gaps": [
      [
        "2021-12 (Q4)",
        "2022-06 (Q2)",
        181
      ]
    ],
    "warnings": [
      "gap: 1Q missing between 2021-12 (Q4) and 2022-06 (Q2)"
    ]
  },
  "market_cap": null,
  "source": "SEC EDGAR",
  "last_updated": "2026-02-02T21:34:56.461113",
  "sector": "Healthcare",
  "industry": "Drug Manufacturers - Specialty & Generic"
}