{
  "ticker": "AVGO",
  "name": "Broadcom Inc.",
  "quarters": [
    {
      "date": "2021-01-31T00:00:00",
      "quarter_label": "2021-01 (Q1)",
      "revenue": 6655000000,
      "gross_profit": 3952000000,
      "operating_income": 1837000000,
      "net_income": null,
      "opex": 2115000000,
      "cogs": 2703000000,
      "rd": 1211000000,
      "sga": 339000000,
      "fcf": 2999000000,
      "ocf": 3113000000,
      "capex": -114000000,
      "gross_margin": 0.593839218632607,
      "op_margin": 0.27603305785123966,
      "fcf_margin": 0.45063861758076634
    },
    {
      "date": "2021-05-02T00:00:00",
      "quarter_label": "2021-05 (Q2)",
      "revenue": 6610000000,
      "gross_profit": 4057000000,
      "operating_income": 1975000000,
      "net_income": null,
      "opex": 2082000000,
      "cogs": 2553000000,
      "rd": 1238000000,
      "sga": 325000000,
      "fcf": 3443000000,
      "ocf": 3569000000,
      "capex": -126000000,
      "gross_margin": 0.613767019667171,
      "op_margin": 0.2987897125567322,
      "fcf_margin": 0.5208774583963691,
      "fcf_margin_change": 0.07023884081560278
    },
    {
      "date": "2021-08-01T00:00:00",
      "quarter_label": "2021-08 (Q3)",
      "revenue": 6778000000,
      "gross_profit": 4197000000,
      "operating_income": 2126000000,
      "net_income": null,
      "opex": 2071000000,
      "cogs": 2581000000,
      "rd": 1205000000,
      "sga": 346000000,
      "fcf": 3426000000,
      "ocf": 3541000000,
      "capex": -115000000,
      "gross_margin": 0.6192092062555326,
      "op_margin": 0.31366184715255235,
      "fcf_margin": 0.5054588374151667,
      "op_leverage_ratio": Infinity,
      "fcf_margin_change": -0.015418620981202391
    },
    {
      "date": "2021-10-31T00:00:00",
      "quarter_label": "2021-10 (Q4)",
      "revenue": 7407000000,
      "gross_profit": 4638000000,
      "operating_income": 2581000000,
      "net_income": null,
      "opex": 2057000000,
      "cogs": 2769000000,
      "rd": 1200000000,
      "sga": 337000000,
      "fcf": 3453000000,
      "ocf": 3541000000,
      "capex": -88000000,
      "gross_margin": 0.6261644390441474,
      "op_margin": 0.34845416497907383,
      "fcf_margin": 0.46618063993519643,
      "op_leverage_ratio": Infinity,
      "fcf_margin_change": -0.0392781974799703
    },
    {
      "date": "2022-01-30T00:00:00",
      "quarter_label": "2022-01 (Q1)",
      "revenue": 7706000000,
      "gross_profit": 5049000000,
      "operating_income": 3108000000,
      "net_income": null,
      "opex": 1941000000,
      "cogs": 2657000000,
      "rd": 1206000000,
      "sga": 321000000,
      "fcf": 3385000000,
      "ocf": 3486000000,
      "capex": -101000000,
      "gross_margin": 0.6552037373475215,
      "op_margin": 0.40332208668569947,
      "fcf_margin": 0.43926810277705686,
      "incr_op_margin_yoy": 1.2093244529019982,
      "rev_growth_yoy": 0.15792637114951164,
      "op_leverage_ratio": Infinity,
      "fcf_margin_change": -0.02691253715813957
    },
    {
      "date": "2022-05-01T00:00:00",
      "quarter_label": "2022-05 (Q2)",
      "revenue": 8103000000,
      "gross_profit": 5439000000,
      "operating_income": 3394000000,
      "net_income": null,
      "opex": 2045000000,
      "cogs": 2664000000,
      "rd": 1261000000,
      "sga": 368000000,
      "fcf": 4158000000,
      "ocf": 4243000000,
      "capex": -85000000,
      "gross_margin": 0.6712328767123288,
      "op_margin": 0.41885721337776133,
      "fcf_margin": 0.513143280266568,
      "incr_op_margin_yoy": 0.9504353650368386,
      "rev_growth_yoy": 0.2258698940998487,
      "rev_growth_yoy_accel": 0.06794352295033707,
      "op_leverage_ratio": 0.9615097626225318,
      "fcf_margin_change": 0.07387517748951111
    },
    {
      "date": "2022-07-31T00:00:00",
      "quarter_label": "2022-07 (Q3)",
      "revenue": 8464000000,
      "gross_profit": 5681000000,
      "operating_income": 3737000000,
      "net_income": null,
      "opex": 1944000000,
      "cogs": 2783000000,
      "rd": 1255000000,
      "sga": 323000000,
      "fcf": 4308000000,
      "ocf": 4424000000,
      "capex": -116000000,
      "gross_margin": 0.6711956521739131,
      "op_margin": 0.4415170132325142,
      "fcf_margin": 0.5089792060491494,
      "incr_op_margin_yoy": 0.9555160142348754,
      "rev_growth_yoy": 0.24874594275597522,
      "rev_growth_yoy_accel": 0.022876048656126524,
      "op_leverage_ratio": Infinity,
      "fcf_margin_change": -0.004164074217418601
    },
    {
      "date": "2022-10-30T00:00:00",
      "quarter_label": "2022-10 (Q4)",
      "revenue": 8930000000,
      "gross_profit": 5926000000,
      "operating_income": 3986000000,
      "net_income": null,
      "opex": 1940000000,
      "cogs": 3004000000,
      "rd": 1197000000,
      "sga": 370000000,
      "fcf": 4461000000,
      "ocf": 4583000000,
      "capex": -122000000,
      "gross_margin": 0.6636058230683091,
      "op_margin": 0.4463605823068309,
      "fcf_margin": 0.49955207166853305,
      "incr_op_margin_yoy": 0.922521339461589,
      "rev_growth_yoy": 0.20561630889698934,
      "rev_growth_yoy_accel": -0.04312963385898588,
      "op_leverage_ratio": Infinity,
      "fcf_margin_change": -0.00942713438061632
    },
    {
      "date": "2023-01-29T00:00:00",
      "quarter_label": "2023-01 (Q1)",
      "revenue": 8915000000,
      "gross_profit": 6004000000,
      "operating_income": 4103000000,
      "net_income": null,
      "opex": 1901000000,
      "cogs": 2911000000,
      "rd": 1195000000,
      "sga": 348000000,
      "fcf": 3933000000,
      "ocf": 4036000000,
      "capex": -103000000,
      "gross_margin": 0.6734716769489624,
      "op_margin": 0.4602355580482333,
      "fcf_margin": 0.4411665731912507,
      "incr_op_margin_yoy": 0.8229942100909843,
      "rev_growth_yoy": 0.15689073449260316,
      "rev_growth_yoy_accel": -0.048725574404386185,
      "fcf_margin_change": -0.05838549847728236
    },
    {
      "date": "2023-04-30T00:00:00",
      "quarter_label": "2023-04 (Q2)",
      "revenue": 8733000000,
      "gross_profit": 6115000000,
      "operating_income": 4008000000,
      "net_income": null,
      "opex": 2107000000,
      "cogs": 2618000000,
      "rd": 1312000000,
      "sga": 438000000,
      "fcf": 4380000000,
      "ocf": 4502000000,
      "capex": -122000000,
      "gross_margin": 0.7002175655559373,
      "op_margin": 0.45894881484026107,
      "fcf_margin": 0.5015458605290278,
      "incr_op_margin_yoy": 0.9746031746031746,
      "rev_growth_yoy": 0.0777489818585709,
      "rev_growth_yoy_accel": -0.07914175263403225,
      "fcf_margin_change": 0.06037928733777714
    },
    {
      "date": "2023-07-30T00:00:00",
      "quarter_label": "2023-07 (Q3)",
      "revenue": 8876000000,
      "gross_profit": 6164000000,
      "operating_income": 3856000000,
      "net_income": null,
      "opex": 2308000000,
      "cogs": 2712000000,
      "rd": 1358000000,
      "sga": 388000000,
      "fcf": 4597000000,
      "ocf": 4719000000,
      "capex": -122000000,
      "gross_margin": 0.6944569625957638,
      "op_margin": 0.43442992338891395,
      "fcf_margin": 0.5179134745380802,
      "incr_op_margin_yoy": 0.28883495145631066,
      "rev_growth_yoy": 0.048676748582230624,
      "rev_growth_yoy_accel": -0.02907223327634028,
      "op_leverage_ratio": 0.17164891220070494,
      "fcf_margin_change": 0.0163676140090524
    },
    {
      "date": "2023-10-29T00:00:00",
      "quarter_label": "2023-10 (Q4)",
      "revenue": 9295000000,
      "gross_profit": 6407000000,
      "operating_income": 4240000000,
      "net_income": null,
      "opex": 2167000000,
      "cogs": 2888000000,
      "rd": 1388000000,
      "sga": 418000000,
      "fcf": 4723000000,
      "ocf": 4828000000,
      "capex": -105000000,
      "gross_margin": 0.6892953200645509,
      "op_margin": 0.4561592253899946,
      "fcf_margin": 0.508122646584185,
      "incr_op_margin_yoy": 0.6958904109589041,
      "rev_growth_yoy": 0.040873460246360585,
      "rev_growth_yoy_accel": -0.007803288335870039,
      "op_leverage_ratio": Infinity,
      "fcf_margin_change": -0.009790827953895187
    },
    {
      "date": "2024-02-04T00:00:00",
      "quarter_label": "2024-02 (Q1)",
      "revenue": 11961000000,
      "gross_profit": 7375000000,
      "operating_income": 2083000000,
      "net_income": null,
      "opex": 5292000000,
      "cogs": 4586000000,
      "rd": 2308000000,
      "sga": 1572000000,
      "fcf": 4693000000,
      "ocf": 4815000000,
      "capex": -122000000,
      "gross_margin": 0.6165872418694089,
      "op_margin": 0.17414931861884458,
      "fcf_margin": 0.39235849845330656,
      "incr_op_margin_yoy": -0.6631648063033486,
      "rev_growth_yoy": 0.34167134043746494,
      "rev_growth_yoy_accel": 0.30079788019110437,
      "op_leverage_ratio": 0.1988930650887574,
      "fcf_margin_change": -0.11576414813087849
    },
    {
      "date": "2024-05-05T00:00:00",
      "quarter_label": "2024-05 (Q2)",
      "revenue": 12487000000,
      "gross_profit": 7776000000,
      "operating_income": 2965000000,
      "net_income": null,
      "opex": 4811000000,
      "cogs": 4711000000,
      "rd": 2415000000,
      "sga": 1277000000,
      "fcf": 4448000000,
      "ocf": 4580000000,
      "capex": -132000000,
      "gross_margin": 0.6227276367422119,
      "op_margin": 0.23744694482261552,
      "fcf_margin": 0.3562104588772323,
      "incr_op_margin_yoy": -0.2778369738945125,
      "rev_growth_yoy": 0.4298637352570709,
      "rev_growth_yoy_accel": 0.08819239481960595,
      "op_leverage_ratio": Infinity,
      "fcf_margin_change": -0.036148039576074265
    },
    {
      "date": "2024-08-04T00:00:00",
      "quarter_label": "2024-08 (Q3)",
      "revenue": 13072000000,
      "gross_profit": 8356000000,
      "operating_income": 3788000000,
      "net_income": null,
      "opex": 4568000000,
      "cogs": 4716000000,
      "rd": 2353000000,
      "sga": 1100000000,
      "fcf": 4791000000,
      "ocf": 4963000000,
      "capex": -172000000,
      "gross_margin": 0.6392288861689106,
      "op_margin": 0.2897796817625459,
      "fcf_margin": 0.36650856793145653,
      "incr_op_margin_yoy": -0.016205910390848427,
      "rev_growth_yoy": 0.47273546642631814,
      "rev_growth_yoy_accel": 0.04287173116924725,
      "op_leverage_ratio": Infinity,
      "fcf_margin_change": 0.010298109054224236
    },
    {
      "date": "2024-11-03T00:00:00",
      "quarter_label": "2024-11 (Q4)",
      "revenue": 14054000000,
      "gross_profit": 9002000000,
      "operating_income": 4627000000,
      "net_income": null,
      "opex": 4375000000,
      "cogs": 5052000000,
      "rd": 2234000000,
      "sga": 1010000000,
      "fcf": 5482000000,
      "ocf": 5604000000,
      "capex": -122000000,
      "gross_margin": 0.6405293866514872,
      "op_margin": 0.3292301124235093,
      "fcf_margin": 0.39006688487263413,
      "incr_op_margin_yoy": 0.081319604959025,
      "rev_growth_yoy": 0.5119956966110812,
      "rev_growth_yoy_accel": 0.0392602301847631,
      "op_leverage_ratio": Infinity,
      "fcf_margin_change": 0.023558316941177604
    },
    {
      "date": "2025-02-02T00:00:00",
      "quarter_label": "2025-02 (Q1)",
      "revenue": 14916000000,
      "gross_profit": 10145000000,
      "operating_income": 6260000000,
      "net_income": null,
      "opex": 3885000000,
      "cogs": 4771000000,
      "rd": 2253000000,
      "sga": 949000000,
      "fcf": 6013000000,
      "ocf": 6113000000,
      "capex": -100000000,
      "gross_margin": 0.6801421292571735,
      "op_margin": 0.41968356127648165,
      "fcf_margin": 0.4031241619737195,
      "incr_op_margin_yoy": 1.4135363790186126,
      "rev_growth_yoy": 0.2470529219964886,
      "rev_growth_yoy_accel": -0.26494277461459265,
      "op_leverage_ratio": Infinity,
      "fcf_margin_change": 0.01305727710108534
    },
    {
      "date": "2025-05-04T00:00:00",
      "quarter_label": "2025-05 (Q2)",
      "revenue": 15004000000,
      "gross_profit": 10197000000,
      "operating_income": 5829000000,
      "net_income": null,
      "opex": 4368000000,
      "cogs": 4807000000,
      "rd": 2693000000,
      "sga": 1083000000,
      "fcf": 6411000000,
      "ocf": 6555000000,
      "capex": -144000000,
      "gross_margin": 0.6796187683284457,
      "op_margin": 0.3884964009597441,
      "fcf_margin": 0.42728605705145295,
      "incr_op_margin_yoy": 1.1378625347636075,
      "rev_growth_yoy": 0.20156963241771442,
      "rev_growth_yoy_accel": -0.04548328957877418,
      "fcf_margin_change": 0.024161895077733475
    },
    {
      "date": "2025-08-03T00:00:00",
      "quarter_label": "2025-08 (Q3)",
      "revenue": 15952000000,
      "gross_profit": 10703000000,
      "operating_income": 5887000000,
      "net_income": null,
      "opex": 4816000000,
      "cogs": 5249000000,
      "rd": 3050000000,
      "sga": 1072000000,
      "fcf": 7024000000,
      "ocf": 7166000000,
      "capex": -142000000,
      "gross_margin": 0.6709503510531595,
      "op_margin": 0.3690446339017051,
      "fcf_margin": 0.440320962888666,
      "incr_op_margin_yoy": 0.7288194444444445,
      "rev_growth_yoy": 0.22031823745410037,
      "rev_growth_yoy_accel": 0.01874860503638595,
      "op_leverage_ratio": 0.6160357238069849,
      "fcf_margin_change": 0.013034905837213062
    },
    {
      "date": "2025-11-02T00:00:00",
      "quarter_label": "2025-11 (Q4)",
      "revenue": 18015000000,
      "gross_profit": 12249000000,
      "operating_income": 7508000000,
      "net_income": null,
      "opex": 4741000000,
      "cogs": 5766000000,
      "rd": 2981000000,
      "sga": 1107000000,
      "fcf": 7466000000,
      "ocf": 7703000000,
      "capex": -237000000,
      "gross_margin": 0.6799333888426311,
      "op_margin": 0.4167638079378296,
      "fcf_margin": 0.4144324174299195,
      "incr_op_margin_yoy": 0.7273415804089877,
      "rev_growth_yoy": 0.28184146862103315,
      "rev_growth_yoy_accel": 0.061523231166932785,
      "op_leverage_ratio": Infinity,
      "fcf_margin_change": -0.025888545458746526
    }
  ],
  "signals": [
    {
      "quarter": "2025-11 (Q4)",
      "signal": "YoY REVENUE GROWTH ACCELERATION",
      "detail": "YoY growth: +28.2% vs prior quarter YoY: +22.0% (accel: +6.2%)",
      "severity": "MEDIUM"
    },
    {
      "quarter": "2025-11 (Q4)",
      "signal": "INCREMENTAL MARGIN (YoY)",
      "detail": "YoY Incr OPM: +72.7% vs year-ago OPM: +32.9%",
      "severity": "HIGH"
    },
    {
      "quarter": "2025-08 (Q3)",
      "signal": "INCREMENTAL MARGIN (YoY)",
      "detail": "YoY Incr OPM: +72.9% vs year-ago OPM: +29.0%",
      "severity": "HIGH"
    },
    {
      "quarter": "2025-05 (Q2)",
      "signal": "INCREMENTAL MARGIN (YoY)",
      "detail": "YoY Incr OPM: +113.8% vs year-ago OPM: +23.7%",
      "severity": "HIGH"
    },
    {
      "quarter": "2025-02 (Q1)",
      "signal": "YoY REVENUE GROWTH DECELERATION",
      "detail": "YoY growth: +24.7% vs prior quarter YoY: +51.2% (decel: -26.5%)",
      "severity": "WARNING"
    },
    {
      "quarter": "2025-02 (Q1)",
      "signal": "INCREMENTAL MARGIN (YoY)",
      "detail": "YoY Incr OPM: +141.4% vs year-ago OPM: +17.4%",
      "severity": "HIGH"
    },
    {
      "quarter": "2024-05 (Q2)",
      "signal": "YoY REVENUE GROWTH ACCELERATION",
      "detail": "YoY growth: +43.0% vs prior quarter YoY: +34.2% (accel: +8.8%)",
      "severity": "MEDIUM"
    },
    {
      "quarter": "2024-02 (Q1)",
      "signal": "YoY REVENUE GROWTH ACCELERATION",
      "detail": "YoY growth: +34.2% vs prior quarter YoY: +4.1% (accel: +30.1%)",
      "severity": "HIGH"
    },
    {
      "quarter": "2023-10 (Q4)",
      "signal": "INCREMENTAL MARGIN (YoY)",
      "detail": "YoY Incr OPM: +69.6% vs year-ago OPM: +44.6%",
      "severity": "HIGH"
    },
    {
      "quarter": "2023-04 (Q2)",
      "signal": "FCF MARGIN EXPANSION",
      "detail": "FCF margin: +44.1% -> +50.2% (+6.0%)",
      "severity": "MEDIUM"
    },
    {
      "quarter": "2023-04 (Q2)",
      "signal": "YoY REVENUE GROWTH DECELERATION",
      "detail": "YoY growth: +7.8% vs prior quarter YoY: +15.7% (decel: -7.9%)",
      "severity": "WARNING"
    },
    {
      "quarter": "2023-04 (Q2)",
      "signal": "INCREMENTAL MARGIN (YoY)",
      "detail": "YoY Incr OPM: +97.5% vs year-ago OPM: +41.9%",
      "severity": "HIGH"
    },
    {
      "quarter": "2023-01 (Q1)",
      "signal": "INCREMENTAL MARGIN (YoY)",
      "detail": "YoY Incr OPM: +82.3% vs year-ago OPM: +40.3%",
      "severity": "HIGH"
    },
    {
      "quarter": "2022-10 (Q4)",
      "signal": "INCREMENTAL MARGIN (YoY)",
      "detail": "YoY Incr OPM: +92.3% vs year-ago OPM: +34.8%",
      "severity": "HIGH"
    },
    {
      "quarter": "2022-07 (Q3)",
      "signal": "INCREMENTAL MARGIN (YoY)",
      "detail": "YoY Incr OPM: +95.6% vs year-ago OPM: +31.4%",
      "severity": "HIGH"
    },
    {
      "quarter": "2022-05 (Q2)",
      "signal": "FCF MARGIN EXPANSION",
      "detail": "FCF margin: +43.9% -> +51.3% (+7.4%)",
      "severity": "MEDIUM"
    },
    {
      "quarter": "2022-05 (Q2)",
      "signal": "YoY REVENUE GROWTH ACCELERATION",
      "detail": "YoY growth: +22.6% vs prior quarter YoY: +15.8% (accel: +6.8%)",
      "severity": "MEDIUM"
    },
    {
      "quarter": "2022-05 (Q2)",
      "signal": "INCREMENTAL MARGIN (YoY)",
      "detail": "YoY Incr OPM: +95.0% vs year-ago OPM: +29.9%",
      "severity": "HIGH"
    },
    {
      "quarter": "2022-01 (Q1)",
      "signal": "INCREMENTAL MARGIN (YoY)",
      "detail": "YoY Incr OPM: +120.9% vs year-ago OPM: +27.6%",
      "severity": "HIGH"
    },
    {
      "quarter": "2021-05 (Q2)",
      "signal": "FCF MARGIN EXPANSION",
      "detail": "FCF margin: +45.1% -> +52.1% (+7.0%)",
      "severity": "MEDIUM"
    }
  ],
  "data_quality": {
    "n_quarters": 20,
    "coverage": {
      "revenue": [
        20,
        20
      ],
      "gross_profit": [
        20,
        20
      ],
      "op_income": [
        20,
        20
      ],
      "fcf": [
        20,
        20
      ]
    },
    "gaps": [],
    "warnings": []
  },
  "market_cap": null,
  "source": "SEC EDGAR",
  "last_updated": "2026-02-02T19:46:02.105526",
  "sector": "Technology",
  "industry": "Semiconductors"
}