{
  "ticker": "AVNS",
  "name": "AVANOS MEDICAL, INC.",
  "quarters": [
    {
      "date": "2020-12-31T00:00:00",
      "quarter_label": "2020-12 (Q4)",
      "revenue": 185000000,
      "gross_profit": 88900000,
      "operating_income": -44800000,
      "net_income": -47200000,
      "opex": 133700000,
      "cogs": 96100000,
      "rd": 9600000,
      "sga": 82200000,
      "fcf": 1100000,
      "ocf": 1100000,
      "capex": null,
      "gross_margin": 0.4805405405405405,
      "op_margin": -0.24216216216216216,
      "fcf_margin": 0.005945945945945946
    },
    {
      "date": "2021-03-31T00:00:00",
      "quarter_label": "2021-03 (Q1)",
      "revenue": 180700000,
      "gross_profit": 91300000,
      "operating_income": -12400000,
      "net_income": -7600000,
      "opex": 103700000,
      "cogs": 89400000,
      "rd": 8300000,
      "sga": 73400000,
      "fcf": -3300000,
      "ocf": -3300000,
      "capex": null,
      "gross_margin": 0.5052573325954621,
      "op_margin": -0.06862202545655784,
      "fcf_margin": -0.018262313226342003,
      "fcf_margin_change": -0.02420825917228795
    },
    {
      "date": "2021-06-30T00:00:00",
      "quarter_label": "2021-06 (Q2)",
      "revenue": 186400000,
      "gross_profit": 85700000,
      "operating_income": -7300000,
      "net_income": 37900000,
      "opex": 93000000,
      "cogs": 100700000,
      "rd": 8000000,
      "sga": 76700000,
      "fcf": 15300000,
      "ocf": 15300000,
      "capex": null,
      "gross_margin": 0.45976394849785407,
      "op_margin": -0.039163090128755365,
      "fcf_margin": 0.08208154506437768,
      "op_leverage_ratio": Infinity,
      "fcf_margin_change": 0.10034385829071968
    },
    {
      "date": "2021-09-30T00:00:00",
      "quarter_label": "2021-09 (Q3)",
      "revenue": 184100000,
      "gross_profit": 90400000,
      "operating_income": 3600000,
      "net_income": -35100000,
      "opex": 86800000,
      "cogs": 93700000,
      "rd": 8400000,
      "sga": 75000000,
      "fcf": 23200000,
      "ocf": 23200000,
      "capex": null,
      "gross_margin": 0.49103747963063554,
      "op_margin": 0.01955458989679522,
      "fcf_margin": 0.12601846822379142,
      "fcf_margin_change": 0.04393692315941375
    },
    {
      "date": "2021-12-31T00:00:00",
      "quarter_label": "2021-12 (Q4)",
      "revenue": 193400000,
      "gross_profit": 96900000,
      "operating_income": 25000000,
      "net_income": 10000000,
      "opex": 71900000,
      "cogs": 96500000,
      "rd": 7600000,
      "sga": 75200000,
      "fcf": 52100000,
      "ocf": 52100000,
      "capex": null,
      "gross_margin": 0.5010341261633919,
      "op_margin": 0.12926577042399173,
      "fcf_margin": 0.2693898655635988,
      "incr_op_margin_yoy": 8.30952380952381,
      "rev_growth_yoy": 0.04540540540540541,
      "op_leverage_ratio": Infinity,
      "fcf_margin_change": 0.14337139733980736
    },
    {
      "date": "2022-03-31T00:00:00",
      "quarter_label": "2022-03 (Q1)",
      "revenue": 197400000,
      "gross_profit": 107200000,
      "operating_income": 9200000,
      "net_income": 5800000,
      "opex": 98000000,
      "cogs": 90200000,
      "rd": 7800000,
      "sga": 90100000,
      "fcf": 1800000,
      "ocf": 1800000,
      "capex": null,
      "gross_margin": 0.5430597771023303,
      "op_margin": 0.04660587639311044,
      "fcf_margin": 0.00911854103343465,
      "incr_op_margin_yoy": 1.2934131736526946,
      "rev_growth_yoy": 0.09241837299391256,
      "rev_growth_yoy_accel": 0.047012967588507155,
      "op_leverage_ratio": 0.056975993216766316,
      "fcf_margin_change": -0.26027132453016416
    },
    {
      "date": "2022-06-30T00:00:00",
      "quarter_label": "2022-06 (Q2)",
      "revenue": 203000000,
      "gross_profit": 114900000,
      "operating_income": 19000000,
      "net_income": 11400000,
      "opex": 95900000,
      "cogs": 88100000,
      "rd": 8000000,
      "sga": 87100000,
      "fcf": 27000000,
      "ocf": 27000000,
      "capex": null,
      "gross_margin": 0.5660098522167488,
      "op_margin": 0.09359605911330049,
      "fcf_margin": 0.1330049261083744,
      "incr_op_margin_yoy": 1.5843373493975903,
      "rev_growth_yoy": 0.0890557939914163,
      "rev_growth_yoy_accel": -0.0033625790024962576,
      "op_leverage_ratio": Infinity,
      "fcf_margin_change": 0.12388638507493974
    },
    {
      "date": "2022-09-30T00:00:00",
      "quarter_label": "2022-09 (Q3)",
      "revenue": 202100000,
      "gross_profit": 110100000,
      "operating_income": 18700000,
      "net_income": 15700000,
      "opex": 91400000,
      "cogs": 92000000,
      "rd": 7300000,
      "sga": 82100000,
      "fcf": 28400000,
      "ocf": 28400000,
      "capex": null,
      "gross_margin": 0.5447798119742702,
      "op_margin": 0.0925284512617516,
      "fcf_margin": 0.140524492825334,
      "incr_op_margin_yoy": 0.8388888888888889,
      "rev_growth_yoy": 0.0977729494839761,
      "rev_growth_yoy_accel": 0.008717155492559789,
      "fcf_margin_change": 0.007519566716959608
    },
    {
      "date": "2022-12-31T00:00:00",
      "quarter_label": "2022-12 (Q4)",
      "revenue": 217500000,
      "gross_profit": 116900000,
      "operating_income": 26200000,
      "net_income": 16900000,
      "opex": 90700000,
      "cogs": 100600000,
      "rd": 7500000,
      "sga": 82600000,
      "fcf": 33700000,
      "ocf": 33700000,
      "capex": null,
      "gross_margin": 0.5374712643678161,
      "op_margin": 0.12045977011494254,
      "fcf_margin": 0.1549425287356322,
      "incr_op_margin_yoy": 0.04979253112033195,
      "rev_growth_yoy": 0.12461220268872802,
      "rev_growth_yoy_accel": 0.02683925320475193,
      "op_leverage_ratio": Infinity,
      "fcf_margin_change": 0.014418035910298194
    },
    {
      "date": "2023-03-31T00:00:00",
      "quarter_label": "2023-03 (Q1)",
      "revenue": 191700000,
      "gross_profit": 104500000,
      "operating_income": 2600000,
      "net_income": -500000,
      "opex": 101900000,
      "cogs": 87200000,
      "rd": 7900000,
      "sga": 92700000,
      "fcf": -6800000,
      "ocf": -6800000,
      "capex": null,
      "gross_margin": 0.5451225873761085,
      "op_margin": 0.013562858633281168,
      "fcf_margin": -0.03547209181011998,
      "incr_op_margin_yoy": 1.1578947368421053,
      "rev_growth_yoy": -0.028875379939209727,
      "rev_growth_yoy_accel": -0.15348758262793774,
      "fcf_margin_change": -0.19041462054575217
    },
    {
      "date": "2023-06-30T00:00:00",
      "quarter_label": "2023-06 (Q2)",
      "revenue": 169400000,
      "gross_profit": 97800000,
      "operating_income": -2100000,
      "net_income": -68100000,
      "opex": 99900000,
      "cogs": 71600000,
      "rd": 6800000,
      "sga": 93000000,
      "fcf": -2600000,
      "ocf": -2600000,
      "capex": null,
      "gross_margin": 0.577331759149941,
      "op_margin": -0.012396694214876033,
      "fcf_margin": -0.015348288075560802,
      "incr_op_margin_yoy": 0.6279761904761905,
      "rev_growth_yoy": -0.16551724137931034,
      "rev_growth_yoy_accel": -0.13664186144010063,
      "fcf_margin_change": 0.02012380373455918
    },
    {
      "date": "2023-09-30T00:00:00",
      "quarter_label": "2023-09 (Q3)",
      "revenue": 171300000,
      "gross_profit": 95500000,
      "operating_income": 1200000,
      "net_income": -3700000,
      "opex": 94300000,
      "cogs": 75800000,
      "rd": 6100000,
      "sga": 78700000,
      "fcf": 29100000,
      "ocf": 29100000,
      "capex": null,
      "gross_margin": 0.5575014594279043,
      "op_margin": 0.0070052539404553416,
      "fcf_margin": 0.16987740805604204,
      "incr_op_margin_yoy": 0.5681818181818182,
      "rev_growth_yoy": -0.15239980207817913,
      "rev_growth_yoy_accel": 0.013117439301131212,
      "op_leverage_ratio": Infinity,
      "fcf_margin_change": 0.18522569613160283
    },
    {
      "date": "2023-12-31T00:00:00",
      "quarter_label": "2023-12 (Q4)",
      "revenue": 173300000,
      "gross_profit": 95000000,
      "operating_income": 11200000,
      "net_income": 10500000,
      "opex": 83800000,
      "cogs": 78300000,
      "rd": 6800000,
      "sga": 74500000,
      "fcf": 12700000,
      "ocf": 12700000,
      "capex": null,
      "gross_margin": 0.5481823427582228,
      "op_margin": 0.06462781304096941,
      "fcf_margin": 0.07328332371609925,
      "incr_op_margin_yoy": 0.3393665158371041,
      "rev_growth_yoy": -0.2032183908045977,
      "rev_growth_yoy_accel": -0.05081858872641856,
      "op_leverage_ratio": Infinity,
      "fcf_margin_change": -0.09659408433994279
    },
    {
      "date": "2024-03-31T00:00:00",
      "quarter_label": "2024-03 (Q1)",
      "revenue": 166100000,
      "gross_profit": 94800000,
      "operating_income": 4000000,
      "net_income": -900000,
      "opex": 90800000,
      "cogs": 71300000,
      "rd": 7000000,
      "sga": 83600000,
      "fcf": -8000000,
      "ocf": -8000000,
      "capex": null,
      "gross_margin": 0.5707405177603853,
      "op_margin": 0.024081878386514148,
      "fcf_margin": -0.048163756773028296,
      "incr_op_margin_yoy": -0.0546875,
      "rev_growth_yoy": -0.13354199269692227,
      "rev_growth_yoy_accel": 0.06967639810767542,
      "fcf_margin_change": -0.12144708048912754
    },
    {
      "date": "2024-06-30T00:00:00",
      "quarter_label": "2024-06 (Q2)",
      "revenue": 171700000,
      "gross_profit": 95600000,
      "operating_income": 6300000,
      "net_income": 1800000,
      "opex": 89300000,
      "cogs": 76100000,
      "rd": 6300000,
      "sga": 80900000,
      "fcf": 27800000,
      "ocf": 27800000,
      "capex": null,
      "gross_margin": 0.5567850902737332,
      "op_margin": 0.03669190448456611,
      "fcf_margin": 0.1619103086779266,
      "incr_op_margin_yoy": 3.652173913043478,
      "rev_growth_yoy": 0.01357733175914994,
      "rev_growth_yoy_accel": 0.1471193244560722,
      "op_leverage_ratio": Infinity,
      "fcf_margin_change": 0.21007406545095492
    },
    {
      "date": "2024-09-30T00:00:00",
      "quarter_label": "2024-09 (Q3)",
      "revenue": 170400000,
      "gross_profit": 92900000,
      "operating_income": 12000000,
      "net_income": 4300000,
      "opex": 80900000,
      "cogs": 77500000,
      "rd": 7200000,
      "sga": 74300000,
      "fcf": 23000000,
      "ocf": 23000000,
      "capex": null,
      "gross_margin": 0.54518779342723,
      "op_margin": 0.07042253521126761,
      "fcf_margin": 0.13497652582159625,
      "rev_growth_yoy": -0.005253940455341506,
      "rev_growth_yoy_accel": -0.01883127221449145,
      "fcf_margin_change": -0.026933782856330357
    },
    {
      "date": "2024-12-31T00:00:00",
      "quarter_label": "2024-12 (Q4)",
      "revenue": 179600000,
      "gross_profit": 98000000,
      "operating_income": -418500000,
      "net_income": -397300000,
      "opex": 516500000,
      "cogs": 81600000,
      "rd": 5700000,
      "sga": 79700000,
      "fcf": 57900000,
      "ocf": 57900000,
      "capex": null,
      "gross_margin": 0.5456570155902004,
      "op_margin": -2.3301781737193763,
      "fcf_margin": 0.32238307349665923,
      "incr_op_margin_yoy": -68.2063492063492,
      "rev_growth_yoy": 0.0363531448355453,
      "rev_growth_yoy_accel": 0.0416070852908868,
      "op_leverage_ratio": 0.010027181762136949,
      "fcf_margin_change": 0.18740654767506298
    },
    {
      "date": "2025-03-31T00:00:00",
      "quarter_label": "2025-03 (Q1)",
      "revenue": 167500000,
      "gross_profit": 89800000,
      "operating_income": 10300000,
      "net_income": 6600000,
      "opex": 79500000,
      "cogs": 77700000,
      "rd": 5400000,
      "sga": 75700000,
      "fcf": 25700000,
      "ocf": 25700000,
      "capex": null,
      "gross_margin": 0.5361194029850747,
      "op_margin": 0.061492537313432835,
      "fcf_margin": 0.15343283582089554,
      "incr_op_margin_yoy": 4.5,
      "rev_growth_yoy": 0.008428657435279952,
      "rev_growth_yoy_accel": -0.027924487400265346,
      "fcf_margin_change": -0.1689502376757637
    },
    {
      "date": "2025-06-30T00:00:00",
      "quarter_label": "2025-06 (Q2)",
      "revenue": 175000000,
      "gross_profit": 92100000,
      "operating_income": -74500000,
      "net_income": -76800000,
      "opex": 166600000,
      "cogs": 82900000,
      "rd": 5800000,
      "sga": 83500000,
      "fcf": 6800000,
      "ocf": 6800000,
      "capex": null,
      "gross_margin": 0.5262857142857142,
      "op_margin": -0.4257142857142857,
      "fcf_margin": 0.038857142857142854,
      "incr_op_margin_yoy": -24.484848484848484,
      "rev_growth_yoy": 0.0192195690157251,
      "rev_growth_yoy_accel": 0.010790911580445149,
      "op_leverage_ratio": 0.04086913309457306,
      "fcf_margin_change": -0.11457569296375268
    },
    {
      "date": "2025-09-30T00:00:00",
      "quarter_label": "2025-09 (Q3)",
      "revenue": 177800000,
      "gross_profit": 86000000,
      "operating_income": 100000,
      "net_income": -1400000,
      "opex": 85900000,
      "cogs": 91800000,
      "rd": 6000000,
      "sga": 77600000,
      "fcf": 14000000,
      "ocf": 14000000,
      "capex": null,
      "gross_margin": 0.48368953880764903,
      "op_margin": 0.0005624296962879641,
      "fcf_margin": 0.07874015748031496,
      "incr_op_margin_yoy": -1.6081081081081081,
      "rev_growth_yoy": 0.04342723004694836,
      "rev_growth_yoy_accel": 0.02420766103122326,
      "op_leverage_ratio": Infinity,
      "fcf_margin_change": 0.039883014623172106
    }
  ],
  "signals": [
    {
      "quarter": "2025-09 (Q3)",
      "signal": "OP MARGIN TURNED POSITIVE (QoQ)",
      "detail": "Op margin: -42.6% -> +0.1%",
      "severity": "HIGH"
    },
    {
      "quarter": "2025-03 (Q1)",
      "signal": "INCREMENTAL MARGIN (YoY)",
      "detail": "YoY Incr OPM: +450.0% vs year-ago OPM: +2.4%",
      "severity": "HIGH"
    },
    {
      "quarter": "2025-03 (Q1)",
      "signal": "OP MARGIN TURNED POSITIVE (QoQ)",
      "detail": "Op margin: -233.0% -> +6.1%",
      "severity": "HIGH"
    },
    {
      "quarter": "2024-12 (Q4)",
      "signal": "FCF MARGIN EXPANSION",
      "detail": "FCF margin: +13.5% -> +32.2% (+18.7%)",
      "severity": "MEDIUM"
    },
    {
      "quarter": "2024-06 (Q2)",
      "signal": "FCF TURNED POSITIVE",
      "detail": "FCF margin: -4.8% -> +16.2%",
      "severity": "HIGH"
    },
    {
      "quarter": "2024-06 (Q2)",
      "signal": "YoY REVENUE GROWTH ACCELERATION",
      "detail": "YoY growth: +1.4% vs prior quarter YoY: -13.4% (accel: +14.7%)",
      "severity": "MEDIUM"
    },
    {
      "quarter": "2024-06 (Q2)",
      "signal": "OP MARGIN TURNED POSITIVE (YoY)",
      "detail": "Op margin: -1.2% (year-ago) -> +3.7%",
      "severity": "HIGH"
    },
    {
      "quarter": "2024-03 (Q1)",
      "signal": "GROSS MARGIN INFLECTION",
      "detail": "GM: +55.8% -> +54.8% -> +57.1% (reversal +2.3%)",
      "severity": "MEDIUM"
    },
    {
      "quarter": "2024-03 (Q1)",
      "signal": "YoY REVENUE GROWTH ACCELERATION",
      "detail": "YoY growth: -13.4% vs prior quarter YoY: -20.3% (accel: +7.0%)",
      "severity": "MEDIUM"
    },
    {
      "quarter": "2023-12 (Q4)",
      "signal": "YoY REVENUE GROWTH DECELERATION",
      "detail": "YoY growth: -20.3% vs prior quarter YoY: -15.2% (decel: -5.1%)",
      "severity": "WARNING"
    },
    {
      "quarter": "2023-12 (Q4)",
      "signal": "INCREMENTAL MARGIN (YoY)",
      "detail": "YoY Incr OPM: +33.9% vs year-ago OPM: +12.0%",
      "severity": "HIGH"
    },
    {
      "quarter": "2023-09 (Q3)",
      "signal": "FCF TURNED POSITIVE",
      "detail": "FCF margin: -1.5% -> +17.0%",
      "severity": "HIGH"
    },
    {
      "quarter": "2023-09 (Q3)",
      "signal": "INCREMENTAL MARGIN (YoY)",
      "detail": "YoY Incr OPM: +56.8% vs year-ago OPM: +9.3%",
      "severity": "HIGH"
    },
    {
      "quarter": "2023-09 (Q3)",
      "signal": "OP MARGIN TURNED POSITIVE (QoQ)",
      "detail": "Op margin: -1.2% -> +0.7%",
      "severity": "HIGH"
    },
    {
      "quarter": "2023-06 (Q2)",
      "signal": "YoY REVENUE GROWTH DECELERATION",
      "detail": "YoY growth: -16.6% vs prior quarter YoY: -2.9% (decel: -13.7%)",
      "severity": "WARNING"
    },
    {
      "quarter": "2023-03 (Q1)",
      "signal": "YoY REVENUE GROWTH DECELERATION",
      "detail": "YoY growth: -2.9% vs prior quarter YoY: +12.5% (decel: -15.3%)",
      "severity": "WARNING"
    },
    {
      "quarter": "2023-03 (Q1)",
      "signal": "INCREMENTAL MARGIN (YoY)",
      "detail": "YoY Incr OPM: +115.8% vs year-ago OPM: +4.7%",
      "severity": "HIGH"
    },
    {
      "quarter": "2022-09 (Q3)",
      "signal": "INCREMENTAL MARGIN (YoY)",
      "detail": "YoY Incr OPM: +83.9% vs year-ago OPM: +2.0%",
      "severity": "HIGH"
    },
    {
      "quarter": "2022-06 (Q2)",
      "signal": "FCF MARGIN EXPANSION",
      "detail": "FCF margin: +0.9% -> +13.3% (+12.4%)",
      "severity": "MEDIUM"
    },
    {
      "quarter": "2022-06 (Q2)",
      "signal": "OP MARGIN TURNED POSITIVE (YoY)",
      "detail": "Op margin: -3.9% (year-ago) -> +9.4%",
      "severity": "HIGH"
    },
    {
      "quarter": "2022-03 (Q1)",
      "signal": "OP MARGIN TURNED POSITIVE (YoY)",
      "detail": "Op margin: -6.9% (year-ago) -> +4.7%",
      "severity": "HIGH"
    },
    {
      "quarter": "2021-12 (Q4)",
      "signal": "FCF MARGIN EXPANSION",
      "detail": "FCF margin: +12.6% -> +26.9% (+14.3%)",
      "severity": "MEDIUM"
    },
    {
      "quarter": "2021-12 (Q4)",
      "signal": "OP MARGIN TURNED POSITIVE (YoY)",
      "detail": "Op margin: -24.2% (year-ago) -> +12.9%",
      "severity": "HIGH"
    },
    {
      "quarter": "2021-09 (Q3)",
      "signal": "GROSS MARGIN INFLECTION",
      "detail": "GM: +50.5% -> +46.0% -> +49.1% (reversal +3.1%)",
      "severity": "MEDIUM"
    },
    {
      "quarter": "2021-09 (Q3)",
      "signal": "OP MARGIN TURNED POSITIVE (QoQ)",
      "detail": "Op margin: -3.9% -> +2.0%",
      "severity": "HIGH"
    },
    {
      "quarter": "2021-06 (Q2)",
      "signal": "FCF TURNED POSITIVE",
      "detail": "FCF margin: -1.8% -> +8.2%",
      "severity": "HIGH"
    }
  ],
  "data_quality": {
    "n_quarters": 20,
    "coverage": {
      "revenue": [
        20,
        20
      ],
      "gross_profit": [
        20,
        20
      ],
      "op_income": [
        20,
        20
      ],
      "fcf": [
        20,
        20
      ]
    },
    "gaps": [],
    "warnings": []
  },
  "market_cap": null,
  "source": "SEC EDGAR",
  "last_updated": "2026-02-02T22:18:21.323423",
  "sector": "Healthcare",
  "industry": "Medical Devices"
}