{
  "ticker": "AVNT",
  "name": "AVIENT CORPORATION",
  "quarters": [
    {
      "date": "2020-12-31T00:00:00",
      "quarter_label": "2020-12 (Q4)",
      "revenue": 997000000,
      "gross_profit": 252900000,
      "operating_income": 65000000,
      "net_income": 74300000,
      "opex": 187900000,
      "cogs": 744100000,
      "rd": null,
      "sga": 187900000,
      "fcf": 127800000,
      "ocf": 152900000,
      "capex": -25100000,
      "gross_margin": 0.25366098294884654,
      "op_margin": 0.06519558676028084,
      "fcf_margin": 0.12818455366098294
    },
    {
      "date": "2021-03-31T00:00:00",
      "quarter_label": "2021-03 (Q1)",
      "revenue": 1162300000,
      "gross_profit": 302400000,
      "operating_income": 120400000,
      "net_income": 79300000,
      "opex": 182000000,
      "cogs": 859900000,
      "rd": null,
      "sga": 182000000,
      "fcf": -12900000,
      "ocf": 3600000,
      "capex": -16500000,
      "gross_margin": 0.2601737933407898,
      "op_margin": 0.10358771401531447,
      "fcf_margin": -0.011098683644497977,
      "op_leverage_ratio": Infinity,
      "fcf_margin_change": -0.13928323730548092
    },
    {
      "date": "2021-06-30T00:00:00",
      "quarter_label": "2021-06 (Q2)",
      "revenue": 1235200000,
      "gross_profit": 288700000,
      "operating_income": 108100000,
      "net_income": 68800000,
      "opex": 180600000,
      "cogs": 946500000,
      "rd": null,
      "sga": 180600000,
      "fcf": 38900000,
      "ocf": 64500000,
      "capex": -25600000,
      "gross_margin": 0.23372733160621761,
      "op_margin": 0.08751619170984457,
      "fcf_margin": 0.031492875647668395,
      "op_leverage_ratio": Infinity,
      "fcf_margin_change": 0.042591559292166375
    },
    {
      "date": "2021-09-30T00:00:00",
      "quarter_label": "2021-09 (Q3)",
      "revenue": 1219800000,
      "gross_profit": 255400000,
      "operating_income": 78700000,
      "net_income": 52900000,
      "opex": 176700000,
      "cogs": 964400000,
      "rd": null,
      "sga": 176700000,
      "fcf": 21300000,
      "ocf": 41900000,
      "capex": -20600000,
      "gross_margin": 0.20937858665354978,
      "op_margin": 0.06451877356943761,
      "fcf_margin": 0.017461878996556813,
      "fcf_margin_change": -0.014030996651111582
    },
    {
      "date": "2021-12-31T00:00:00",
      "quarter_label": "2021-12 (Q4)",
      "revenue": 1201500000,
      "gross_profit": 253100000,
      "operating_income": 74000000,
      "net_income": 29800000,
      "opex": 179100000,
      "cogs": 948400000,
      "rd": null,
      "sga": 179100000,
      "fcf": 85900000,
      "ocf": 123800000,
      "capex": -37900000,
      "gross_margin": 0.2106533499791927,
      "op_margin": 0.06158967956720766,
      "fcf_margin": 0.07149396587598834,
      "incr_op_margin_yoy": 0.044009779951100246,
      "rev_growth_yoy": 0.20511534603811435,
      "fcf_margin_change": 0.054032086879431535
    },
    {
      "date": "2022-03-31T00:00:00",
      "quarter_label": "2022-03 (Q1)",
      "revenue": 1293800000,
      "gross_profit": 293700000,
      "operating_income": 128600000,
      "net_income": 84200000,
      "opex": 165100000,
      "cogs": 1000100000,
      "rd": null,
      "sga": 165100000,
      "fcf": 5600000,
      "ocf": 18900000,
      "capex": -13300000,
      "gross_margin": 0.2270057195857165,
      "op_margin": 0.09939712474880198,
      "fcf_margin": 0.004328335136806307,
      "incr_op_margin_yoy": 0.0623574144486692,
      "rev_growth_yoy": 0.11313774412802202,
      "rev_growth_yoy_accel": -0.09197760191009233,
      "op_leverage_ratio": Infinity,
      "fcf_margin_change": -0.06716563073918204
    },
    {
      "date": "2022-06-30T00:00:00",
      "quarter_label": "2022-06 (Q2)",
      "revenue": 1302400000,
      "gross_profit": 303800000,
      "operating_income": 129500000,
      "net_income": 84700000,
      "opex": 174300000,
      "cogs": 998600000,
      "rd": null,
      "sga": 174300000,
      "fcf": 67100000,
      "ocf": 87800000,
      "capex": -20700000,
      "gross_margin": 0.23326167076167076,
      "op_margin": 0.09943181818181818,
      "fcf_margin": 0.05152027027027027,
      "incr_op_margin_yoy": 0.31845238095238093,
      "rev_growth_yoy": 0.054404145077720206,
      "rev_growth_yoy_accel": -0.058733599050301816,
      "fcf_margin_change": 0.047191935133463966
    },
    {
      "date": "2022-09-30T00:00:00",
      "quarter_label": "2022-09 (Q3)",
      "revenue": 823300000,
      "gross_profit": 195400000,
      "operating_income": 40600000,
      "net_income": -10300000,
      "opex": 154800000,
      "cogs": 627900000,
      "rd": null,
      "sga": 154800000,
      "fcf": 96100000,
      "ocf": 117200000,
      "capex": -21100000,
      "gross_margin": 0.23733754403012267,
      "op_margin": 0.049313737398275236,
      "fcf_margin": 0.1167253734969027,
      "incr_op_margin_yoy": 0.09609079445145019,
      "rev_growth_yoy": -0.3250532874241679,
      "rev_growth_yoy_accel": -0.3794574325018881,
      "fcf_margin_change": 0.06520510322663244
    },
    {
      "date": "2022-12-31T00:00:00",
      "quarter_label": "2022-12 (Q4)",
      "revenue": 790400000,
      "gross_profit": 172000000,
      "operating_income": 400000,
      "net_income": 544500000,
      "opex": 171600000,
      "cogs": 618400000,
      "rd": null,
      "sga": 171600000,
      "fcf": 124100000,
      "ocf": 174500000,
      "capex": -50400000,
      "gross_margin": 0.21761133603238866,
      "op_margin": 0.0005060728744939271,
      "fcf_margin": 0.1570091093117409,
      "incr_op_margin_yoy": 0.1790318657261007,
      "rev_growth_yoy": -0.3421556387848523,
      "rev_growth_yoy_accel": -0.017102351360684387,
      "fcf_margin_change": 0.040283735814838184
    },
    {
      "date": "2023-03-31T00:00:00",
      "quarter_label": "2023-03 (Q1)",
      "revenue": 845700000,
      "gross_profit": 247600000,
      "operating_income": 57100000,
      "net_income": 19900000,
      "opex": 190500000,
      "cogs": 598100000,
      "rd": null,
      "sga": 190500000,
      "fcf": -42500000,
      "ocf": -22200000,
      "capex": -20300000,
      "gross_margin": 0.29277521579756416,
      "op_margin": 0.06751803239919593,
      "fcf_margin": -0.050254227267352486,
      "incr_op_margin_yoy": 0.1595625976344566,
      "rev_growth_yoy": -0.3463441026433761,
      "rev_growth_yoy_accel": -0.004188463858523839,
      "op_leverage_ratio": 0.6352339181286549,
      "fcf_margin_change": -0.20726333657909338
    },
    {
      "date": "2023-06-30T00:00:00",
      "quarter_label": "2023-06 (Q2)",
      "revenue": 824400000,
      "gross_profit": 240700000,
      "operating_income": 62300000,
      "net_income": 22100000,
      "opex": 178400000,
      "cogs": 583700000,
      "rd": null,
      "sga": 178400000,
      "fcf": -28100000,
      "ocf": -2500000,
      "capex": -25600000,
      "gross_margin": 0.29196991751576906,
      "op_margin": 0.07557011159631247,
      "fcf_margin": -0.03408539543910723,
      "incr_op_margin_yoy": 0.14058577405857742,
      "rev_growth_yoy": -0.367014742014742,
      "rev_growth_yoy_accel": -0.020670639371365873,
      "fcf_margin_change": 0.01616883182824526
    },
    {
      "date": "2023-09-30T00:00:00",
      "quarter_label": "2023-09 (Q3)",
      "revenue": 753700000,
      "gross_profit": 195300000,
      "operating_income": 34300000,
      "net_income": 5100000,
      "opex": 161000000,
      "cogs": 558400000,
      "rd": null,
      "sga": 161000000,
      "fcf": 42700000,
      "ocf": 71800000,
      "capex": -29100000,
      "gross_margin": 0.25912166644553536,
      "op_margin": 0.045508823139180046,
      "fcf_margin": 0.05665384105081597,
      "incr_op_margin_yoy": 0.09051724137931035,
      "rev_growth_yoy": -0.0845378355399004,
      "rev_growth_yoy_accel": 0.2824769064748416,
      "fcf_margin_change": 0.0907392364899232
    },
    {
      "date": "2023-12-31T00:00:00",
      "quarter_label": "2023-12 (Q4)",
      "revenue": 719000000,
      "gross_profit": 208900000,
      "operating_income": 43100000,
      "net_income": 28600000,
      "opex": 165800000,
      "cogs": 510100000,
      "rd": null,
      "sga": 165800000,
      "fcf": 110100000,
      "ocf": 154500000,
      "capex": -44400000,
      "gross_margin": 0.29054242002781644,
      "op_margin": 0.05994436717663421,
      "fcf_margin": 0.15312934631432545,
      "incr_op_margin_yoy": -0.5980392156862745,
      "rev_growth_yoy": -0.09033400809716599,
      "rev_growth_yoy_accel": -0.005796172557265597,
      "fcf_margin_change": 0.09647550526350948
    },
    {
      "date": "2024-03-31T00:00:00",
      "quarter_label": "2024-03 (Q1)",
      "revenue": 829000000,
      "gross_profit": 278200000,
      "operating_income": 94000000,
      "net_income": 49400000,
      "opex": 184200000,
      "cogs": 550800000,
      "rd": null,
      "sga": 184200000,
      "fcf": -67200000,
      "ocf": -42800000,
      "capex": -24400000,
      "gross_margin": 0.3355850422195416,
      "op_margin": 0.11338962605548854,
      "fcf_margin": -0.08106151990349819,
      "incr_op_margin_yoy": -2.2095808383233533,
      "rev_growth_yoy": -0.019746955185053802,
      "rev_growth_yoy_accel": 0.07058705291211219,
      "op_leverage_ratio": 1.3785753159581544,
      "fcf_margin_change": -0.23419086621782365
    },
    {
      "date": "2024-06-30T00:00:00",
      "quarter_label": "2024-06 (Q2)",
      "revenue": 849700000,
      "gross_profit": 257600000,
      "operating_income": 72500000,
      "net_income": 33600000,
      "opex": 185100000,
      "cogs": 592100000,
      "rd": null,
      "sga": 185100000,
      "fcf": 74500000,
      "ocf": 105900000,
      "capex": -31400000,
      "gross_margin": 0.30316582323172886,
      "op_margin": 0.08532423208191127,
      "fcf_margin": 0.08767800400141226,
      "incr_op_margin_yoy": 0.4031620553359684,
      "rev_growth_yoy": 0.0306889859291606,
      "rev_growth_yoy_accel": 0.0504359411142144,
      "op_leverage_ratio": 5.110494571773221,
      "fcf_margin_change": 0.16873952390491045
    },
    {
      "date": "2024-09-30T00:00:00",
      "quarter_label": "2024-09 (Q3)",
      "revenue": 815200000,
      "gross_profit": 261400000,
      "operating_income": 77200000,
      "net_income": 38200000,
      "opex": 184200000,
      "cogs": 553800000,
      "rd": null,
      "sga": 184200000,
      "fcf": 46100000,
      "ocf": 71100000,
      "capex": -25000000,
      "gross_margin": 0.320657507360157,
      "op_margin": 0.09470068694798822,
      "fcf_margin": 0.05655053974484789,
      "incr_op_margin_yoy": 0.697560975609756,
      "rev_growth_yoy": 0.08159745256733449,
      "rev_growth_yoy_accel": 0.05090846663817389,
      "fcf_margin_change": -0.031127464256564374
    },
    {
      "date": "2024-12-31T00:00:00",
      "quarter_label": "2024-12 (Q4)",
      "revenue": 746500000,
      "gross_profit": 259500000,
      "operating_income": 85600000,
      "net_income": 48300000,
      "opex": 173900000,
      "cogs": 487000000,
      "rd": null,
      "sga": 173900000,
      "fcf": 81500000,
      "ocf": 122600000,
      "capex": -41100000,
      "gross_margin": 0.347622237106497,
      "op_margin": 0.11466845277963832,
      "fcf_margin": 0.10917615539182854,
      "incr_op_margin_yoy": 1.5454545454545454,
      "rev_growth_yoy": 0.03824756606397774,
      "rev_growth_yoy_accel": -0.04334988650335674,
      "fcf_margin_change": 0.05262561564698065
    },
    {
      "date": "2025-03-31T00:00:00",
      "quarter_label": "2025-03 (Q1)",
      "revenue": 826600000,
      "gross_profit": 263200000,
      "operating_income": 700000,
      "net_income": -20200000,
      "opex": 262500000,
      "cogs": 563400000,
      "rd": null,
      "sga": 262500000,
      "fcf": -63600000,
      "ocf": -51100000,
      "capex": -12500000,
      "gross_margin": 0.3184127752238084,
      "op_margin": 0.0008468424872973627,
      "fcf_margin": -0.07694168884587467,
      "incr_op_margin_yoy": 38.875,
      "rev_growth_yoy": -0.0028950542822677927,
      "rev_growth_yoy_accel": -0.04114262034624554,
      "op_leverage_ratio": 0.2106049449727018,
      "fcf_margin_change": -0.18611784423770322
    },
    {
      "date": "2025-06-30T00:00:00",
      "quarter_label": "2025-06 (Q2)",
      "revenue": 866500000,
      "gross_profit": 277900000,
      "operating_income": 96100000,
      "net_income": 52600000,
      "opex": 181800000,
      "cogs": 588600000,
      "rd": null,
      "sga": 181800000,
      "fcf": 85800000,
      "ocf": 112800000,
      "capex": -27000000,
      "gross_margin": 0.32071552221581073,
      "op_margin": 0.11090594345066358,
      "fcf_margin": 0.09901904212348528,
      "incr_op_margin_yoy": 1.4047619047619047,
      "rev_growth_yoy": 0.019771684123808402,
      "rev_growth_yoy_accel": 0.022666738406076196,
      "op_leverage_ratio": Infinity,
      "fcf_margin_change": 0.17596073096935994
    },
    {
      "date": "2025-09-30T00:00:00",
      "quarter_label": "2025-09 (Q3)",
      "revenue": 806500000,
      "gross_profit": 244900000,
      "operating_income": 67100000,
      "net_income": 32600000,
      "opex": 177800000,
      "cogs": 561600000,
      "rd": null,
      "sga": 177800000,
      "fcf": 47400000,
      "ocf": 72100000,
      "capex": -24700000,
      "gross_margin": 0.303657780533168,
      "op_margin": 0.08319900805951642,
      "fcf_margin": 0.058772473651580906,
      "incr_op_margin_yoy": 1.160919540229885,
      "rev_growth_yoy": -0.010672227674190383,
      "rev_growth_yoy_accel": -0.030443911797998786,
      "fcf_margin_change": -0.04024656847190437
    }
  ],
  "signals": [
    {
      "quarter": "2025-09 (Q3)",
      "signal": "INCREMENTAL MARGIN (YoY)",
      "detail": "YoY Incr OPM: +116.1% vs year-ago OPM: +9.5%",
      "severity": "HIGH"
    },
    {
      "quarter": "2025-06 (Q2)",
      "signal": "FCF TURNED POSITIVE",
      "detail": "FCF margin: -7.7% -> +9.9%",
      "severity": "HIGH"
    },
    {
      "quarter": "2025-06 (Q2)",
      "signal": "INCREMENTAL MARGIN (YoY)",
      "detail": "YoY Incr OPM: +140.5% vs year-ago OPM: +8.5%",
      "severity": "HIGH"
    },
    {
      "quarter": "2025-03 (Q1)",
      "signal": "INCREMENTAL MARGIN (YoY)",
      "detail": "YoY Incr OPM: +3887.5% vs year-ago OPM: +11.3%",
      "severity": "HIGH"
    },
    {
      "quarter": "2024-12 (Q4)",
      "signal": "FCF MARGIN EXPANSION",
      "detail": "FCF margin: +5.7% -> +10.9% (+5.3%)",
      "severity": "MEDIUM"
    },
    {
      "quarter": "2024-12 (Q4)",
      "signal": "INCREMENTAL MARGIN (YoY)",
      "detail": "YoY Incr OPM: +154.5% vs year-ago OPM: +6.0%",
      "severity": "HIGH"
    },
    {
      "quarter": "2024-09 (Q3)",
      "signal": "YoY REVENUE GROWTH ACCELERATION",
      "detail": "YoY growth: +8.2% vs prior quarter YoY: +3.1% (accel: +5.1%)",
      "severity": "MEDIUM"
    },
    {
      "quarter": "2024-09 (Q3)",
      "signal": "INCREMENTAL MARGIN (YoY)",
      "detail": "YoY Incr OPM: +69.8% vs year-ago OPM: +4.6%",
      "severity": "HIGH"
    },
    {
      "quarter": "2024-06 (Q2)",
      "signal": "FCF TURNED POSITIVE",
      "detail": "FCF margin: -8.1% -> +8.8%",
      "severity": "HIGH"
    },
    {
      "quarter": "2024-06 (Q2)",
      "signal": "OPERATING LEVERAGE",
      "detail": "Rev growth +2.5% vs OpEx growth +0.5% (leverage: 5.1x)",
      "severity": "MEDIUM"
    },
    {
      "quarter": "2024-06 (Q2)",
      "signal": "YoY REVENUE GROWTH ACCELERATION",
      "detail": "YoY growth: +3.1% vs prior quarter YoY: -2.0% (accel: +5.0%)",
      "severity": "MEDIUM"
    },
    {
      "quarter": "2024-06 (Q2)",
      "signal": "INCREMENTAL MARGIN (YoY)",
      "detail": "YoY Incr OPM: +40.3% vs year-ago OPM: +7.6%",
      "severity": "HIGH"
    },
    {
      "quarter": "2024-03 (Q1)",
      "signal": "YoY REVENUE GROWTH ACCELERATION",
      "detail": "YoY growth: -2.0% vs prior quarter YoY: -9.0% (accel: +7.1%)",
      "severity": "MEDIUM"
    },
    {
      "quarter": "2023-12 (Q4)",
      "signal": "FCF MARGIN EXPANSION",
      "detail": "FCF margin: +5.7% -> +15.3% (+9.6%)",
      "severity": "MEDIUM"
    },
    {
      "quarter": "2023-12 (Q4)",
      "signal": "GROSS MARGIN INFLECTION",
      "detail": "GM: +29.2% -> +25.9% -> +29.1% (reversal +3.1%)",
      "severity": "MEDIUM"
    },
    {
      "quarter": "2023-09 (Q3)",
      "signal": "FCF TURNED POSITIVE",
      "detail": "FCF margin: -3.4% -> +5.7%",
      "severity": "HIGH"
    },
    {
      "quarter": "2023-09 (Q3)",
      "signal": "YoY REVENUE GROWTH ACCELERATION",
      "detail": "YoY growth: -8.5% vs prior quarter YoY: -36.7% (accel: +28.2%)",
      "severity": "HIGH"
    },
    {
      "quarter": "2023-03 (Q1)",
      "signal": "GROSS MARGIN INFLECTION",
      "detail": "GM: +23.7% -> +21.8% -> +29.3% (reversal +7.5%)",
      "severity": "HIGH"
    },
    {
      "quarter": "2022-12 (Q4)",
      "signal": "INCREMENTAL MARGIN (YoY)",
      "detail": "YoY Incr OPM: +17.9% vs year-ago OPM: +6.2%",
      "severity": "MEDIUM"
    },
    {
      "quarter": "2022-09 (Q3)",
      "signal": "FCF MARGIN EXPANSION",
      "detail": "FCF margin: +5.2% -> +11.7% (+6.5%)",
      "severity": "MEDIUM"
    },
    {
      "quarter": "2022-09 (Q3)",
      "signal": "YoY REVENUE GROWTH DECELERATION",
      "detail": "YoY growth: -32.5% vs prior quarter YoY: +5.4% (decel: -37.9%)",
      "severity": "WARNING"
    },
    {
      "quarter": "2022-06 (Q2)",
      "signal": "YoY REVENUE GROWTH DECELERATION",
      "detail": "YoY growth: +5.4% vs prior quarter YoY: +11.3% (decel: -5.9%)",
      "severity": "WARNING"
    },
    {
      "quarter": "2022-06 (Q2)",
      "signal": "INCREMENTAL MARGIN (YoY)",
      "detail": "YoY Incr OPM: +31.8% vs year-ago OPM: +8.8%",
      "severity": "HIGH"
    },
    {
      "quarter": "2022-03 (Q1)",
      "signal": "YoY REVENUE GROWTH DECELERATION",
      "detail": "YoY growth: +11.3% vs prior quarter YoY: +20.5% (decel: -9.2%)",
      "severity": "WARNING"
    },
    {
      "quarter": "2021-12 (Q4)",
      "signal": "FCF MARGIN EXPANSION",
      "detail": "FCF margin: +1.7% -> +7.1% (+5.4%)",
      "severity": "MEDIUM"
    },
    {
      "quarter": "2021-06 (Q2)",
      "signal": "FCF TURNED POSITIVE",
      "detail": "FCF margin: -1.1% -> +3.1%",
      "severity": "HIGH"
    }
  ],
  "data_quality": {
    "n_quarters": 20,
    "coverage": {
      "revenue": [
        20,
        20
      ],
      "gross_profit": [
        20,
        20
      ],
      "op_income": [
        20,
        20
      ],
      "fcf": [
        20,
        20
      ]
    },
    "gaps": [],
    "warnings": []
  },
  "market_cap": null,
  "source": "SEC EDGAR",
  "last_updated": "2026-02-02T21:18:56.020810"
}