{
  "ticker": "AVNW",
  "name": "AVIAT NETWORKS, INC.",
  "quarters": [
    {
      "date": "2021-04-02T00:00:00",
      "quarter_label": "2021-04 (Q2)",
      "revenue": 66404000,
      "gross_profit": 25578000,
      "operating_income": 4035000,
      "net_income": 94731000,
      "opex": 21543000,
      "cogs": 40826000,
      "rd": 5275000,
      "sga": 15106000,
      "fcf": 2944000,
      "ocf": 3967000,
      "capex": -1023000,
      "gross_margin": 0.3851876392988374,
      "op_margin": 0.06076441178242275,
      "fcf_margin": 0.04433467863381724
    },
    {
      "date": "2021-07-02T00:00:00",
      "quarter_label": "2021-07 (Q3)",
      "revenue": 71686000,
      "gross_profit": 25879000,
      "operating_income": 3732000,
      "net_income": 2831000,
      "opex": 22147000,
      "cogs": 45807000,
      "rd": 6269000,
      "sga": 14769000,
      "fcf": 2663000,
      "ocf": 3111000,
      "capex": -448000,
      "gross_margin": 0.3610049382027174,
      "op_margin": 0.05206037441062411,
      "fcf_margin": 0.03714811818207181,
      "op_leverage_ratio": 2.8370918671220235,
      "fcf_margin_change": -0.007186560451745427
    },
    {
      "date": "2021-10-01T00:00:00",
      "quarter_label": "2021-10 (Q4)",
      "revenue": 73158000,
      "gross_profit": 26081000,
      "operating_income": 6814000,
      "net_income": 4682000,
      "opex": 19267000,
      "cogs": 47077000,
      "rd": 5910000,
      "sga": 12698000,
      "fcf": 333000,
      "ocf": 682000,
      "capex": -349000,
      "gross_margin": 0.3565023647447989,
      "op_margin": 0.09314087317859975,
      "fcf_margin": 0.004551792011810055,
      "op_leverage_ratio": null,
      "fcf_margin_change": -0.03259632617026176
    },
    {
      "date": "2021-12-31T00:00:00",
      "quarter_label": "2021-12 (Q4)",
      "revenue": 77864000,
      "gross_profit": 28156000,
      "operating_income": 9208000,
      "net_income": 5916000,
      "opex": 18948000,
      "cogs": 49708000,
      "rd": 6169000,
      "sga": 13739000,
      "fcf": -3294000,
      "ocf": -2845000,
      "capex": -449000,
      "gross_margin": 0.36160484948114663,
      "op_margin": 0.11825747457104695,
      "fcf_margin": -0.04230453097708826,
      "op_leverage_ratio": null,
      "fcf_margin_change": -0.046856322988898316
    },
    {
      "date": "2022-04-01T00:00:00",
      "quarter_label": "2022-04 (Q2)",
      "revenue": 74516000,
      "gross_profit": 27536000,
      "operating_income": 7482000,
      "net_income": 6029000,
      "opex": 20054000,
      "cogs": 46980000,
      "rd": 5259000,
      "sga": 14867000,
      "fcf": -8855000,
      "ocf": -8625000,
      "capex": -230000,
      "gross_margin": 0.36953137581190615,
      "op_margin": 0.10040796607440013,
      "fcf_margin": -0.11883353910569543,
      "incr_op_margin_yoy": 0.4249260355029586,
      "rev_growth_yoy": 0.12216131558339859,
      "fcf_margin_change": -0.07652900812860716
    },
    {
      "date": "2022-07-01T00:00:00",
      "quarter_label": "2022-07 (Q3)",
      "revenue": 77421000,
      "gross_profit": 27462000,
      "operating_income": 5241000,
      "net_income": 4533000,
      "opex": 22221000,
      "cogs": 49959000,
      "rd": 5258000,
      "sga": 16352000,
      "fcf": 12813000,
      "ocf": 13577000,
      "capex": -764000,
      "gross_margin": 0.3547099624132987,
      "op_margin": 0.06769481148525594,
      "fcf_margin": 0.16549773317317007,
      "incr_op_margin_yoy": 0.26312118570183085,
      "rev_growth_yoy": 0.08000167396702285,
      "rev_growth_yoy_accel": -0.04215964161637574,
      "op_leverage_ratio": 0.36077688291991467,
      "fcf_margin_change": 0.2843312722788655
    },
    {
      "date": "2022-09-30T00:00:00",
      "quarter_label": "2022-09 (Q3)",
      "revenue": 81251000,
      "gross_profit": 29454000,
      "operating_income": 3913000,
      "net_income": -2746000,
      "opex": 25541000,
      "cogs": 51797000,
      "rd": 6087000,
      "sga": 17504000,
      "fcf": -6788000,
      "ocf": -6314000,
      "capex": -474000,
      "gross_margin": 0.3625063076146755,
      "op_margin": 0.048159407268833616,
      "fcf_margin": -0.08354358715585039,
      "incr_op_margin_yoy": -0.3584579266032374,
      "rev_growth_yoy": 0.11062358183657289,
      "rev_growth_yoy_accel": 0.030621907869550047,
      "op_leverage_ratio": 0.33110482772723004,
      "fcf_margin_change": -0.24904132032902046
    },
    {
      "date": "2022-12-30T00:00:00",
      "quarter_label": "2022-12 (Q4)",
      "revenue": 90683000,
      "gross_profit": 32220000,
      "operating_income": 8678000,
      "net_income": 6046000,
      "opex": 23542000,
      "cogs": 58463000,
      "rd": 6047000,
      "sga": 16567000,
      "fcf": -2243000,
      "ocf": -2045000,
      "capex": -198000,
      "gross_margin": 0.35530364015306065,
      "op_margin": 0.09569599594190753,
      "fcf_margin": -0.024734514738153787,
      "incr_op_margin_yoy": -0.041344878695686094,
      "rev_growth_yoy": 0.16463320661666495,
      "rev_growth_yoy_accel": 0.05400962478009205,
      "op_leverage_ratio": null,
      "fcf_margin_change": 0.0588090724176966
    },
    {
      "date": "2023-03-31T00:00:00",
      "quarter_label": "2023-03 (Q1)",
      "revenue": 83480000,
      "gross_profit": 29833000,
      "operating_income": 7496000,
      "net_income": 4889000,
      "opex": 22337000,
      "cogs": 53647000,
      "rd": 6518000,
      "sga": 15842000,
      "fcf": -5029000,
      "ocf": -646000,
      "capex": -4383000,
      "gross_margin": 0.3573670340201246,
      "op_margin": 0.08979396262577863,
      "fcf_margin": -0.06024197412553905,
      "incr_op_margin_yoy": 0.0015618027666220438,
      "rev_growth_yoy": 0.12029631220140641,
      "rev_growth_yoy_accel": -0.04433689441525854,
      "fcf_margin_change": -0.03550745938738526
    },
    {
      "date": "2023-06-30T00:00:00",
      "quarter_label": "2023-06 (Q2)",
      "revenue": 91179000,
      "gross_profit": 32664000,
      "operating_income": 6322000,
      "net_income": 3339000,
      "opex": 26342000,
      "cogs": 58515000,
      "rd": 6256000,
      "sga": 19929000,
      "fcf": 7081000,
      "ocf": 7361000,
      "capex": -280000,
      "gross_margin": 0.3582403842990162,
      "op_margin": 0.06933614099737878,
      "fcf_margin": 0.07766042619462815,
      "incr_op_margin_yoy": 0.07857246692833261,
      "rev_growth_yoy": 0.17770372379586935,
      "rev_growth_yoy_accel": 0.05740741159446294,
      "op_leverage_ratio": 0.5143683087802919,
      "fcf_margin_change": 0.1379024003201672
    },
    {
      "date": "2023-09-29T00:00:00",
      "quarter_label": "2023-09 (Q3)",
      "revenue": 87566000,
      "gross_profit": 31852000,
      "operating_income": 5547000,
      "net_income": 4005000,
      "opex": 26305000,
      "cogs": 55714000,
      "rd": 6424000,
      "sga": 19237000,
      "fcf": 13263000,
      "ocf": 13980000,
      "capex": -717000,
      "gross_margin": 0.3637484868556289,
      "op_margin": 0.06334650435100382,
      "fcf_margin": 0.1514628965580248,
      "incr_op_margin_yoy": 0.2587490102929533,
      "rev_growth_yoy": 0.07772212034313424,
      "rev_growth_yoy_accel": -0.09998160345273512,
      "fcf_margin_change": 0.07380247036339666
    },
    {
      "date": "2023-12-29T00:00:00",
      "quarter_label": "2023-12 (Q4)",
      "revenue": 95036000,
      "gross_profit": 36830000,
      "operating_income": 4994000,
      "net_income": 2890000,
      "opex": 31836000,
      "cogs": 58206000,
      "rd": 8394000,
      "sga": 21442000,
      "fcf": -7723000,
      "ocf": -7071000,
      "capex": -652000,
      "gross_margin": 0.3875373542657519,
      "op_margin": 0.0525485079338356,
      "fcf_margin": -0.0812639420851046,
      "incr_op_margin_yoy": -0.8463128876636802,
      "rev_growth_yoy": 0.0480023819238446,
      "rev_growth_yoy_accel": -0.029719738419289633,
      "op_leverage_ratio": 0.4057137604971161,
      "fcf_margin_change": -0.2327268386431294
    },
    {
      "date": "2024-03-29T00:00:00",
      "quarter_label": "2024-03 (Q1)",
      "revenue": 111613000,
      "gross_profit": 36534000,
      "operating_income": 5028000,
      "net_income": 3418000,
      "opex": 31506000,
      "cogs": 75079000,
      "rd": 10623000,
      "sga": 21300000,
      "fcf": 14823000,
      "ocf": 15320000,
      "capex": -497000,
      "gross_margin": 0.3273274618548019,
      "op_margin": 0.045048515853887985,
      "fcf_margin": 0.13280711028285236,
      "incr_op_margin_yoy": -0.08772615789286603,
      "rev_growth_yoy": 0.3370028749401054,
      "rev_growth_yoy_accel": 0.2890004930162608,
      "op_leverage_ratio": null,
      "fcf_margin_change": 0.21407105236795695
    },
    {
      "date": "2024-06-28T00:00:00",
      "quarter_label": "2024-06 (Q2)",
      "revenue": 113868000,
      "gross_profit": 39516000,
      "operating_income": 3832000,
      "net_income": 447000,
      "opex": 35684000,
      "cogs": 74352000,
      "rd": 10985000,
      "sga": 23059000,
      "fcf": 7502000,
      "ocf": 8311000,
      "capex": -809000,
      "gross_margin": 0.3470334071029613,
      "op_margin": 0.03365300172129132,
      "fcf_margin": 0.0658833034741982,
      "incr_op_margin_yoy": -0.10974481026047865,
      "rev_growth_yoy": 0.24884019346560063,
      "rev_growth_yoy_accel": -0.08816268147450476,
      "op_leverage_ratio": 0.1523549600842654,
      "fcf_margin_change": -0.06692380680865416
    },
    {
      "date": "2024-09-27T00:00:00",
      "quarter_label": "2024-09 (Q3)",
      "revenue": 88429000,
      "gross_profit": 19788000,
      "operating_income": -15568000,
      "net_income": -11879000,
      "opex": 35356000,
      "cogs": 68641000,
      "rd": 10408000,
      "sga": 24948000,
      "fcf": -32586000,
      "ocf": -27165000,
      "capex": -5421000,
      "gross_margin": 0.22377274423548835,
      "op_margin": -0.17605084304922594,
      "fcf_margin": -0.36849902181411076,
      "rev_growth_yoy": 0.009855423337825183,
      "rev_growth_yoy_accel": -0.23898477012777544,
      "fcf_margin_change": -0.43438232528830895
    },
    {
      "date": "2024-12-27T00:00:00",
      "quarter_label": "2024-12 (Q4)",
      "revenue": 118197000,
      "gross_profit": 40886000,
      "operating_income": 7970000,
      "net_income": 4495000,
      "opex": 32916000,
      "cogs": 77311000,
      "rd": 10222000,
      "sga": 21279000,
      "fcf": 18264000,
      "ocf": 20751000,
      "capex": -2487000,
      "gross_margin": 0.34591402489064865,
      "op_margin": 0.06742979940269211,
      "fcf_margin": 0.15452168836772506,
      "incr_op_margin_yoy": 0.1284918613185959,
      "rev_growth_yoy": 0.2437076476282672,
      "rev_growth_yoy_accel": 0.233852224290442,
      "op_leverage_ratio": null,
      "fcf_margin_change": 0.5230207101818358
    },
    {
      "date": "2025-03-28T00:00:00",
      "quarter_label": "2025-03 (Q1)",
      "revenue": 112640000,
      "gross_profit": 39296000,
      "operating_income": 9294000,
      "net_income": 3528000,
      "opex": 30002000,
      "cogs": 73344000,
      "rd": 7704000,
      "sga": 22121000,
      "fcf": -1171000,
      "ocf": 1624000,
      "capex": -2795000,
      "gross_margin": 0.3488636363636364,
      "op_margin": 0.0825106534090909,
      "fcf_margin": -0.010395951704545454,
      "incr_op_margin_yoy": 4.153846153846154,
      "rev_growth_yoy": 0.009201437108580542,
      "rev_growth_yoy_accel": -0.23450621051968665,
      "fcf_margin_change": -0.16491764007227053
    },
    {
      "date": "2025-06-27T00:00:00",
      "quarter_label": "2025-06 (Q2)",
      "revenue": 115340000,
      "gross_profit": 39466000,
      "operating_income": 8879000,
      "net_income": 5197000,
      "opex": 30587000,
      "cogs": 75874000,
      "rd": 7434000,
      "sga": 21134000,
      "fcf": 8244000,
      "ocf": 10511000,
      "capex": -2267000,
      "gross_margin": 0.3421709727761401,
      "op_margin": 0.07698109935841858,
      "fcf_margin": 0.07147563724640194,
      "incr_op_margin_yoy": 3.4286684782608696,
      "rev_growth_yoy": 0.012927249095443847,
      "rev_growth_yoy_accel": 0.0037258119868633054,
      "op_leverage_ratio": 1.22932145979021,
      "fcf_margin_change": 0.08187158895094739
    },
    {
      "date": "2025-09-26T00:00:00",
      "quarter_label": "2025-09 (Q3)",
      "revenue": 107320000,
      "gross_profit": 35663000,
      "operating_income": 5189000,
      "net_income": 162000,
      "opex": 30474000,
      "cogs": 71657000,
      "rd": 7098000,
      "sga": 23376000,
      "fcf": -13469000,
      "ocf": -11742000,
      "capex": -1727000,
      "gross_margin": 0.3323052553112188,
      "op_margin": 0.04835072679836004,
      "fcf_margin": -0.1255031680954156,
      "incr_op_margin_yoy": 1.098777195489916,
      "rev_growth_yoy": 0.21362901310656007,
      "rev_growth_yoy_accel": 0.20070176401111622,
      "fcf_margin_change": -0.19697880534181753
    },
    {
      "date": "2025-12-26T00:00:00",
      "quarter_label": "2025-12 (Q4)",
      "revenue": 111472000,
      "gross_profit": 36101000,
      "operating_income": 7287000,
      "net_income": 5718000,
      "opex": 28814000,
      "cogs": 75371000,
      "rd": 6409000,
      "sga": 22384000,
      "fcf": 22476000,
      "ocf": 23917000,
      "capex": -1441000,
      "gross_margin": 0.32385711209989954,
      "op_margin": 0.06537067604420842,
      "fcf_margin": 0.20162910865508826,
      "incr_op_margin_yoy": 0.10156133828996282,
      "rev_growth_yoy": -0.056896537137152384,
      "rev_growth_yoy_accel": -0.27052555024371244,
      "op_leverage_ratio": null,
      "fcf_margin_change": 0.3271322767505038
    }
  ],
  "signals": [
    {
      "quarter": "2025-12 (Q4)",
      "signal": "FCF TURNED POSITIVE",
      "detail": "FCF margin: -12.6% -> +20.2%",
      "severity": "HIGH"
    },
    {
      "quarter": "2025-12 (Q4)",
      "signal": "YoY REVENUE GROWTH DECELERATION",
      "detail": "YoY growth: -5.7% vs prior quarter YoY: +21.4% (decel: -27.1%)",
      "severity": "WARNING"
    },
    {
      "quarter": "2025-09 (Q3)",
      "signal": "YoY REVENUE GROWTH ACCELERATION",
      "detail": "YoY growth: +21.4% vs prior quarter YoY: +1.3% (accel: +20.1%)",
      "severity": "HIGH"
    },
    {
      "quarter": "2025-09 (Q3)",
      "signal": "OP MARGIN TURNED POSITIVE (YoY)",
      "detail": "Op margin: -17.6% (year-ago) -> +4.8%",
      "severity": "HIGH"
    },
    {
      "quarter": "2025-06 (Q2)",
      "signal": "FCF TURNED POSITIVE",
      "detail": "FCF margin: -1.0% -> +7.1%",
      "severity": "HIGH"
    },
    {
      "quarter": "2025-06 (Q2)",
      "signal": "INCREMENTAL MARGIN (YoY)",
      "detail": "YoY Incr OPM: +342.9% vs year-ago OPM: +3.4%",
      "severity": "HIGH"
    },
    {
      "quarter": "2025-03 (Q1)",
      "signal": "YoY REVENUE GROWTH DECELERATION",
      "detail": "YoY growth: +0.9% vs prior quarter YoY: +24.4% (decel: -23.5%)",
      "severity": "WARNING"
    },
    {
      "quarter": "2025-03 (Q1)",
      "signal": "INCREMENTAL MARGIN (YoY)",
      "detail": "YoY Incr OPM: +415.4% vs year-ago OPM: +4.5%",
      "severity": "HIGH"
    },
    {
      "quarter": "2024-12 (Q4)",
      "signal": "FCF TURNED POSITIVE",
      "detail": "FCF margin: -36.8% -> +15.5%",
      "severity": "HIGH"
    },
    {
      "quarter": "2024-12 (Q4)",
      "signal": "GROSS MARGIN INFLECTION",
      "detail": "GM: +34.7% -> +22.4% -> +34.6% (reversal +12.2%)",
      "severity": "HIGH"
    },
    {
      "quarter": "2024-12 (Q4)",
      "signal": "YoY REVENUE GROWTH ACCELERATION",
      "detail": "YoY growth: +24.4% vs prior quarter YoY: +1.0% (accel: +23.4%)",
      "severity": "HIGH"
    },
    {
      "quarter": "2024-12 (Q4)",
      "signal": "OP MARGIN TURNED POSITIVE (QoQ)",
      "detail": "Op margin: -17.6% -> +6.7%",
      "severity": "HIGH"
    },
    {
      "quarter": "2024-09 (Q3)",
      "signal": "YoY REVENUE GROWTH DECELERATION",
      "detail": "YoY growth: +1.0% vs prior quarter YoY: +24.9% (decel: -23.9%)",
      "severity": "WARNING"
    },
    {
      "quarter": "2024-06 (Q2)",
      "signal": "YoY REVENUE GROWTH DECELERATION",
      "detail": "YoY growth: +24.9% vs prior quarter YoY: +33.7% (decel: -8.8%)",
      "severity": "WARNING"
    },
    {
      "quarter": "2024-03 (Q1)",
      "signal": "FCF TURNED POSITIVE",
      "detail": "FCF margin: -8.1% -> +13.3%",
      "severity": "HIGH"
    },
    {
      "quarter": "2024-03 (Q1)",
      "signal": "YoY REVENUE GROWTH ACCELERATION",
      "detail": "YoY growth: +33.7% vs prior quarter YoY: +4.8% (accel: +28.9%)",
      "severity": "HIGH"
    },
    {
      "quarter": "2023-09 (Q3)",
      "signal": "FCF MARGIN EXPANSION",
      "detail": "FCF margin: +7.8% -> +15.1% (+7.4%)",
      "severity": "MEDIUM"
    },
    {
      "quarter": "2023-09 (Q3)",
      "signal": "YoY REVENUE GROWTH DECELERATION",
      "detail": "YoY growth: +7.8% vs prior quarter YoY: +17.8% (decel: -10.0%)",
      "severity": "WARNING"
    },
    {
      "quarter": "2023-09 (Q3)",
      "signal": "INCREMENTAL MARGIN (YoY)",
      "detail": "YoY Incr OPM: +25.9% vs year-ago OPM: +4.8%",
      "severity": "HIGH"
    },
    {
      "quarter": "2023-06 (Q2)",
      "signal": "FCF TURNED POSITIVE",
      "detail": "FCF margin: -6.0% -> +7.8%",
      "severity": "HIGH"
    },
    {
      "quarter": "2023-06 (Q2)",
      "signal": "YoY REVENUE GROWTH ACCELERATION",
      "detail": "YoY growth: +17.8% vs prior quarter YoY: +12.0% (accel: +5.7%)",
      "severity": "MEDIUM"
    },
    {
      "quarter": "2022-12 (Q4)",
      "signal": "FCF MARGIN EXPANSION",
      "detail": "FCF margin: -8.4% -> -2.5% (+5.9%)",
      "severity": "MEDIUM"
    },
    {
      "quarter": "2022-12 (Q4)",
      "signal": "YoY REVENUE GROWTH ACCELERATION",
      "detail": "YoY growth: +16.5% vs prior quarter YoY: +11.1% (accel: +5.4%)",
      "severity": "MEDIUM"
    },
    {
      "quarter": "2022-07 (Q3)",
      "signal": "FCF TURNED POSITIVE",
      "detail": "FCF margin: -11.9% -> +16.5%",
      "severity": "HIGH"
    },
    {
      "quarter": "2022-07 (Q3)",
      "signal": "INCREMENTAL MARGIN (YoY)",
      "detail": "YoY Incr OPM: +26.3% vs year-ago OPM: +5.2%",
      "severity": "HIGH"
    },
    {
      "quarter": "2022-04 (Q2)",
      "signal": "INCREMENTAL MARGIN (YoY)",
      "detail": "YoY Incr OPM: +42.5% vs year-ago OPM: +6.1%",
      "severity": "HIGH"
    },
    {
      "quarter": "2021-07 (Q3)",
      "signal": "OPERATING LEVERAGE",
      "detail": "Rev growth +8.0% vs OpEx growth +2.8% (leverage: 2.8x)",
      "severity": "MEDIUM"
    }
  ],
  "data_quality": {
    "n_quarters": 20,
    "coverage": {
      "revenue": [
        20,
        20
      ],
      "gross_profit": [
        20,
        20
      ],
      "op_income": [
        20,
        20
      ],
      "fcf": [
        20,
        20
      ]
    },
    "gaps": [],
    "warnings": []
  },
  "market_cap": null,
  "source": "SEC EDGAR",
  "last_updated": "2026-02-04T13:45:56.748325"
}