{
  "ticker": "AVO",
  "name": "MISSION PRODUCE, INC.",
  "quarters": [
    {
      "date": "2021-01-31T00:00:00",
      "quarter_label": "2021-01 (Q1)",
      "revenue": 173200000,
      "gross_profit": 22700000,
      "operating_income": 8100000,
      "net_income": 2200000,
      "opex": 14600000,
      "cogs": 150500000,
      "rd": null,
      "sga": 14600000,
      "fcf": -32100000,
      "ocf": -9700000,
      "capex": -22400000,
      "gross_margin": 0.13106235565819863,
      "op_margin": 0.04676674364896074,
      "fcf_margin": -0.18533487297921478
    },
    {
      "date": "2021-04-30T00:00:00",
      "quarter_label": "2021-04 (Q2)",
      "revenue": 234700000,
      "gross_profit": 27100000,
      "operating_income": 10800000,
      "net_income": 7400000,
      "opex": 16300000,
      "cogs": 207600000,
      "rd": null,
      "sga": 16300000,
      "fcf": -34900000,
      "ocf": -10500000,
      "capex": -24400000,
      "gross_margin": 0.11546655304644227,
      "op_margin": 0.04601619088197699,
      "fcf_margin": -0.14870046868342565,
      "op_leverage_ratio": 3.049517728569488,
      "fcf_margin_change": 0.036634404295789125
    },
    {
      "date": "2021-07-31T00:00:00",
      "quarter_label": "2021-07 (Q3)",
      "revenue": 246800000,
      "gross_profit": 40900000,
      "operating_income": 23700000,
      "net_income": 18400000,
      "opex": 17200000,
      "cogs": 205900000,
      "rd": null,
      "sga": 17200000,
      "fcf": 20900000,
      "ocf": 35400000,
      "capex": -14500000,
      "gross_margin": 0.16572123176661263,
      "op_margin": 0.0960291734197731,
      "fcf_margin": 0.0846839546191248,
      "op_leverage_ratio": 0.9337215357666998,
      "fcf_margin_change": 0.23338442330255044
    },
    {
      "date": "2021-10-31T00:00:00",
      "quarter_label": "2021-10 (Q4)",
      "revenue": 237000000,
      "gross_profit": 33800000,
      "operating_income": 18300000,
      "net_income": 16900000,
      "opex": 15500000,
      "cogs": 203200000,
      "rd": null,
      "sga": 15500000,
      "fcf": 19700000,
      "ocf": 31800000,
      "capex": -12100000,
      "gross_margin": 0.14261603375527426,
      "op_margin": 0.07721518987341772,
      "fcf_margin": 0.08312236286919832,
      "fcf_margin_change": -0.001561591749926483
    },
    {
      "date": "2022-01-31T00:00:00",
      "quarter_label": "2022-01 (Q1)",
      "revenue": 216600000,
      "gross_profit": 500000,
      "operating_income": -18200000,
      "net_income": -13400000,
      "opex": 18700000,
      "cogs": 216100000,
      "rd": null,
      "sga": 18700000,
      "fcf": -62300000,
      "ocf": -41400000,
      "capex": -20900000,
      "gross_margin": 0.0023084025854108957,
      "op_margin": -0.0840258541089566,
      "fcf_margin": -0.2876269621421976,
      "incr_op_margin_yoy": -0.6059907834101382,
      "rev_growth_yoy": 0.25057736720554274,
      "fcf_margin_change": -0.3707493250113959
    },
    {
      "date": "2022-04-30T00:00:00",
      "quarter_label": "2022-04 (Q2)",
      "revenue": 278100000,
      "gross_profit": 19800000,
      "operating_income": 1100000,
      "net_income": 2400000,
      "opex": 18700000,
      "cogs": 258300000,
      "rd": null,
      "sga": 18700000,
      "fcf": -3800000,
      "ocf": 4400000,
      "capex": -8200000,
      "gross_margin": 0.07119741100323625,
      "op_margin": 0.003955411722402014,
      "fcf_margin": -0.013664149586479683,
      "incr_op_margin_yoy": -0.22350230414746544,
      "rev_growth_yoy": 0.18491691521090753,
      "rev_growth_yoy_accel": -0.06566045199463522,
      "op_leverage_ratio": Infinity,
      "fcf_margin_change": 0.2739628125557179
    },
    {
      "date": "2022-07-31T00:00:00",
      "quarter_label": "2022-07 (Q3)",
      "revenue": 313200000,
      "gross_profit": 42600000,
      "operating_income": 22000000,
      "net_income": 18400000,
      "opex": 20600000,
      "cogs": 270600000,
      "rd": null,
      "sga": 20600000,
      "fcf": 21100000,
      "ocf": 34000000,
      "capex": -12900000,
      "gross_margin": 0.1360153256704981,
      "op_margin": 0.070242656449553,
      "fcf_margin": 0.06736909323116219,
      "incr_op_margin_yoy": -0.025602409638554216,
      "rev_growth_yoy": 0.26904376012965964,
      "rev_growth_yoy_accel": 0.08412684491875211,
      "op_leverage_ratio": 1.242207460398569,
      "fcf_margin_change": 0.08103324281764188
    },
    {
      "date": "2022-10-31T00:00:00",
      "quarter_label": "2022-10 (Q4)",
      "revenue": 238000000,
      "gross_profit": 26900000,
      "operating_income": -42100000,
      "net_income": -42000000,
      "opex": 69000000,
      "cogs": 211100000,
      "rd": null,
      "sga": 19500000,
      "fcf": 19000000,
      "ocf": 38200000,
      "capex": -19200000,
      "gross_margin": 0.11302521008403361,
      "op_margin": -0.17689075630252102,
      "fcf_margin": 0.07983193277310924,
      "rev_growth_yoy": 0.004219409282700422,
      "rev_growth_yoy_accel": -0.2648243508469592,
      "fcf_margin_change": 0.012462839541947046
    },
    {
      "date": "2023-01-31T00:00:00",
      "quarter_label": "2023-01 (Q1)",
      "revenue": 213500000,
      "gross_profit": 9000000,
      "operating_income": -10100000,
      "net_income": -8800000,
      "opex": 19100000,
      "cogs": 204500000,
      "rd": null,
      "sga": 19100000,
      "fcf": -18900000,
      "ocf": -1300000,
      "capex": -17600000,
      "gross_margin": 0.04215456674473068,
      "op_margin": -0.047306791569086654,
      "fcf_margin": -0.08852459016393442,
      "incr_op_margin_yoy": -2.6129032258064515,
      "rev_growth_yoy": -0.014312096029547553,
      "rev_growth_yoy_accel": -0.018531505312247974,
      "fcf_margin_change": -0.16835652293704367
    },
    {
      "date": "2023-04-30T00:00:00",
      "quarter_label": "2023-04 (Q2)",
      "revenue": 221100000,
      "gross_profit": 18100000,
      "operating_income": -1200000,
      "net_income": -4600000,
      "opex": 19300000,
      "cogs": 203000000,
      "rd": null,
      "sga": 19300000,
      "fcf": -42100000,
      "ocf": -24800000,
      "capex": -17300000,
      "gross_margin": 0.08186341022161918,
      "op_margin": -0.005427408412483039,
      "fcf_margin": -0.19041157847127996,
      "incr_op_margin_yoy": 0.04035087719298246,
      "rev_growth_yoy": -0.20496224379719524,
      "rev_growth_yoy_accel": -0.1906501477676477,
      "op_leverage_ratio": 3.3995316159250586,
      "fcf_margin_change": -0.10188698830734554
    },
    {
      "date": "2023-07-31T00:00:00",
      "quarter_label": "2023-07 (Q3)",
      "revenue": 261400000,
      "gross_profit": 28400000,
      "operating_income": 11000000,
      "net_income": 6600000,
      "opex": 17400000,
      "cogs": 233000000,
      "rd": null,
      "sga": 17400000,
      "fcf": 6700000,
      "ocf": 18800000,
      "capex": -12100000,
      "gross_margin": 0.10864575363427698,
      "op_margin": 0.042081101759755164,
      "fcf_margin": 0.025631216526396328,
      "incr_op_margin_yoy": 0.21235521235521235,
      "rev_growth_yoy": -0.16538952745849297,
      "rev_growth_yoy_accel": 0.03957271633870227,
      "op_leverage_ratio": Infinity,
      "fcf_margin_change": 0.21604279499767629
    },
    {
      "date": "2023-10-31T00:00:00",
      "quarter_label": "2023-10 (Q4)",
      "revenue": 257900000,
      "gross_profit": 27800000,
      "operating_income": 7200000,
      "net_income": 4000000,
      "opex": 20600000,
      "cogs": 230100000,
      "rd": null,
      "sga": 20600000,
      "fcf": 33700000,
      "ocf": 36500000,
      "capex": -2800000,
      "gross_margin": 0.10779371849554091,
      "op_margin": 0.02791779759596743,
      "fcf_margin": 0.13067080263668088,
      "incr_op_margin_yoy": 2.477386934673367,
      "rev_growth_yoy": 0.08361344537815125,
      "rev_growth_yoy_accel": 0.24900297283664424,
      "fcf_margin_change": 0.10503958611028455
    },
    {
      "date": "2024-01-31T00:00:00",
      "quarter_label": "2024-01 (Q1)",
      "revenue": 258700000,
      "gross_profit": 28700000,
      "operating_income": 8000000,
      "net_income": 0,
      "opex": 20700000,
      "cogs": 230000000,
      "rd": null,
      "sga": 20700000,
      "fcf": -400000,
      "ocf": 9500000,
      "capex": -9900000,
      "gross_margin": 0.11093931194433707,
      "op_margin": 0.030923850019327407,
      "fcf_margin": -0.0015461925009663702,
      "incr_op_margin_yoy": 0.4004424778761062,
      "rev_growth_yoy": 0.2117096018735363,
      "rev_growth_yoy_accel": 0.12809615649538503,
      "fcf_margin_change": -0.13221699513764726
    },
    {
      "date": "2024-04-30T00:00:00",
      "quarter_label": "2024-04 (Q2)",
      "revenue": 297600000,
      "gross_profit": 31000000,
      "operating_income": 12300000,
      "net_income": 7000000,
      "opex": 18700000,
      "cogs": 266600000,
      "rd": null,
      "sga": 18700000,
      "fcf": -4400000,
      "ocf": 3400000,
      "capex": -7800000,
      "gross_margin": 0.10416666666666667,
      "op_margin": 0.04133064516129032,
      "fcf_margin": -0.01478494623655914,
      "incr_op_margin_yoy": 0.17647058823529413,
      "rev_growth_yoy": 0.34599728629579374,
      "rev_growth_yoy_accel": 0.13428768442225744,
      "op_leverage_ratio": Infinity,
      "fcf_margin_change": -0.01323875373559277
    },
    {
      "date": "2024-07-31T00:00:00",
      "quarter_label": "2024-07 (Q3)",
      "revenue": 324000000,
      "gross_profit": 37000000,
      "operating_income": 16800000,
      "net_income": 12400000,
      "opex": 20200000,
      "cogs": 287000000,
      "rd": null,
      "sga": 20200000,
      "fcf": 34900000,
      "ocf": 42500000,
      "capex": -7600000,
      "gross_margin": 0.11419753086419752,
      "op_margin": 0.05185185185185185,
      "fcf_margin": 0.10771604938271605,
      "incr_op_margin_yoy": 0.0926517571884984,
      "rev_growth_yoy": 0.2394797245600612,
      "rev_growth_yoy_accel": -0.10651756173573254,
      "op_leverage_ratio": 1.1059139784946237,
      "fcf_margin_change": 0.12250099561927519
    },
    {
      "date": "2024-10-31T00:00:00",
      "quarter_label": "2024-10 (Q4)",
      "revenue": 354400000,
      "gross_profit": 55800000,
      "operating_income": 28600000,
      "net_income": 17300000,
      "opex": 27200000,
      "cogs": 298600000,
      "rd": null,
      "sga": 27200000,
      "fcf": 31100000,
      "ocf": 38000000,
      "capex": -6900000,
      "gross_margin": 0.1574492099322799,
      "op_margin": 0.0806997742663657,
      "fcf_margin": 0.08775395033860045,
      "incr_op_margin_yoy": 0.22176165803108808,
      "rev_growth_yoy": 0.3741760372237301,
      "rev_growth_yoy_accel": 0.1346963126636689,
      "op_leverage_ratio": 0.2707583774250441,
      "fcf_margin_change": -0.019962099044115597
    },
    {
      "date": "2025-01-31T00:00:00",
      "quarter_label": "2025-01 (Q1)",
      "revenue": 334200000,
      "gross_profit": 31500000,
      "operating_income": 9300000,
      "net_income": 3900000,
      "opex": 22200000,
      "cogs": 302700000,
      "rd": null,
      "sga": 22200000,
      "fcf": -16000000,
      "ocf": -1200000,
      "capex": -14800000,
      "gross_margin": 0.09425493716337523,
      "op_margin": 0.027827648114901255,
      "fcf_margin": -0.047875523638539794,
      "incr_op_margin_yoy": 0.017218543046357615,
      "rev_growth_yoy": 0.29184383455740237,
      "rev_growth_yoy_accel": -0.08233220266632774,
      "fcf_margin_change": -0.13562947397714026
    },
    {
      "date": "2025-04-30T00:00:00",
      "quarter_label": "2025-04 (Q2)",
      "revenue": 380300000,
      "gross_profit": 28400000,
      "operating_income": 6900000,
      "net_income": 3100000,
      "opex": 21500000,
      "cogs": 351900000,
      "rd": null,
      "sga": 21500000,
      "fcf": -25000000,
      "ocf": -11800000,
      "capex": -13200000,
      "gross_margin": 0.07467788587956876,
      "op_margin": 0.018143570865106495,
      "fcf_margin": -0.06573757559821194,
      "incr_op_margin_yoy": -0.06529625151148731,
      "rev_growth_yoy": 0.27788978494623656,
      "rev_growth_yoy_accel": -0.013954049611165809,
      "op_leverage_ratio": Infinity,
      "fcf_margin_change": -0.01786205195967215
    },
    {
      "date": "2025-07-31T00:00:00",
      "quarter_label": "2025-07 (Q3)",
      "revenue": 357700000,
      "gross_profit": 45100000,
      "operating_income": 21000000,
      "net_income": 14700000,
      "opex": 24100000,
      "cogs": 312600000,
      "rd": null,
      "sga": 24100000,
      "fcf": 22600000,
      "ocf": 34400000,
      "capex": -11800000,
      "gross_margin": 0.1260833100363433,
      "op_margin": 0.05870841487279843,
      "fcf_margin": 0.06318143695834498,
      "incr_op_margin_yoy": 0.12462908011869436,
      "rev_growth_yoy": 0.10401234567901235,
      "rev_growth_yoy_accel": -0.1738774392672242,
      "fcf_margin_change": 0.1289190125565569
    },
    {
      "date": "2025-10-31T00:00:00",
      "quarter_label": "2025-10 (Q4)",
      "revenue": 319000000,
      "gross_profit": 55700000,
      "operating_income": 28000000,
      "net_income": 16000000,
      "opex": 27700000,
      "cogs": 263300000,
      "rd": null,
      "sga": 27700000,
      "fcf": 55600000,
      "ocf": 67200000,
      "capex": -11600000,
      "gross_margin": 0.17460815047021944,
      "op_margin": 0.0877742946708464,
      "fcf_margin": 0.174294670846395,
      "incr_op_margin_yoy": 0.01694915254237288,
      "rev_growth_yoy": -0.09988713318284424,
      "rev_growth_yoy_accel": -0.2038994788618566,
      "fcf_margin_change": 0.11111323388805001
    }
  ],
  "signals": [
    {
      "quarter": "2025-10 (Q4)",
      "signal": "FCF MARGIN EXPANSION",
      "detail": "FCF margin: +6.3% -> +17.4% (+11.1%)",
      "severity": "MEDIUM"
    },
    {
      "quarter": "2025-10 (Q4)",
      "signal": "YoY REVENUE GROWTH DECELERATION",
      "detail": "YoY growth: -10.0% vs prior quarter YoY: +10.4% (decel: -20.4%)",
      "severity": "WARNING"
    },
    {
      "quarter": "2025-07 (Q3)",
      "signal": "FCF TURNED POSITIVE",
      "detail": "FCF margin: -6.6% -> +6.3%",
      "severity": "HIGH"
    },
    {
      "quarter": "2025-07 (Q3)",
      "signal": "GROSS MARGIN INFLECTION",
      "detail": "GM: +9.4% -> +7.5% -> +12.6% (reversal +5.1%)",
      "severity": "HIGH"
    },
    {
      "quarter": "2025-07 (Q3)",
      "signal": "YoY REVENUE GROWTH DECELERATION",
      "detail": "YoY growth: +10.4% vs prior quarter YoY: +27.8% (decel: -17.4%)",
      "severity": "WARNING"
    },
    {
      "quarter": "2025-01 (Q1)",
      "signal": "YoY REVENUE GROWTH DECELERATION",
      "detail": "YoY growth: +29.2% vs prior quarter YoY: +37.4% (decel: -8.2%)",
      "severity": "WARNING"
    },
    {
      "quarter": "2024-10 (Q4)",
      "signal": "YoY REVENUE GROWTH ACCELERATION",
      "detail": "YoY growth: +37.4% vs prior quarter YoY: +23.9% (accel: +13.5%)",
      "severity": "MEDIUM"
    },
    {
      "quarter": "2024-10 (Q4)",
      "signal": "INCREMENTAL MARGIN (YoY)",
      "detail": "YoY Incr OPM: +22.2% vs year-ago OPM: +2.8%",
      "severity": "MEDIUM"
    },
    {
      "quarter": "2024-07 (Q3)",
      "signal": "FCF TURNED POSITIVE",
      "detail": "FCF margin: -1.5% -> +10.8%",
      "severity": "HIGH"
    },
    {
      "quarter": "2024-07 (Q3)",
      "signal": "YoY REVENUE GROWTH DECELERATION",
      "detail": "YoY growth: +23.9% vs prior quarter YoY: +34.6% (decel: -10.7%)",
      "severity": "WARNING"
    },
    {
      "quarter": "2024-04 (Q2)",
      "signal": "YoY REVENUE GROWTH ACCELERATION",
      "detail": "YoY growth: +34.6% vs prior quarter YoY: +21.2% (accel: +13.4%)",
      "severity": "MEDIUM"
    },
    {
      "quarter": "2024-04 (Q2)",
      "signal": "OP MARGIN TURNED POSITIVE (YoY)",
      "detail": "Op margin: -0.5% (year-ago) -> +4.1%",
      "severity": "HIGH"
    },
    {
      "quarter": "2024-01 (Q1)",
      "signal": "YoY REVENUE GROWTH ACCELERATION",
      "detail": "YoY growth: +21.2% vs prior quarter YoY: +8.4% (accel: +12.8%)",
      "severity": "MEDIUM"
    },
    {
      "quarter": "2024-01 (Q1)",
      "signal": "OP MARGIN TURNED POSITIVE (YoY)",
      "detail": "Op margin: -4.7% (year-ago) -> +3.1%",
      "severity": "HIGH"
    },
    {
      "quarter": "2023-10 (Q4)",
      "signal": "FCF MARGIN EXPANSION",
      "detail": "FCF margin: +2.6% -> +13.1% (+10.5%)",
      "severity": "MEDIUM"
    },
    {
      "quarter": "2023-10 (Q4)",
      "signal": "YoY REVENUE GROWTH ACCELERATION",
      "detail": "YoY growth: +8.4% vs prior quarter YoY: -16.5% (accel: +24.9%)",
      "severity": "HIGH"
    },
    {
      "quarter": "2023-10 (Q4)",
      "signal": "OP MARGIN TURNED POSITIVE (YoY)",
      "detail": "Op margin: -17.7% (year-ago) -> +2.8%",
      "severity": "HIGH"
    },
    {
      "quarter": "2023-07 (Q3)",
      "signal": "FCF TURNED POSITIVE",
      "detail": "FCF margin: -19.0% -> +2.6%",
      "severity": "HIGH"
    },
    {
      "quarter": "2023-07 (Q3)",
      "signal": "INCREMENTAL MARGIN (YoY)",
      "detail": "YoY Incr OPM: +21.2% vs year-ago OPM: +7.0%",
      "severity": "MEDIUM"
    },
    {
      "quarter": "2023-07 (Q3)",
      "signal": "OP MARGIN TURNED POSITIVE (QoQ)",
      "detail": "Op margin: -0.5% -> +4.2%",
      "severity": "HIGH"
    },
    {
      "quarter": "2023-04 (Q2)",
      "signal": "OPERATING LEVERAGE",
      "detail": "Rev growth +3.6% vs OpEx growth +1.0% (leverage: 3.4x)",
      "severity": "MEDIUM"
    },
    {
      "quarter": "2023-04 (Q2)",
      "signal": "GROSS MARGIN INFLECTION",
      "detail": "GM: +11.3% -> +4.2% -> +8.2% (reversal +4.0%)",
      "severity": "MEDIUM"
    },
    {
      "quarter": "2023-04 (Q2)",
      "signal": "YoY REVENUE GROWTH DECELERATION",
      "detail": "YoY growth: -20.5% vs prior quarter YoY: -1.4% (decel: -19.1%)",
      "severity": "WARNING"
    },
    {
      "quarter": "2022-10 (Q4)",
      "signal": "YoY REVENUE GROWTH DECELERATION",
      "detail": "YoY growth: +0.4% vs prior quarter YoY: +26.9% (decel: -26.5%)",
      "severity": "WARNING"
    },
    {
      "quarter": "2022-07 (Q3)",
      "signal": "FCF TURNED POSITIVE",
      "detail": "FCF margin: -1.4% -> +6.7%",
      "severity": "HIGH"
    },
    {
      "quarter": "2022-07 (Q3)",
      "signal": "YoY REVENUE GROWTH ACCELERATION",
      "detail": "YoY growth: +26.9% vs prior quarter YoY: +18.5% (accel: +8.4%)",
      "severity": "MEDIUM"
    },
    {
      "quarter": "2022-04 (Q2)",
      "signal": "FCF MARGIN EXPANSION",
      "detail": "FCF margin: -28.8% -> -1.4% (+27.4%)",
      "severity": "MEDIUM"
    },
    {
      "quarter": "2022-04 (Q2)",
      "signal": "GROSS MARGIN INFLECTION",
      "detail": "GM: +14.3% -> +0.2% -> +7.1% (reversal +6.9%)",
      "severity": "HIGH"
    },
    {
      "quarter": "2022-04 (Q2)",
      "signal": "YoY REVENUE GROWTH DECELERATION",
      "detail": "YoY growth: +18.5% vs prior quarter YoY: +25.1% (decel: -6.6%)",
      "severity": "WARNING"
    },
    {
      "quarter": "2022-04 (Q2)",
      "signal": "OP MARGIN TURNED POSITIVE (QoQ)",
      "detail": "Op margin: -8.4% -> +0.4%",
      "severity": "HIGH"
    },
    {
      "quarter": "2021-07 (Q3)",
      "signal": "FCF TURNED POSITIVE",
      "detail": "FCF margin: -14.9% -> +8.5%",
      "severity": "HIGH"
    },
    {
      "quarter": "2021-07 (Q3)",
      "signal": "GROSS MARGIN INFLECTION",
      "detail": "GM: +13.1% -> +11.5% -> +16.6% (reversal +5.0%)",
      "severity": "HIGH"
    },
    {
      "quarter": "2021-04 (Q2)",
      "signal": "OPERATING LEVERAGE",
      "detail": "Rev growth +35.5% vs OpEx growth +11.6% (leverage: 3.0x)",
      "severity": "MEDIUM"
    }
  ],
  "data_quality": {
    "n_quarters": 20,
    "coverage": {
      "revenue": [
        20,
        20
      ],
      "gross_profit": [
        20,
        20
      ],
      "op_income": [
        20,
        20
      ],
      "fcf": [
        20,
        20
      ]
    },
    "gaps": [],
    "warnings": []
  },
  "market_cap": null,
  "source": "SEC EDGAR",
  "last_updated": "2026-02-02T22:02:48.081149"
}