{
  "ticker": "AVPT",
  "name": "AvePoint, Inc.",
  "quarters": [
    {
      "date": "2020-12-31T00:00:00",
      "quarter_label": "2020-12 (Q4)",
      "revenue": 46122000,
      "gross_profit": 35528000,
      "operating_income": -4775790,
      "net_income": -4735201,
      "opex": 46321000,
      "cogs": 10594000,
      "rd": 3444000,
      "sga": 4724594,
      "fcf": 7280000,
      "ocf": 7989000,
      "capex": -709000,
      "gross_margin": 0.7703048436754694,
      "op_margin": -0.10354689735917784,
      "fcf_margin": 0.15784224448202594
    },
    {
      "date": "2021-03-31T00:00:00",
      "quarter_label": "2021-03 (Q1)",
      "revenue": 38800000,
      "gross_profit": 28022000,
      "operating_income": -1892079,
      "net_income": 28311612,
      "opex": 33953000,
      "cogs": 10778000,
      "rd": 4102000,
      "sga": 1842079,
      "fcf": -4531000,
      "ocf": -4265000,
      "capex": -266000,
      "gross_margin": 0.7222164948453609,
      "op_margin": -0.048764922680412374,
      "fcf_margin": -0.11677835051546391,
      "fcf_margin_change": -0.27462059499748986
    },
    {
      "date": "2021-06-30T00:00:00",
      "quarter_label": "2021-06 (Q2)",
      "revenue": 45344000,
      "gross_profit": 33624000,
      "operating_income": -4381469,
      "net_income": -18318637,
      "opex": 44827000,
      "cogs": 11720000,
      "rd": 3883000,
      "sga": 4331469,
      "fcf": 1713000,
      "ocf": 2344000,
      "capex": -631000,
      "gross_margin": 0.7415314043754411,
      "op_margin": -0.09662731563161608,
      "fcf_margin": 0.03777787579393084,
      "op_leverage_ratio": 0.5266236876385363,
      "fcf_margin_change": 0.15455622630939475
    },
    {
      "date": "2021-09-30T00:00:00",
      "quarter_label": "2021-09 (Q3)",
      "revenue": 53927000,
      "gross_profit": 38705000,
      "operating_income": -28685000,
      "net_income": -10274000,
      "opex": 67390000,
      "cogs": 15222000,
      "rd": 19648000,
      "sga": null,
      "fcf": -2592000,
      "ocf": -2044000,
      "capex": -548000,
      "gross_margin": 0.7177295232443859,
      "op_margin": -0.531922784504979,
      "fcf_margin": -0.04806497672779869,
      "op_leverage_ratio": 0.37606430704917787,
      "fcf_margin_change": -0.08584285252172953
    },
    {
      "date": "2021-12-31T00:00:00",
      "quarter_label": "2021-12 (Q4)",
      "revenue": 53838000,
      "gross_profit": 38894000,
      "operating_income": -7672000,
      "net_income": -8050000,
      "opex": 46566000,
      "cogs": 14944000,
      "rd": 4132000,
      "sga": null,
      "fcf": 7979000,
      "ocf": 8995000,
      "capex": -1016000,
      "gross_margin": 0.7224265388758869,
      "op_margin": -0.1425015788105056,
      "fcf_margin": 0.1482038708718749,
      "incr_op_margin_yoy": -0.37535121824779677,
      "rev_growth_yoy": 0.16729543384935605,
      "fcf_margin_change": 0.19626884759967358
    },
    {
      "date": "2022-03-31T00:00:00",
      "quarter_label": "2022-03 (Q1)",
      "revenue": 50291000,
      "gross_profit": 35661000,
      "operating_income": -13848000,
      "net_income": -11670000,
      "opex": 49509000,
      "cogs": 14630000,
      "rd": 6402000,
      "sga": null,
      "fcf": -7092000,
      "ocf": -6123000,
      "capex": -969000,
      "gross_margin": 0.7090930782843848,
      "op_margin": -0.275357419816667,
      "fcf_margin": -0.1410192678610487,
      "incr_op_margin_yoy": -1.040459577060308,
      "rev_growth_yoy": 0.29615979381443297,
      "rev_growth_yoy_accel": 0.12886435996507692,
      "fcf_margin_change": -0.2892231387329236
    },
    {
      "date": "2022-06-30T00:00:00",
      "quarter_label": "2022-06 (Q2)",
      "revenue": 55701000,
      "gross_profit": 40274000,
      "operating_income": -11743000,
      "net_income": -9829000,
      "opex": 52017000,
      "cogs": 15427000,
      "rd": 7892000,
      "sga": null,
      "fcf": -1738000,
      "ocf": -473000,
      "capex": -1265000,
      "gross_margin": 0.7230390836789286,
      "op_margin": -0.2108220678264304,
      "fcf_margin": -0.031202312346277447,
      "incr_op_margin_yoy": -0.7107783141836439,
      "rev_growth_yoy": 0.22840949188426252,
      "rev_growth_yoy_accel": -0.06775030193017045,
      "op_leverage_ratio": 2.123555500289749,
      "fcf_margin_change": 0.10981695551477126
    },
    {
      "date": "2022-09-30T00:00:00",
      "quarter_label": "2022-09 (Q3)",
      "revenue": 62739000,
      "gross_profit": 45911000,
      "operating_income": -7427000,
      "net_income": -7412000,
      "opex": 53338000,
      "cogs": 16828000,
      "rd": 8953000,
      "sga": null,
      "fcf": -1483000,
      "ocf": -297000,
      "capex": -1186000,
      "gross_margin": 0.7317776821434833,
      "op_margin": -0.11837931748991855,
      "fcf_margin": -0.023637609780200512,
      "incr_op_margin_yoy": 2.4123921924648206,
      "rev_growth_yoy": 0.1634060860051551,
      "rev_growth_yoy_accel": -0.06500340587910741,
      "op_leverage_ratio": 4.975408617936954,
      "fcf_margin_change": 0.007564702566076935
    },
    {
      "date": "2022-12-31T00:00:00",
      "quarter_label": "2022-12 (Q4)",
      "revenue": 63608000,
      "gross_profit": 45370000,
      "operating_income": -8048000,
      "net_income": -12719000,
      "opex": 53418000,
      "cogs": 18238000,
      "rd": 7272000,
      "sga": null,
      "fcf": 5686000,
      "ocf": 6119000,
      "capex": -433000,
      "gross_margin": 0.7132750597409131,
      "op_margin": -0.12652496541315558,
      "fcf_margin": 0.0893912715381713,
      "incr_op_margin_yoy": -0.03848515864892528,
      "rev_growth_yoy": 0.18147033693673614,
      "rev_growth_yoy_accel": 0.01806425093158104,
      "op_leverage_ratio": 9.234830408517828,
      "fcf_margin_change": 0.1130288813183718
    },
    {
      "date": "2023-03-31T00:00:00",
      "quarter_label": "2023-03 (Q1)",
      "revenue": 59572000,
      "gross_profit": 41682000,
      "operating_income": -8832000,
      "net_income": -9197000,
      "opex": 50514000,
      "cogs": 17890000,
      "rd": 9015000,
      "sga": null,
      "fcf": 1025000,
      "ocf": 1250000,
      "capex": -225000,
      "gross_margin": 0.6996911300611025,
      "op_margin": -0.14825757067078493,
      "fcf_margin": 0.017206069965755723,
      "incr_op_margin_yoy": 0.5404590022626872,
      "rev_growth_yoy": 0.1845459426139866,
      "rev_growth_yoy_accel": 0.003075605677250459,
      "fcf_margin_change": -0.07218520157241556
    },
    {
      "date": "2023-06-30T00:00:00",
      "quarter_label": "2023-06 (Q2)",
      "revenue": 64869000,
      "gross_profit": 45073000,
      "operating_income": -7084000,
      "net_income": -12585000,
      "opex": 52157000,
      "cogs": 19796000,
      "rd": 9273000,
      "sga": null,
      "fcf": 7442000,
      "ocf": 8006000,
      "capex": -564000,
      "gross_margin": 0.6948311211826913,
      "op_margin": -0.10920470486673141,
      "fcf_margin": 0.1147235197089519,
      "incr_op_margin_yoy": 0.5081806282722513,
      "rev_growth_yoy": 0.16459309527656596,
      "rev_growth_yoy_accel": -0.019952847337420643,
      "op_leverage_ratio": 2.7337700960297067,
      "fcf_margin_change": 0.09751744974319618
    },
    {
      "date": "2023-09-30T00:00:00",
      "quarter_label": "2023-09 (Q3)",
      "revenue": 72760000,
      "gross_profit": 52604000,
      "operating_income": -313000,
      "net_income": -4212000,
      "opex": 52917000,
      "cogs": 20156000,
      "rd": 8643000,
      "sga": null,
      "fcf": 3339000,
      "ocf": 4028000,
      "capex": -689000,
      "gross_margin": 0.722979659153381,
      "op_margin": -0.004301814183617372,
      "fcf_margin": 0.04589059923034634,
      "incr_op_margin_yoy": 0.709909190699531,
      "rev_growth_yoy": 0.15972521079392404,
      "rev_growth_yoy_accel": -0.004867884482641915,
      "op_leverage_ratio": 8.348219346521045,
      "fcf_margin_change": -0.06883292047860555
    },
    {
      "date": "2023-12-31T00:00:00",
      "quarter_label": "2023-12 (Q4)",
      "revenue": 74624000,
      "gross_profit": 55006000,
      "operating_income": 878000,
      "net_income": 4269000,
      "opex": 54128000,
      "cogs": 19618000,
      "rd": 9409000,
      "sga": null,
      "fcf": 20801000,
      "ocf": 21410000,
      "capex": -609000,
      "gross_margin": 0.7371087049742711,
      "op_margin": 0.01176565180102916,
      "fcf_margin": 0.2787441037735849,
      "incr_op_margin_yoy": 0.8102759622367466,
      "rev_growth_yoy": 0.17318576279713244,
      "rev_growth_yoy_accel": 0.013460552003208393,
      "op_leverage_ratio": 1.1194489399671057,
      "fcf_margin_change": 0.23285350454323855
    },
    {
      "date": "2024-03-31T00:00:00",
      "quarter_label": "2024-03 (Q1)",
      "revenue": 74534000,
      "gross_profit": 54092000,
      "operating_income": -3201000,
      "net_income": null,
      "opex": 57293000,
      "cogs": 20442000,
      "rd": 10486000,
      "sga": null,
      "fcf": 7254000,
      "ocf": 7756000,
      "capex": -502000,
      "gross_margin": 0.7257359057611291,
      "op_margin": -0.04294684305149328,
      "fcf_margin": 0.09732471087020689,
      "incr_op_margin_yoy": 0.3763534286860045,
      "rev_growth_yoy": 0.2511582622708655,
      "rev_growth_yoy_accel": 0.07797249947373308,
      "fcf_margin_change": -0.181419392903378
    },
    {
      "date": "2024-06-30T00:00:00",
      "quarter_label": "2024-06 (Q2)",
      "revenue": 77961000,
      "gross_profit": 59019000,
      "operating_income": -2138000,
      "net_income": null,
      "opex": 61157000,
      "cogs": 18942000,
      "rd": 12503000,
      "sga": null,
      "fcf": 15764000,
      "ocf": 16158000,
      "capex": -394000,
      "gross_margin": 0.7570323623350137,
      "op_margin": -0.027423968394453636,
      "fcf_margin": 0.20220366593553188,
      "incr_op_margin_yoy": 0.37778796211426824,
      "rev_growth_yoy": 0.20182213383896777,
      "rev_growth_yoy_accel": -0.04933612843189775,
      "op_leverage_ratio": 0.6817483903159567,
      "fcf_margin_change": 0.10487895506532499
    },
    {
      "date": "2024-09-30T00:00:00",
      "quarter_label": "2024-09 (Q3)",
      "revenue": 88804000,
      "gross_profit": 67583000,
      "operating_income": 7652000,
      "net_income": 2620000,
      "opex": 59931000,
      "cogs": 21221000,
      "rd": 12838000,
      "sga": null,
      "fcf": 30813000,
      "ocf": 32220000,
      "capex": -1407000,
      "gross_margin": 0.7610355389396875,
      "op_margin": 0.08616728976172244,
      "fcf_margin": 0.34697761362100804,
      "incr_op_margin_yoy": 0.49644727000747946,
      "rev_growth_yoy": 0.22050577240241892,
      "rev_growth_yoy_accel": 0.01868363856345115,
      "op_leverage_ratio": Infinity,
      "fcf_margin_change": 0.14477394768547616
    },
    {
      "date": "2024-12-31T00:00:00",
      "quarter_label": "2024-12 (Q4)",
      "revenue": 89183000,
      "gross_profit": 67262000,
      "operating_income": 4853000,
      "net_income": null,
      "opex": 62409000,
      "cogs": 21921000,
      "rd": 12872000,
      "sga": null,
      "fcf": 32019000,
      "ocf": 32760000,
      "capex": -741000,
      "gross_margin": 0.7542020340199366,
      "op_margin": 0.054416200396936634,
      "fcf_margin": 0.3590258233071325,
      "incr_op_margin_yoy": 0.2730269936121986,
      "rev_growth_yoy": 0.19509809176672385,
      "rev_growth_yoy_accel": -0.025407680635695068,
      "fcf_margin_change": 0.012048209686124467
    },
    {
      "date": "2025-03-31T00:00:00",
      "quarter_label": "2025-03 (Q1)",
      "revenue": 93064000,
      "gross_profit": 69165000,
      "operating_income": 3287000,
      "net_income": null,
      "opex": 65878000,
      "cogs": 23899000,
      "rd": 12689000,
      "sga": null,
      "fcf": -1019000,
      "ocf": 495000,
      "capex": -1514000,
      "gross_margin": 0.7431982291756211,
      "op_margin": 0.03531977993638786,
      "fcf_margin": -0.01094945413908708,
      "incr_op_margin_yoy": 0.35013491635186184,
      "rev_growth_yoy": 0.24861137199130598,
      "rev_growth_yoy_accel": 0.05351328022458213,
      "op_leverage_ratio": 0.7828967484263081,
      "fcf_margin_change": -0.3699752774462196
    },
    {
      "date": "2025-06-30T00:00:00",
      "quarter_label": "2025-06 (Q2)",
      "revenue": 102018000,
      "gross_profit": 75539000,
      "operating_income": 7094000,
      "net_income": null,
      "opex": 68445000,
      "cogs": 26479000,
      "rd": 12960000,
      "sga": null,
      "fcf": 19305000,
      "ocf": 20270000,
      "capex": -965000,
      "gross_margin": 0.7404477641200572,
      "op_margin": 0.06953674841694603,
      "fcf_margin": 0.18923131212139035,
      "incr_op_margin_yoy": 0.3837552479527788,
      "rev_growth_yoy": 0.30857736560587984,
      "rev_growth_yoy_accel": 0.05996599361457386,
      "op_leverage_ratio": 2.4691638622859737,
      "fcf_margin_change": 0.20018076626047743
    },
    {
      "date": "2025-09-30T00:00:00",
      "quarter_label": "2025-09 (Q3)",
      "revenue": 109728000,
      "gross_profit": 81583000,
      "operating_income": 8129000,
      "net_income": 13017000,
      "opex": 73454000,
      "cogs": 28145000,
      "rd": 13936000,
      "sga": null,
      "fcf": 34326000,
      "ocf": 34833000,
      "capex": -507000,
      "gross_margin": 0.7435021143190435,
      "op_margin": 0.07408318751822689,
      "fcf_margin": 0.3128280839895013,
      "incr_op_margin_yoy": 0.02279678837698337,
      "rev_growth_yoy": 0.23562001711634611,
      "rev_growth_yoy_accel": -0.07295734848953372,
      "op_leverage_ratio": 1.0326859515014948,
      "fcf_margin_change": 0.12359677186811094
    }
  ],
  "signals": [
    {
      "quarter": "2025-09 (Q3)",
      "signal": "FCF MARGIN EXPANSION",
      "detail": "FCF margin: +18.9% -> +31.3% (+12.4%)",
      "severity": "MEDIUM"
    },
    {
      "quarter": "2025-09 (Q3)",
      "signal": "YoY REVENUE GROWTH DECELERATION",
      "detail": "YoY growth: +23.6% vs prior quarter YoY: +30.9% (decel: -7.3%)",
      "severity": "WARNING"
    },
    {
      "quarter": "2025-06 (Q2)",
      "signal": "FCF TURNED POSITIVE",
      "detail": "FCF margin: -1.1% -> +18.9%",
      "severity": "HIGH"
    },
    {
      "quarter": "2025-06 (Q2)",
      "signal": "OPERATING LEVERAGE",
      "detail": "Rev growth +9.6% vs OpEx growth +3.9% (leverage: 2.5x)",
      "severity": "MEDIUM"
    },
    {
      "quarter": "2025-06 (Q2)",
      "signal": "YoY REVENUE GROWTH ACCELERATION",
      "detail": "YoY growth: +30.9% vs prior quarter YoY: +24.9% (accel: +6.0%)",
      "severity": "MEDIUM"
    },
    {
      "quarter": "2025-06 (Q2)",
      "signal": "OP MARGIN TURNED POSITIVE (YoY)",
      "detail": "Op margin: -2.7% (year-ago) -> +7.0%",
      "severity": "HIGH"
    },
    {
      "quarter": "2025-03 (Q1)",
      "signal": "YoY REVENUE GROWTH ACCELERATION",
      "detail": "YoY growth: +24.9% vs prior quarter YoY: +19.5% (accel: +5.4%)",
      "severity": "MEDIUM"
    },
    {
      "quarter": "2025-03 (Q1)",
      "signal": "OP MARGIN TURNED POSITIVE (YoY)",
      "detail": "Op margin: -4.3% (year-ago) -> +3.5%",
      "severity": "HIGH"
    },
    {
      "quarter": "2024-12 (Q4)",
      "signal": "INCREMENTAL MARGIN (YoY)",
      "detail": "YoY Incr OPM: +27.3% vs year-ago OPM: +1.2%",
      "severity": "HIGH"
    },
    {
      "quarter": "2024-09 (Q3)",
      "signal": "FCF MARGIN EXPANSION",
      "detail": "FCF margin: +20.2% -> +34.7% (+14.5%)",
      "severity": "MEDIUM"
    },
    {
      "quarter": "2024-09 (Q3)",
      "signal": "OP MARGIN TURNED POSITIVE (YoY)",
      "detail": "Op margin: -0.4% (year-ago) -> +8.6%",
      "severity": "HIGH"
    },
    {
      "quarter": "2024-09 (Q3)",
      "signal": "OP MARGIN TURNED POSITIVE (QoQ)",
      "detail": "Op margin: -2.7% -> +8.6%",
      "severity": "HIGH"
    },
    {
      "quarter": "2024-06 (Q2)",
      "signal": "FCF MARGIN EXPANSION",
      "detail": "FCF margin: +9.7% -> +20.2% (+10.5%)",
      "severity": "MEDIUM"
    },
    {
      "quarter": "2024-06 (Q2)",
      "signal": "GROSS MARGIN INFLECTION",
      "detail": "GM: +73.7% -> +72.6% -> +75.7% (reversal +3.1%)",
      "severity": "MEDIUM"
    },
    {
      "quarter": "2024-03 (Q1)",
      "signal": "YoY REVENUE GROWTH ACCELERATION",
      "detail": "YoY growth: +25.1% vs prior quarter YoY: +17.3% (accel: +7.8%)",
      "severity": "MEDIUM"
    },
    {
      "quarter": "2023-12 (Q4)",
      "signal": "FCF MARGIN EXPANSION",
      "detail": "FCF margin: +4.6% -> +27.9% (+23.3%)",
      "severity": "MEDIUM"
    },
    {
      "quarter": "2023-12 (Q4)",
      "signal": "OP MARGIN TURNED POSITIVE (YoY)",
      "detail": "Op margin: -12.7% (year-ago) -> +1.2%",
      "severity": "HIGH"
    },
    {
      "quarter": "2023-12 (Q4)",
      "signal": "OP MARGIN TURNED POSITIVE (QoQ)",
      "detail": "Op margin: -0.4% -> +1.2%",
      "severity": "HIGH"
    },
    {
      "quarter": "2023-09 (Q3)",
      "signal": "OPERATING LEVERAGE",
      "detail": "Rev growth +12.2% vs OpEx growth +1.5% (leverage: 8.3x)",
      "severity": "MEDIUM"
    },
    {
      "quarter": "2023-09 (Q3)",
      "signal": "GROSS MARGIN INFLECTION",
      "detail": "GM: +70.0% -> +69.5% -> +72.3% (reversal +2.8%)",
      "severity": "MEDIUM"
    },
    {
      "quarter": "2023-06 (Q2)",
      "signal": "FCF MARGIN EXPANSION",
      "detail": "FCF margin: +1.7% -> +11.5% (+9.8%)",
      "severity": "MEDIUM"
    },
    {
      "quarter": "2023-06 (Q2)",
      "signal": "OPERATING LEVERAGE",
      "detail": "Rev growth +8.9% vs OpEx growth +3.3% (leverage: 2.7x)",
      "severity": "MEDIUM"
    },
    {
      "quarter": "2022-12 (Q4)",
      "signal": "FCF TURNED POSITIVE",
      "detail": "FCF margin: -2.4% -> +8.9%",
      "severity": "HIGH"
    },
    {
      "quarter": "2022-12 (Q4)",
      "signal": "OPERATING LEVERAGE",
      "detail": "Rev growth +1.4% vs OpEx growth +0.1% (leverage: 9.2x)",
      "severity": "MEDIUM"
    },
    {
      "quarter": "2022-09 (Q3)",
      "signal": "OPERATING LEVERAGE",
      "detail": "Rev growth +12.6% vs OpEx growth +2.5% (leverage: 5.0x)",
      "severity": "MEDIUM"
    },
    {
      "quarter": "2022-09 (Q3)",
      "signal": "YoY REVENUE GROWTH DECELERATION",
      "detail": "YoY growth: +16.3% vs prior quarter YoY: +22.8% (decel: -6.5%)",
      "severity": "WARNING"
    },
    {
      "quarter": "2022-06 (Q2)",
      "signal": "FCF MARGIN EXPANSION",
      "detail": "FCF margin: -14.1% -> -3.1% (+11.0%)",
      "severity": "MEDIUM"
    },
    {
      "quarter": "2022-06 (Q2)",
      "signal": "OPERATING LEVERAGE",
      "detail": "Rev growth +10.8% vs OpEx growth +5.1% (leverage: 2.1x)",
      "severity": "MEDIUM"
    },
    {
      "quarter": "2022-06 (Q2)",
      "signal": "YoY REVENUE GROWTH DECELERATION",
      "detail": "YoY growth: +22.8% vs prior quarter YoY: +29.6% (decel: -6.8%)",
      "severity": "WARNING"
    },
    {
      "quarter": "2022-03 (Q1)",
      "signal": "YoY REVENUE GROWTH ACCELERATION",
      "detail": "YoY growth: +29.6% vs prior quarter YoY: +16.7% (accel: +12.9%)",
      "severity": "MEDIUM"
    },
    {
      "quarter": "2021-12 (Q4)",
      "signal": "FCF TURNED POSITIVE",
      "detail": "FCF margin: -4.8% -> +14.8%",
      "severity": "HIGH"
    },
    {
      "quarter": "2021-06 (Q2)",
      "signal": "FCF TURNED POSITIVE",
      "detail": "FCF margin: -11.7% -> +3.8%",
      "severity": "HIGH"
    }
  ],
  "data_quality": {
    "n_quarters": 20,
    "coverage": {
      "revenue": [
        20,
        20
      ],
      "gross_profit": [
        20,
        20
      ],
      "op_income": [
        20,
        20
      ],
      "fcf": [
        20,
        20
      ]
    },
    "gaps": [],
    "warnings": []
  },
  "market_cap": null,
  "source": "SEC EDGAR",
  "last_updated": "2026-02-02T21:27:13.450671",
  "sector": "Technology",
  "industry": "Software - Infrastructure"
}