{
  "ticker": "AVT",
  "name": "AVNET, INC.",
  "quarters": [
    {
      "date": "2021-04-03T00:00:00",
      "quarter_label": "2021-04 (Q2)",
      "revenue": 4916714000,
      "gross_profit": 568350000,
      "operating_income": 87684000,
      "net_income": 107484000,
      "opex": 480666000,
      "cogs": 4348364000,
      "rd": null,
      "sga": 463092000,
      "fcf": -18847000,
      "ocf": -9868000,
      "capex": -8979000,
      "gross_margin": 0.11559549731792412,
      "op_margin": 0.01783386220959771,
      "fcf_margin": -0.0038332512324288134
    },
    {
      "date": "2021-07-03T00:00:00",
      "quarter_label": "2021-07 (Q3)",
      "revenue": 5226734000,
      "gross_profit": 644947000,
      "operating_income": 118001000,
      "net_income": 85355000,
      "opex": 526946000,
      "cogs": 4581787000,
      "rd": null,
      "sga": 498498000,
      "fcf": -117939000,
      "ocf": -106577000,
      "capex": -11362000,
      "gross_margin": 0.12339388229819999,
      "op_margin": 0.02257643109444636,
      "fcf_margin": -0.022564569002363616,
      "op_leverage_ratio": 0.654884661112432,
      "fcf_margin_change": -0.0187313177699348
    },
    {
      "date": "2021-10-02T00:00:00",
      "quarter_label": "2021-10 (Q4)",
      "revenue": 5584695000,
      "gross_profit": 659693000,
      "operating_income": 168243000,
      "net_income": 111318000,
      "opex": 491450000,
      "cogs": 4925002000,
      "rd": null,
      "sga": 486178000,
      "fcf": -42993000,
      "ocf": -30968000,
      "capex": -12025000,
      "gross_margin": 0.11812516171429237,
      "op_margin": 0.030125727546446136,
      "fcf_margin": -0.007698361325014168,
      "op_leverage_ratio": Infinity,
      "fcf_margin_change": 0.014866207677349447
    },
    {
      "date": "2022-01-01T00:00:00",
      "quarter_label": "2022-01 (Q1)",
      "revenue": 5865217000,
      "gross_profit": 713035000,
      "operating_income": 211672000,
      "net_income": 150821000,
      "opex": 501363000,
      "cogs": 5152182000,
      "rd": null,
      "sga": 501363000,
      "fcf": -242332000,
      "ocf": -232241000,
      "capex": -10091000,
      "gross_margin": 0.12157009706546237,
      "op_margin": 0.036089372311373984,
      "fcf_margin": -0.041316800384367705,
      "op_leverage_ratio": 2.490242839870126,
      "fcf_margin_change": -0.033618439059353536
    },
    {
      "date": "2022-04-02T00:00:00",
      "quarter_label": "2022-04 (Q2)",
      "revenue": 6488143000,
      "gross_profit": 813033000,
      "operating_income": 274408000,
      "net_income": 183417000,
      "opex": 538625000,
      "cogs": 5675110000,
      "rd": null,
      "sga": 512364000,
      "fcf": 232228000,
      "ocf": 243791000,
      "capex": -11563000,
      "gross_margin": 0.1253105857870272,
      "op_margin": 0.04229376572002189,
      "fcf_margin": 0.03579267596290649,
      "incr_op_margin_yoy": 0.11882433122972785,
      "rev_growth_yoy": 0.3196096010465526,
      "op_leverage_ratio": 1.4290206094188518,
      "fcf_margin_change": 0.07710947634727419
    },
    {
      "date": "2022-07-02T00:00:00",
      "quarter_label": "2022-07 (Q3)",
      "revenue": 6372653000,
      "gross_profit": 779631000,
      "operating_income": 284688000,
      "net_income": 246823000,
      "opex": 494943000,
      "cogs": 5593022000,
      "rd": null,
      "sga": 494943000,
      "fcf": -215113000,
      "ocf": -199892000,
      "capex": -15221000,
      "gross_margin": 0.12234009917062799,
      "op_margin": 0.044673387990841494,
      "fcf_margin": -0.033755643057922655,
      "incr_op_margin_yoy": 0.14546141568470372,
      "rev_growth_yoy": 0.219241882215548,
      "rev_growth_yoy_accel": -0.10036771883100462,
      "fcf_margin_change": -0.06954831902082914
    },
    {
      "date": "2022-10-01T00:00:00",
      "quarter_label": "2022-10 (Q4)",
      "revenue": 6750133000,
      "gross_profit": 768173000,
      "operating_income": 290537000,
      "net_income": 184261000,
      "opex": 477636000,
      "cogs": 5981960000,
      "rd": null,
      "sga": 477636000,
      "fcf": -673357000,
      "ocf": -645149000,
      "capex": -28208000,
      "gross_margin": 0.11380116510296909,
      "op_margin": 0.043041670438197295,
      "fcf_margin": -0.09975462705697799,
      "incr_op_margin_yoy": 0.10493393899975803,
      "rev_growth_yoy": 0.2086842701347164,
      "rev_growth_yoy_accel": -0.010557612080831585,
      "op_leverage_ratio": Infinity,
      "fcf_margin_change": -0.06599898399905534
    },
    {
      "date": "2022-12-31T00:00:00",
      "quarter_label": "2022-12 (Q4)",
      "revenue": 6717521000,
      "gross_profit": 784100000,
      "operating_income": 298973000,
      "net_income": 243886000,
      "opex": 485127000,
      "cogs": 5933421000,
      "rd": null,
      "sga": 485127000,
      "fcf": -404580000,
      "ocf": -321352000,
      "capex": -83228000,
      "gross_margin": 0.1167246071876813,
      "op_margin": 0.04450644813763887,
      "fcf_margin": -0.06022757502358385,
      "incr_op_margin_yoy": 0.10242941485667086,
      "rev_growth_yoy": 0.1453149985755003,
      "rev_growth_yoy_accel": -0.06336927155921612,
      "fcf_margin_change": 0.03952705203339414
    },
    {
      "date": "2023-04-01T00:00:00",
      "quarter_label": "2023-04 (Q2)",
      "revenue": 6514619000,
      "gross_profit": 811848000,
      "operating_income": 313629000,
      "net_income": 187426000,
      "opex": 498219000,
      "cogs": 5702771000,
      "rd": null,
      "sga": 498219000,
      "fcf": -8108000,
      "ocf": 18260000,
      "capex": -26368000,
      "gross_margin": 0.12461941366026164,
      "op_margin": 0.04814233955968875,
      "fcf_margin": -0.001244585446977022,
      "incr_op_margin_yoy": 1.4813793624414564,
      "rev_growth_yoy": 0.004080674547401314,
      "rev_growth_yoy_accel": -0.14123432402809896,
      "fcf_margin_change": 0.058982989576606824
    },
    {
      "date": "2023-07-01T00:00:00",
      "quarter_label": "2023-07 (Q3)",
      "revenue": 6554608000,
      "gross_profit": 818021000,
      "operating_income": 283662000,
      "net_income": 155256000,
      "opex": 534359000,
      "cogs": 5736587000,
      "rd": null,
      "sga": 506321000,
      "fcf": 177668000,
      "ocf": 234538000,
      "capex": -56870000,
      "gross_margin": 0.12480090342549852,
      "op_margin": 0.043276729897501115,
      "fcf_margin": 0.027105816244083553,
      "incr_op_margin_yoy": -0.0056387568354813004,
      "rev_growth_yoy": 0.02855247257303983,
      "rev_growth_yoy_accel": 0.024471798025638515,
      "fcf_margin_change": 0.028350401691060574
    },
    {
      "date": "2023-09-30T00:00:00",
      "quarter_label": "2023-09 (Q3)",
      "revenue": 6335648000,
      "gross_profit": 748106000,
      "operating_income": 253769000,
      "net_income": 209268000,
      "opex": 494337000,
      "cogs": 5587542000,
      "rd": null,
      "sga": 487286000,
      "fcf": -117383000,
      "ocf": -41294000,
      "capex": -76089000,
      "gross_margin": 0.11807884528938477,
      "op_margin": 0.04005415073564693,
      "fcf_margin": -0.01852738662248913,
      "incr_op_margin_yoy": 0.08870767337780619,
      "rev_growth_yoy": -0.06140397529944965,
      "rev_growth_yoy_accel": -0.08995644787248948,
      "fcf_margin_change": -0.045633202866572686
    },
    {
      "date": "2023-12-30T00:00:00",
      "quarter_label": "2023-12 (Q4)",
      "revenue": 6204914000,
      "gross_profit": 706184000,
      "operating_income": 236257000,
      "net_income": 117931000,
      "opex": 469927000,
      "cogs": 5498730000,
      "rd": null,
      "sga": 464692000,
      "fcf": -124280000,
      "ocf": -42281000,
      "capex": -81999000,
      "gross_margin": 0.1138104412083713,
      "op_margin": 0.03807578960804291,
      "fcf_margin": -0.02002928646553361,
      "incr_op_margin_yoy": 0.122347139231419,
      "rev_growth_yoy": -0.0763089538536612,
      "rev_growth_yoy_accel": -0.014904978554211544,
      "fcf_margin_change": -0.001501899843044479
    },
    {
      "date": "2024-03-30T00:00:00",
      "quarter_label": "2024-03 (Q1)",
      "revenue": 5653591000,
      "gross_profit": 669273000,
      "operating_income": 190151000,
      "net_income": 88834000,
      "opex": 479122000,
      "cogs": 4984318000,
      "rd": null,
      "sga": 467275000,
      "fcf": 457183000,
      "ocf": 499305000,
      "capex": -42122000,
      "gross_margin": 0.11838015873451051,
      "op_margin": 0.033633667522111166,
      "fcf_margin": 0.08086594873948257,
      "incr_op_margin_yoy": 0.14340764760263314,
      "rev_growth_yoy": -0.13216858883075128,
      "rev_growth_yoy_accel": -0.05585963497709008,
      "fcf_margin_change": 0.10089523520501617
    },
    {
      "date": "2024-06-29T00:00:00",
      "quarter_label": "2024-06 (Q2)",
      "revenue": 5562976000,
      "gross_profit": 642880000,
      "operating_income": 164190000,
      "net_income": 82666000,
      "opex": 478690000,
      "cogs": 4920096000,
      "rd": null,
      "sga": 450272000,
      "fcf": 247986000,
      "ocf": 274254000,
      "capex": -26268000,
      "gross_margin": 0.11556404341848679,
      "op_margin": 0.02951477770171937,
      "fcf_margin": 0.044577938139585715,
      "incr_op_margin_yoy": 0.12048017813059683,
      "rev_growth_yoy": -0.15128776579774106,
      "rev_growth_yoy_accel": -0.01911917696698978,
      "fcf_margin_change": -0.03628801059989685
    },
    {
      "date": "2024-09-28T00:00:00",
      "quarter_label": "2024-09 (Q3)",
      "revenue": 5604152000,
      "gross_profit": 607367000,
      "operating_income": 142225000,
      "net_income": 58956000,
      "opex": 465142000,
      "cogs": 4996785000,
      "rd": null,
      "sga": 438791000,
      "fcf": 74549000,
      "ocf": 106325000,
      "capex": -31776000,
      "gross_margin": 0.10837803828304443,
      "op_margin": 0.025378505079805116,
      "fcf_margin": 0.013302458605690924,
      "incr_op_margin_yoy": 0.15248750505812744,
      "rev_growth_yoy": -0.1154571718630833,
      "rev_growth_yoy_accel": 0.03583059393465776,
      "fcf_margin_change": -0.03127547953389479
    },
    {
      "date": "2024-12-28T00:00:00",
      "quarter_label": "2024-12 (Q4)",
      "revenue": 5663384000,
      "gross_profit": 596052000,
      "operating_income": 155327000,
      "net_income": 87253000,
      "opex": 440725000,
      "cogs": 5067332000,
      "rd": null,
      "sga": 436931000,
      "fcf": 308468000,
      "ocf": 337827000,
      "capex": -29359000,
      "gross_margin": 0.1052466158042612,
      "op_margin": 0.02742653508926818,
      "fcf_margin": 0.0544670818718985,
      "incr_op_margin_yoy": 0.14944693738112386,
      "rev_growth_yoy": -0.08727437640553923,
      "rev_growth_yoy_accel": 0.02818279545754407,
      "op_leverage_ratio": Infinity,
      "fcf_margin_change": 0.041164623266207574
    },
    {
      "date": "2025-03-29T00:00:00",
      "quarter_label": "2025-03 (Q1)",
      "revenue": 5315423000,
      "gross_profit": 587853000,
      "operating_income": 143251000,
      "net_income": 87919000,
      "opex": 444602000,
      "cogs": 4727570000,
      "rd": null,
      "sga": 435492000,
      "fcf": 114137000,
      "ocf": 140876000,
      "capex": -26739000,
      "gross_margin": 0.1105938323252919,
      "op_margin": 0.026950065874343395,
      "fcf_margin": 0.02147279717907681,
      "incr_op_margin_yoy": 0.13868846253932957,
      "rev_growth_yoy": -0.059814726604736704,
      "rev_growth_yoy_accel": 0.027459649800802524,
      "fcf_margin_change": -0.03299428469282169
    },
    {
      "date": "2025-06-28T00:00:00",
      "quarter_label": "2025-06 (Q2)",
      "revenue": 5617795000,
      "gross_profit": 593685000,
      "operating_income": 73452000,
      "net_income": 6089000,
      "opex": 520233000,
      "cogs": 5024110000,
      "rd": null,
      "sga": 451172000,
      "fcf": 79876000,
      "ocf": 139476000,
      "capex": -59600000,
      "gross_margin": 0.10567936352252084,
      "op_margin": 0.013074880802877286,
      "fcf_margin": 0.014218389955489654,
      "incr_op_margin_yoy": -1.6552290264324414,
      "rev_growth_yoy": 0.009854257864855071,
      "rev_growth_yoy_accel": 0.06966898446959177,
      "op_leverage_ratio": 0.33440696208309023,
      "fcf_margin_change": -0.007254407223587157
    },
    {
      "date": "2025-09-27T00:00:00",
      "quarter_label": "2025-09 (Q3)",
      "revenue": 5898572000,
      "gross_profit": 614765000,
      "operating_income": 142032000,
      "net_income": 51745000,
      "opex": 472733000,
      "cogs": 5283807000,
      "rd": null,
      "sga": 464442000,
      "fcf": -169173000,
      "ocf": -144584000,
      "capex": -24589000,
      "gross_margin": 0.1042226830493889,
      "op_margin": 0.024079048284906923,
      "fcf_margin": -0.028680331442932288,
      "incr_op_margin_yoy": -0.0006555261191495143,
      "rev_growth_yoy": 0.05253604827278061,
      "rev_growth_yoy_accel": 0.04268179040792554,
      "op_leverage_ratio": Infinity,
      "fcf_margin_change": -0.04289872139842194
    },
    {
      "date": "2025-12-27T00:00:00",
      "quarter_label": "2025-12 (Q4)",
      "revenue": 6318955000,
      "gross_profit": 663038000,
      "operating_income": 146196000,
      "net_income": 61733000,
      "opex": 516842000,
      "cogs": 5655917000,
      "rd": null,
      "sga": 491671000,
      "fcf": 192890000,
      "ocf": 208242000,
      "capex": -15352000,
      "gross_margin": 0.10492842566531967,
      "op_margin": 0.023136103991878404,
      "fcf_margin": 0.030525616973059628,
      "incr_op_margin_yoy": -0.013928315926116317,
      "rev_growth_yoy": 0.11575605680278787,
      "rev_growth_yoy_accel": 0.06322000853000725,
      "op_leverage_ratio": 0.7638128638871258,
      "fcf_margin_change": 0.059205948415991916
    }
  ],
  "signals": [
    {
      "quarter": "2025-12 (Q4)",
      "signal": "FCF TURNED POSITIVE",
      "detail": "FCF margin: -2.9% -> +3.1%",
      "severity": "HIGH"
    },
    {
      "quarter": "2025-12 (Q4)",
      "signal": "YoY REVENUE GROWTH ACCELERATION",
      "detail": "YoY growth: +11.6% vs prior quarter YoY: +5.3% (accel: +6.3%)",
      "severity": "MEDIUM"
    },
    {
      "quarter": "2025-06 (Q2)",
      "signal": "YoY REVENUE GROWTH ACCELERATION",
      "detail": "YoY growth: +1.0% vs prior quarter YoY: -6.0% (accel: +7.0%)",
      "severity": "MEDIUM"
    },
    {
      "quarter": "2025-03 (Q1)",
      "signal": "INCREMENTAL MARGIN (YoY)",
      "detail": "YoY Incr OPM: +13.9% vs year-ago OPM: +3.4%",
      "severity": "MEDIUM"
    },
    {
      "quarter": "2024-12 (Q4)",
      "signal": "INCREMENTAL MARGIN (YoY)",
      "detail": "YoY Incr OPM: +14.9% vs year-ago OPM: +3.8%",
      "severity": "MEDIUM"
    },
    {
      "quarter": "2024-09 (Q3)",
      "signal": "INCREMENTAL MARGIN (YoY)",
      "detail": "YoY Incr OPM: +15.2% vs year-ago OPM: +4.0%",
      "severity": "MEDIUM"
    },
    {
      "quarter": "2024-03 (Q1)",
      "signal": "FCF TURNED POSITIVE",
      "detail": "FCF margin: -2.0% -> +8.1%",
      "severity": "HIGH"
    },
    {
      "quarter": "2024-03 (Q1)",
      "signal": "YoY REVENUE GROWTH DECELERATION",
      "detail": "YoY growth: -13.2% vs prior quarter YoY: -7.6% (decel: -5.6%)",
      "severity": "WARNING"
    },
    {
      "quarter": "2023-09 (Q3)",
      "signal": "YoY REVENUE GROWTH DECELERATION",
      "detail": "YoY growth: -6.1% vs prior quarter YoY: +2.9% (decel: -9.0%)",
      "severity": "WARNING"
    },
    {
      "quarter": "2023-07 (Q3)",
      "signal": "FCF TURNED POSITIVE",
      "detail": "FCF margin: -0.1% -> +2.7%",
      "severity": "HIGH"
    },
    {
      "quarter": "2023-04 (Q2)",
      "signal": "FCF MARGIN EXPANSION",
      "detail": "FCF margin: -6.0% -> -0.1% (+5.9%)",
      "severity": "MEDIUM"
    },
    {
      "quarter": "2023-04 (Q2)",
      "signal": "YoY REVENUE GROWTH DECELERATION",
      "detail": "YoY growth: +0.4% vs prior quarter YoY: +14.5% (decel: -14.1%)",
      "severity": "WARNING"
    },
    {
      "quarter": "2023-04 (Q2)",
      "signal": "INCREMENTAL MARGIN (YoY)",
      "detail": "YoY Incr OPM: +148.1% vs year-ago OPM: +4.2%",
      "severity": "HIGH"
    },
    {
      "quarter": "2022-12 (Q4)",
      "signal": "YoY REVENUE GROWTH DECELERATION",
      "detail": "YoY growth: +14.5% vs prior quarter YoY: +20.9% (decel: -6.3%)",
      "severity": "WARNING"
    },
    {
      "quarter": "2022-07 (Q3)",
      "signal": "YoY REVENUE GROWTH DECELERATION",
      "detail": "YoY growth: +21.9% vs prior quarter YoY: +32.0% (decel: -10.0%)",
      "severity": "WARNING"
    },
    {
      "quarter": "2022-07 (Q3)",
      "signal": "INCREMENTAL MARGIN (YoY)",
      "detail": "YoY Incr OPM: +14.5% vs year-ago OPM: +2.3%",
      "severity": "MEDIUM"
    },
    {
      "quarter": "2022-04 (Q2)",
      "signal": "FCF TURNED POSITIVE",
      "detail": "FCF margin: -4.1% -> +3.6%",
      "severity": "HIGH"
    },
    {
      "quarter": "2022-04 (Q2)",
      "signal": "INCREMENTAL MARGIN (YoY)",
      "detail": "YoY Incr OPM: +11.9% vs year-ago OPM: +1.8%",
      "severity": "MEDIUM"
    },
    {
      "quarter": "2022-01 (Q1)",
      "signal": "OPERATING LEVERAGE",
      "detail": "Rev growth +5.0% vs OpEx growth +2.0% (leverage: 2.5x)",
      "severity": "MEDIUM"
    }
  ],
  "data_quality": {
    "n_quarters": 20,
    "coverage": {
      "revenue": [
        20,
        20
      ],
      "gross_profit": [
        20,
        20
      ],
      "op_income": [
        20,
        20
      ],
      "fcf": [
        20,
        20
      ]
    },
    "gaps": [],
    "warnings": []
  },
  "market_cap": null,
  "source": "SEC EDGAR",
  "last_updated": "2026-02-02T21:10:46.261623"
}