{
  "ticker": "AWRE",
  "name": "AWARE, INC.",
  "quarters": [
    {
      "date": "2020-12-31T00:00:00",
      "quarter_label": "2020-12 (Q4)",
      "revenue": 3426000,
      "gross_profit": 3099000,
      "operating_income": -1856000,
      "net_income": -1636000,
      "opex": 5282000,
      "cogs": 327000,
      "rd": 2066000,
      "sga": null,
      "fcf": -1104000,
      "ocf": -1084000,
      "capex": -20000,
      "gross_margin": 0.9045534150612959,
      "op_margin": -0.5417396380618797,
      "fcf_margin": -0.3222416812609457
    },
    {
      "date": "2021-03-31T00:00:00",
      "quarter_label": "2021-03 (Q1)",
      "revenue": 4419000,
      "gross_profit": 4036000,
      "operating_income": -1449000,
      "net_income": -1448000,
      "opex": 5868000,
      "cogs": 383000,
      "rd": 2396000,
      "sga": null,
      "fcf": -2471000,
      "ocf": -2471000,
      "capex": null,
      "gross_margin": 0.9133288074224938,
      "op_margin": -0.32790224032586557,
      "fcf_margin": -0.5591762842272007,
      "op_leverage_ratio": 2.6125383286611714,
      "fcf_margin_change": -0.23693460296625496
    },
    {
      "date": "2021-06-30T00:00:00",
      "quarter_label": "2021-06 (Q2)",
      "revenue": 4264000,
      "gross_profit": 3955000,
      "operating_income": -1543000,
      "net_income": -1542000,
      "opex": 5807000,
      "cogs": 309000,
      "rd": 2364000,
      "sga": null,
      "fcf": -851000,
      "ocf": -851000,
      "capex": null,
      "gross_margin": 0.9275328330206379,
      "op_margin": -0.36186679174484054,
      "fcf_margin": -0.199577861163227,
      "fcf_margin_change": 0.35959842306397366
    },
    {
      "date": "2021-09-30T00:00:00",
      "quarter_label": "2021-09 (Q3)",
      "revenue": 4175000,
      "gross_profit": 3932000,
      "operating_income": -1580000,
      "net_income": -1579000,
      "opex": 5755000,
      "cogs": 243000,
      "rd": 2307000,
      "sga": null,
      "fcf": -1896000,
      "ocf": -1896000,
      "capex": null,
      "gross_margin": 0.9417964071856287,
      "op_margin": -0.3784431137724551,
      "fcf_margin": -0.4541317365269461,
      "fcf_margin_change": -0.2545538753637191
    },
    {
      "date": "2021-12-31T00:00:00",
      "quarter_label": "2021-12 (Q4)",
      "revenue": 3997000,
      "gross_profit": 3720000,
      "operating_income": -1525000,
      "net_income": -1255000,
      "opex": 5522000,
      "cogs": 277000,
      "rd": 2192000,
      "sga": null,
      "fcf": -1022000,
      "ocf": -1016000,
      "capex": -6000,
      "gross_margin": 0.9306980235176382,
      "op_margin": -0.3815361521140856,
      "fcf_margin": -0.25569176882662,
      "rev_growth_yoy": 0.16666666666666666,
      "fcf_margin_change": 0.19843996770032613
    },
    {
      "date": "2022-03-31T00:00:00",
      "quarter_label": "2022-03 (Q1)",
      "revenue": 4692000,
      "gross_profit": 4378000,
      "operating_income": -1288000,
      "net_income": -1279000,
      "opex": 5980000,
      "cogs": 314000,
      "rd": 2424000,
      "sga": null,
      "fcf": -2381000,
      "ocf": -2381000,
      "capex": null,
      "gross_margin": 0.93307757885763,
      "op_margin": -0.27450980392156865,
      "fcf_margin": -0.507459505541347,
      "rev_growth_yoy": 0.06177868295994569,
      "rev_growth_yoy_accel": -0.10488798370672098,
      "op_leverage_ratio": 2.096435864015916,
      "fcf_margin_change": -0.251767736714727
    },
    {
      "date": "2022-06-30T00:00:00",
      "quarter_label": "2022-06 (Q2)",
      "revenue": 4238000,
      "gross_profit": 3914000,
      "operating_income": -1353000,
      "net_income": -1289000,
      "opex": 5591000,
      "cogs": 324000,
      "rd": 2229000,
      "sga": null,
      "fcf": -177000,
      "ocf": -177000,
      "capex": null,
      "gross_margin": 0.9235488437942425,
      "op_margin": -0.3192543652666352,
      "fcf_margin": -0.041764983482774895,
      "rev_growth_yoy": -0.006097560975609756,
      "rev_growth_yoy_accel": -0.06787624393555544,
      "fcf_margin_change": 0.4656945220585721
    },
    {
      "date": "2022-09-30T00:00:00",
      "quarter_label": "2022-09 (Q3)",
      "revenue": 3015000,
      "gross_profit": 2733000,
      "operating_income": 2444000,
      "net_income": 2599000,
      "opex": 571000,
      "cogs": 282000,
      "rd": 2279000,
      "sga": null,
      "fcf": -2136000,
      "ocf": -2003000,
      "capex": -133000,
      "gross_margin": 0.9064676616915422,
      "op_margin": 0.8106135986733002,
      "fcf_margin": -0.708457711442786,
      "incr_op_margin_yoy": -3.4689655172413794,
      "rev_growth_yoy": -0.2778443113772455,
      "rev_growth_yoy_accel": -0.27174675040163576,
      "fcf_margin_change": -0.6666927279600111
    },
    {
      "date": "2022-12-31T00:00:00",
      "quarter_label": "2022-12 (Q4)",
      "revenue": 4063000,
      "gross_profit": 3723000,
      "operating_income": -2020000,
      "net_income": -1757000,
      "opex": 6083000,
      "cogs": 340000,
      "rd": 2302000,
      "sga": null,
      "fcf": -1067000,
      "ocf": -481000,
      "capex": -586000,
      "gross_margin": 0.9163179916317992,
      "op_margin": -0.4971695791287226,
      "fcf_margin": -0.2626138321437362,
      "rev_growth_yoy": 0.01651238428821616,
      "rev_growth_yoy_accel": 0.2943566956654617,
      "op_leverage_ratio": 0.03600815467895164,
      "fcf_margin_change": 0.44584387929904984
    },
    {
      "date": "2023-03-31T00:00:00",
      "quarter_label": "2023-03 (Q1)",
      "revenue": 4305000,
      "gross_profit": 4007000,
      "operating_income": -1869000,
      "net_income": -1568000,
      "opex": 6174000,
      "cogs": 298000,
      "rd": 2381000,
      "sga": null,
      "fcf": -1501000,
      "ocf": -1485000,
      "capex": -16000,
      "gross_margin": 0.9307781649245064,
      "op_margin": -0.43414634146341463,
      "fcf_margin": -0.348664343786295,
      "rev_growth_yoy": -0.08248081841432225,
      "rev_growth_yoy_accel": -0.09899320270253842,
      "op_leverage_ratio": 3.9814839357049547,
      "fcf_margin_change": -0.08605051164255884
    },
    {
      "date": "2023-06-30T00:00:00",
      "quarter_label": "2023-06 (Q2)",
      "revenue": 3184000,
      "gross_profit": 2859000,
      "operating_income": -2936000,
      "net_income": -2652000,
      "opex": 6120000,
      "cogs": 325000,
      "rd": 2265000,
      "sga": null,
      "fcf": -2214000,
      "ocf": -2214000,
      "capex": null,
      "gross_margin": 0.897927135678392,
      "op_margin": -0.9221105527638191,
      "fcf_margin": -0.6953517587939698,
      "incr_op_margin_yoy": 1.5018975332068312,
      "rev_growth_yoy": -0.2487022180273714,
      "rev_growth_yoy_accel": -0.16622139961304916,
      "fcf_margin_change": -0.3466874150076748
    },
    {
      "date": "2023-09-30T00:00:00",
      "quarter_label": "2023-09 (Q3)",
      "revenue": 6381000,
      "gross_profit": 5971000,
      "operating_income": 747000,
      "net_income": 1144000,
      "opex": 5634000,
      "cogs": 410000,
      "rd": 2264000,
      "sga": null,
      "fcf": 2457000,
      "ocf": 2457000,
      "capex": null,
      "gross_margin": 0.9357467481585958,
      "op_margin": 0.11706629055007052,
      "fcf_margin": 0.385049365303244,
      "incr_op_margin_yoy": -0.504159239453357,
      "rev_growth_yoy": 1.1164179104477612,
      "rev_growth_yoy_accel": 1.3651201284751326,
      "op_leverage_ratio": Infinity,
      "fcf_margin_change": 1.0804011240972138
    },
    {
      "date": "2023-12-31T00:00:00",
      "quarter_label": "2023-12 (Q4)",
      "revenue": 4374000,
      "gross_profit": 4134000,
      "operating_income": -4483000,
      "net_income": -4239000,
      "opex": 8857000,
      "cogs": 240000,
      "rd": 2215000,
      "sga": null,
      "fcf": 3065000,
      "ocf": 3065000,
      "capex": null,
      "gross_margin": 0.9451303155006858,
      "op_margin": -1.0249199817101051,
      "fcf_margin": 0.7007315957933242,
      "rev_growth_yoy": 0.07654442530150135,
      "rev_growth_yoy_accel": -1.0398734851462599,
      "fcf_margin_change": 0.3156822304900802
    },
    {
      "date": "2024-03-31T00:00:00",
      "quarter_label": "2024-03 (Q1)",
      "revenue": 4421000,
      "gross_profit": 4145000,
      "operating_income": -1262000,
      "net_income": -982000,
      "opex": 5683000,
      "cogs": 276000,
      "rd": 2182000,
      "sga": null,
      "fcf": -2411000,
      "ocf": -2411000,
      "capex": null,
      "gross_margin": 0.937570685365302,
      "op_margin": -0.2854557792354671,
      "fcf_margin": -0.5453517303777425,
      "rev_growth_yoy": 0.02694541231126597,
      "rev_growth_yoy_accel": -0.04959901299023538,
      "op_leverage_ratio": Infinity,
      "fcf_margin_change": -1.2460833261710667
    },
    {
      "date": "2024-06-30T00:00:00",
      "quarter_label": "2024-06 (Q2)",
      "revenue": 4322000,
      "gross_profit": 4052000,
      "operating_income": -1341000,
      "net_income": -1089000,
      "opex": 5663000,
      "cogs": 270000,
      "rd": 1867000,
      "sga": null,
      "fcf": -668000,
      "ocf": -668000,
      "capex": null,
      "gross_margin": 0.9375289217954651,
      "op_margin": -0.3102730217491902,
      "fcf_margin": -0.15455807496529383,
      "incr_op_margin_yoy": 1.4015817223198594,
      "rev_growth_yoy": 0.3574120603015075,
      "rev_growth_yoy_accel": 0.33046664799024156,
      "fcf_margin_change": 0.3907936554124487
    },
    {
      "date": "2024-09-30T00:00:00",
      "quarter_label": "2024-09 (Q3)",
      "revenue": 3849000,
      "gross_profit": 3579000,
      "operating_income": -1467000,
      "net_income": -1167000,
      "opex": 5316000,
      "cogs": 270000,
      "rd": 1873000,
      "sga": null,
      "fcf": -765000,
      "ocf": -765000,
      "capex": null,
      "gross_margin": 0.9298519095869057,
      "op_margin": -0.38113795791114574,
      "fcf_margin": -0.19875292283710055,
      "incr_op_margin_yoy": 0.8744075829383886,
      "rev_growth_yoy": -0.39680300893276915,
      "rev_growth_yoy_accel": -0.7542150692342766,
      "fcf_margin_change": -0.04419484787180672
    },
    {
      "date": "2024-12-31T00:00:00",
      "quarter_label": "2024-12 (Q4)",
      "revenue": 4797000,
      "gross_profit": 4482000,
      "operating_income": -1474000,
      "net_income": -1192000,
      "opex": 6271000,
      "cogs": 315000,
      "rd": 1835000,
      "sga": null,
      "fcf": 683000,
      "ocf": 683000,
      "capex": null,
      "gross_margin": 0.9343339587242027,
      "op_margin": -0.30727538044611213,
      "fcf_margin": 0.14238065457577653,
      "rev_growth_yoy": 0.09670781893004116,
      "rev_growth_yoy_accel": 0.4935108278628103,
      "op_leverage_ratio": 1.3710144336123207,
      "fcf_margin_change": 0.3411335774128771
    },
    {
      "date": "2025-03-31T00:00:00",
      "quarter_label": "2025-03 (Q1)",
      "revenue": 3608000,
      "gross_profit": 3363000,
      "operating_income": -1852000,
      "net_income": -1598000,
      "opex": 5460000,
      "cogs": 245000,
      "rd": 1922000,
      "sga": null,
      "fcf": -2985000,
      "ocf": -2940000,
      "capex": -45000,
      "gross_margin": 0.9320953436807096,
      "op_margin": -0.5133037694013304,
      "fcf_margin": -0.8273281596452328,
      "rev_growth_yoy": -0.18389504636959964,
      "rev_growth_yoy_accel": -0.2806028652996408,
      "fcf_margin_change": -0.9697088142210093
    },
    {
      "date": "2025-06-30T00:00:00",
      "quarter_label": "2025-06 (Q2)",
      "revenue": 3895000,
      "gross_profit": 3556000,
      "operating_income": -1961000,
      "net_income": -1769000,
      "opex": 5856000,
      "cogs": 339000,
      "rd": 1960000,
      "sga": null,
      "fcf": -1151000,
      "ocf": -1151000,
      "capex": null,
      "gross_margin": 0.9129653401797175,
      "op_margin": -0.5034659820282413,
      "fcf_margin": -0.29550706033376123,
      "rev_growth_yoy": -0.0987968533086534,
      "rev_growth_yoy_accel": 0.08509819306094624,
      "op_leverage_ratio": 1.096763085399449,
      "fcf_margin_change": 0.5318210993114716
    },
    {
      "date": "2025-09-30T00:00:00",
      "quarter_label": "2025-09 (Q3)",
      "revenue": 5129000,
      "gross_profit": 4638000,
      "operating_income": -1295000,
      "net_income": -1053000,
      "opex": 6424000,
      "cogs": 491000,
      "rd": 2131000,
      "sga": null,
      "fcf": -2353000,
      "ocf": -2353000,
      "capex": null,
      "gross_margin": 0.9042698381750829,
      "op_margin": -0.2524858646909729,
      "fcf_margin": -0.4587638915968025,
      "incr_op_margin_yoy": 0.134375,
      "rev_growth_yoy": 0.3325539101065212,
      "rev_growth_yoy_accel": 0.4313507634151746,
      "op_leverage_ratio": 3.2663327848993835,
      "fcf_margin_change": -0.16325683126304125
    }
  ],
  "signals": [
    {
      "quarter": "2025-09 (Q3)",
      "signal": "OPERATING LEVERAGE",
      "detail": "Rev growth +31.7% vs OpEx growth +9.7% (leverage: 3.3x)",
      "severity": "MEDIUM"
    },
    {
      "quarter": "2025-09 (Q3)",
      "signal": "YoY REVENUE GROWTH ACCELERATION",
      "detail": "YoY growth: +33.3% vs prior quarter YoY: -9.9% (accel: +43.1%)",
      "severity": "HIGH"
    },
    {
      "quarter": "2025-06 (Q2)",
      "signal": "FCF MARGIN EXPANSION",
      "detail": "FCF margin: -82.7% -> -29.6% (+53.2%)",
      "severity": "MEDIUM"
    },
    {
      "quarter": "2025-06 (Q2)",
      "signal": "YoY REVENUE GROWTH ACCELERATION",
      "detail": "YoY growth: -9.9% vs prior quarter YoY: -18.4% (accel: +8.5%)",
      "severity": "MEDIUM"
    },
    {
      "quarter": "2025-03 (Q1)",
      "signal": "YoY REVENUE GROWTH DECELERATION",
      "detail": "YoY growth: -18.4% vs prior quarter YoY: +9.7% (decel: -28.1%)",
      "severity": "WARNING"
    },
    {
      "quarter": "2024-12 (Q4)",
      "signal": "FCF TURNED POSITIVE",
      "detail": "FCF margin: -19.9% -> +14.2%",
      "severity": "HIGH"
    },
    {
      "quarter": "2024-12 (Q4)",
      "signal": "YoY REVENUE GROWTH ACCELERATION",
      "detail": "YoY growth: +9.7% vs prior quarter YoY: -39.7% (accel: +49.4%)",
      "severity": "HIGH"
    },
    {
      "quarter": "2024-09 (Q3)",
      "signal": "YoY REVENUE GROWTH DECELERATION",
      "detail": "YoY growth: -39.7% vs prior quarter YoY: +35.7% (decel: -75.4%)",
      "severity": "WARNING"
    },
    {
      "quarter": "2024-06 (Q2)",
      "signal": "FCF MARGIN EXPANSION",
      "detail": "FCF margin: -54.5% -> -15.5% (+39.1%)",
      "severity": "MEDIUM"
    },
    {
      "quarter": "2024-06 (Q2)",
      "signal": "YoY REVENUE GROWTH ACCELERATION",
      "detail": "YoY growth: +35.7% vs prior quarter YoY: +2.7% (accel: +33.0%)",
      "severity": "HIGH"
    },
    {
      "quarter": "2023-12 (Q4)",
      "signal": "FCF MARGIN EXPANSION",
      "detail": "FCF margin: +38.5% -> +70.1% (+31.6%)",
      "severity": "MEDIUM"
    },
    {
      "quarter": "2023-12 (Q4)",
      "signal": "YoY REVENUE GROWTH DECELERATION",
      "detail": "YoY growth: +7.7% vs prior quarter YoY: +111.6% (decel: -104.0%)",
      "severity": "WARNING"
    },
    {
      "quarter": "2023-09 (Q3)",
      "signal": "FCF TURNED POSITIVE",
      "detail": "FCF margin: -69.5% -> +38.5%",
      "severity": "HIGH"
    },
    {
      "quarter": "2023-09 (Q3)",
      "signal": "GROSS MARGIN INFLECTION",
      "detail": "GM: +93.1% -> +89.8% -> +93.6% (reversal +3.8%)",
      "severity": "MEDIUM"
    },
    {
      "quarter": "2023-09 (Q3)",
      "signal": "YoY REVENUE GROWTH ACCELERATION",
      "detail": "YoY growth: +111.6% vs prior quarter YoY: -24.9% (accel: +136.5%)",
      "severity": "HIGH"
    },
    {
      "quarter": "2023-09 (Q3)",
      "signal": "OP MARGIN TURNED POSITIVE (QoQ)",
      "detail": "Op margin: -92.2% -> +11.7%",
      "severity": "HIGH"
    },
    {
      "quarter": "2023-06 (Q2)",
      "signal": "YoY REVENUE GROWTH DECELERATION",
      "detail": "YoY growth: -24.9% vs prior quarter YoY: -8.2% (decel: -16.6%)",
      "severity": "WARNING"
    },
    {
      "quarter": "2023-03 (Q1)",
      "signal": "OPERATING LEVERAGE",
      "detail": "Rev growth +6.0% vs OpEx growth +1.5% (leverage: 4.0x)",
      "severity": "MEDIUM"
    },
    {
      "quarter": "2023-03 (Q1)",
      "signal": "YoY REVENUE GROWTH DECELERATION",
      "detail": "YoY growth: -8.2% vs prior quarter YoY: +1.7% (decel: -9.9%)",
      "severity": "WARNING"
    },
    {
      "quarter": "2022-12 (Q4)",
      "signal": "FCF MARGIN EXPANSION",
      "detail": "FCF margin: -70.8% -> -26.3% (+44.6%)",
      "severity": "MEDIUM"
    },
    {
      "quarter": "2022-12 (Q4)",
      "signal": "YoY REVENUE GROWTH ACCELERATION",
      "detail": "YoY growth: +1.7% vs prior quarter YoY: -27.8% (accel: +29.4%)",
      "severity": "HIGH"
    },
    {
      "quarter": "2022-09 (Q3)",
      "signal": "YoY REVENUE GROWTH DECELERATION",
      "detail": "YoY growth: -27.8% vs prior quarter YoY: -0.6% (decel: -27.2%)",
      "severity": "WARNING"
    },
    {
      "quarter": "2022-09 (Q3)",
      "signal": "OP MARGIN TURNED POSITIVE (YoY)",
      "detail": "Op margin: -37.8% (year-ago) -> +81.1%",
      "severity": "HIGH"
    },
    {
      "quarter": "2022-09 (Q3)",
      "signal": "OP MARGIN TURNED POSITIVE (QoQ)",
      "detail": "Op margin: -31.9% -> +81.1%",
      "severity": "HIGH"
    },
    {
      "quarter": "2022-06 (Q2)",
      "signal": "FCF MARGIN EXPANSION",
      "detail": "FCF margin: -50.7% -> -4.2% (+46.6%)",
      "severity": "MEDIUM"
    },
    {
      "quarter": "2022-06 (Q2)",
      "signal": "YoY REVENUE GROWTH DECELERATION",
      "detail": "YoY growth: -0.6% vs prior quarter YoY: +6.2% (decel: -6.8%)",
      "severity": "WARNING"
    },
    {
      "quarter": "2022-03 (Q1)",
      "signal": "OPERATING LEVERAGE",
      "detail": "Rev growth +17.4% vs OpEx growth +8.3% (leverage: 2.1x)",
      "severity": "MEDIUM"
    },
    {
      "quarter": "2022-03 (Q1)",
      "signal": "YoY REVENUE GROWTH DECELERATION",
      "detail": "YoY growth: +6.2% vs prior quarter YoY: +16.7% (decel: -10.5%)",
      "severity": "WARNING"
    },
    {
      "quarter": "2021-12 (Q4)",
      "signal": "FCF MARGIN EXPANSION",
      "detail": "FCF margin: -45.4% -> -25.6% (+19.8%)",
      "severity": "MEDIUM"
    },
    {
      "quarter": "2021-06 (Q2)",
      "signal": "FCF MARGIN EXPANSION",
      "detail": "FCF margin: -55.9% -> -20.0% (+36.0%)",
      "severity": "MEDIUM"
    },
    {
      "quarter": "2021-03 (Q1)",
      "signal": "OPERATING LEVERAGE",
      "detail": "Rev growth +29.0% vs OpEx growth +11.1% (leverage: 2.6x)",
      "severity": "MEDIUM"
    }
  ],
  "data_quality": {
    "n_quarters": 20,
    "coverage": {
      "revenue": [
        20,
        20
      ],
      "gross_profit": [
        20,
        20
      ],
      "op_income": [
        20,
        20
      ],
      "fcf": [
        20,
        20
      ]
    },
    "gaps": [],
    "warnings": []
  },
  "market_cap": null,
  "source": "SEC EDGAR",
  "last_updated": "2026-02-02T23:45:04.506628",
  "sector": "Technology",
  "industry": "Software - Application"
}