{
  "ticker": "AXGN",
  "name": "AXOGEN, INC.",
  "quarters": [
    {
      "date": "2020-12-31T00:00:00",
      "quarter_label": "2020-12 (Q4)",
      "revenue": 32495000,
      "gross_profit": 27032000,
      "operating_income": -5374000,
      "net_income": -6010000,
      "opex": 32406000,
      "cogs": 5463000,
      "rd": 4931000,
      "sga": null,
      "fcf": -161000,
      "ocf": 2837000,
      "capex": -2998000,
      "gross_margin": 0.8318818279735344,
      "op_margin": -0.1653792891214033,
      "fcf_margin": -0.004954608401292506
    },
    {
      "date": "2021-03-31T00:00:00",
      "quarter_label": "2021-03 (Q1)",
      "revenue": 31037000,
      "gross_profit": 25865000,
      "operating_income": -6220000,
      "net_income": -6660000,
      "opex": 32085000,
      "cogs": 5172000,
      "rd": 5748000,
      "sga": null,
      "fcf": -13915000,
      "ocf": -10820000,
      "capex": -3095000,
      "gross_margin": 0.8333601830073782,
      "op_margin": -0.20040596707155975,
      "fcf_margin": -0.44833585720269353,
      "fcf_margin_change": -0.443381248801401
    },
    {
      "date": "2021-06-30T00:00:00",
      "quarter_label": "2021-06 (Q2)",
      "revenue": 33580000,
      "gross_profit": 26488000,
      "operating_income": -7154000,
      "net_income": -7898000,
      "opex": 33642000,
      "cogs": 7092000,
      "rd": 5723000,
      "sga": null,
      "fcf": -8524000,
      "ocf": -695000,
      "capex": -7829000,
      "gross_margin": 0.7888028588445504,
      "op_margin": -0.21304347826086956,
      "fcf_margin": -0.25384157236450267,
      "op_leverage_ratio": 1.688418317052498,
      "fcf_margin_change": 0.19449428483819087
    },
    {
      "date": "2021-09-30T00:00:00",
      "quarter_label": "2021-09 (Q3)",
      "revenue": 31204000,
      "gross_profit": 25965000,
      "operating_income": -6689000,
      "net_income": -7141000,
      "opex": 32654000,
      "cogs": 5239000,
      "rd": 6404000,
      "sga": null,
      "fcf": -10093000,
      "ocf": -376000,
      "capex": -9717000,
      "gross_margin": 0.8321048583514934,
      "op_margin": -0.21436354313549544,
      "fcf_margin": -0.32345212152288166,
      "fcf_margin_change": -0.069610549158379
    },
    {
      "date": "2021-12-31T00:00:00",
      "quarter_label": "2021-12 (Q4)",
      "revenue": 31537000,
      "gross_profit": 26109000,
      "operating_income": -5353000,
      "net_income": -5286000,
      "opex": 31462000,
      "cogs": 5428000,
      "rd": 6302000,
      "sga": null,
      "fcf": -8684000,
      "ocf": -1514000,
      "capex": -7170000,
      "gross_margin": 0.8278847068522688,
      "op_margin": -0.1697371341598757,
      "fcf_margin": -0.2753591020071662,
      "rev_growth_yoy": -0.029481458685951686,
      "op_leverage_ratio": Infinity,
      "fcf_margin_change": 0.048093019515715485
    },
    {
      "date": "2022-03-31T00:00:00",
      "quarter_label": "2022-03 (Q1)",
      "revenue": 31007000,
      "gross_profit": 25461000,
      "operating_income": -11320000,
      "net_income": -11475000,
      "opex": 36781000,
      "cogs": 5546000,
      "rd": 6275000,
      "sga": null,
      "fcf": -16088000,
      "ocf": -11051000,
      "capex": -5037000,
      "gross_margin": 0.8211371625761925,
      "op_margin": -0.3650788531621892,
      "fcf_margin": -0.5188505821266166,
      "rev_growth_yoy": -0.0009665882656184554,
      "rev_growth_yoy_accel": 0.02851487042033323,
      "fcf_margin_change": -0.24349148011945043
    },
    {
      "date": "2022-06-30T00:00:00",
      "quarter_label": "2022-06 (Q2)",
      "revenue": 34454000,
      "gross_profit": 28170000,
      "operating_income": -7924000,
      "net_income": -7740000,
      "opex": 36094000,
      "cogs": 6284000,
      "rd": 7022000,
      "sga": null,
      "fcf": -9737000,
      "ocf": -5688000,
      "capex": -4049000,
      "gross_margin": 0.8176118883148545,
      "op_margin": -0.22998780983340106,
      "fcf_margin": -0.2826086956521739,
      "rev_growth_yoy": 0.026027397260273973,
      "rev_growth_yoy_accel": 0.02699398552589243,
      "op_leverage_ratio": Infinity,
      "fcf_margin_change": 0.23624188647444272
    },
    {
      "date": "2022-09-30T00:00:00",
      "quarter_label": "2022-09 (Q3)",
      "revenue": 36959000,
      "gross_profit": 30783000,
      "operating_income": -4855000,
      "net_income": -4318000,
      "opex": 35638000,
      "cogs": 6176000,
      "rd": 7050000,
      "sga": null,
      "fcf": -5059000,
      "ocf": -689000,
      "capex": -4370000,
      "gross_margin": 0.8328959116859223,
      "op_margin": -0.13136177926891962,
      "fcf_margin": -0.13688140912903488,
      "incr_op_margin_yoy": 0.31867940920938315,
      "rev_growth_yoy": 0.18443148314318678,
      "rev_growth_yoy_accel": 0.1584040858829128,
      "op_leverage_ratio": Infinity,
      "fcf_margin_change": 0.14572728652313902
    },
    {
      "date": "2022-12-31T00:00:00",
      "quarter_label": "2022-12 (Q4)",
      "revenue": 36164000,
      "gross_profit": 30023000,
      "operating_income": -5608000,
      "net_income": -5415000,
      "opex": 35631000,
      "cogs": 6141000,
      "rd": 6811000,
      "sga": null,
      "fcf": -5260000,
      "ocf": 1362000,
      "capex": -6622000,
      "gross_margin": 0.8301902444419865,
      "op_margin": -0.15507134166574493,
      "fcf_margin": -0.14544851233270656,
      "incr_op_margin_yoy": -0.05511130322022909,
      "rev_growth_yoy": 0.14671655515743412,
      "rev_growth_yoy_accel": -0.037714927985752655,
      "fcf_margin_change": -0.008567103203671683
    },
    {
      "date": "2023-03-31T00:00:00",
      "quarter_label": "2023-03 (Q1)",
      "revenue": 36664000,
      "gross_profit": 29955000,
      "operating_income": -7341000,
      "net_income": -7074000,
      "opex": 37296000,
      "cogs": 6709000,
      "rd": 6679000,
      "sga": null,
      "fcf": -11727000,
      "ocf": -7423000,
      "capex": -4304000,
      "gross_margin": 0.8170139646519747,
      "op_margin": -0.20022365262928213,
      "fcf_margin": -0.3198505345843334,
      "incr_op_margin_yoy": 0.703376347887573,
      "rev_growth_yoy": 0.1824426742348502,
      "rev_growth_yoy_accel": 0.035726119077416074,
      "op_leverage_ratio": 0.29587435018250197,
      "fcf_margin_change": -0.17440202225162682
    },
    {
      "date": "2023-06-30T00:00:00",
      "quarter_label": "2023-06 (Q2)",
      "revenue": 38155000,
      "gross_profit": 30927000,
      "operating_income": -6902000,
      "net_income": -6660000,
      "opex": 37829000,
      "cogs": 7228000,
      "rd": 7363000,
      "sga": null,
      "fcf": -4123000,
      "ocf": 292000,
      "capex": -4415000,
      "gross_margin": 0.8105621805792164,
      "op_margin": -0.18089372297208753,
      "fcf_margin": -0.10805923207967501,
      "incr_op_margin_yoy": 0.27614158335584976,
      "rev_growth_yoy": 0.10741858710164277,
      "rev_growth_yoy_accel": -0.07502408713320742,
      "op_leverage_ratio": 2.845593409692972,
      "fcf_margin_change": 0.21179130250465839
    },
    {
      "date": "2023-09-30T00:00:00",
      "quarter_label": "2023-09 (Q3)",
      "revenue": 41271000,
      "gross_profit": 33228000,
      "operating_income": -4025000,
      "net_income": -4089000,
      "opex": 37253000,
      "cogs": 8043000,
      "rd": 6989000,
      "sga": null,
      "fcf": -2064000,
      "ocf": 1626000,
      "capex": -3690000,
      "gross_margin": 0.8051173947808389,
      "op_margin": -0.09752610792081606,
      "fcf_margin": -0.05001090354001599,
      "incr_op_margin_yoy": 0.1924860853432282,
      "rev_growth_yoy": 0.11666982331773046,
      "rev_growth_yoy_accel": 0.009251236216087685,
      "op_leverage_ratio": Infinity,
      "fcf_margin_change": 0.058048328539659015
    },
    {
      "date": "2023-12-31T00:00:00",
      "quarter_label": "2023-12 (Q4)",
      "revenue": 42922000,
      "gross_profit": 33764000,
      "operating_income": -3194000,
      "net_income": -3893000,
      "opex": 36958000,
      "cogs": 9158000,
      "rd": 7301000,
      "sga": null,
      "fcf": -1674000,
      "ocf": -211000,
      "capex": -1463000,
      "gross_margin": 0.7866362238479102,
      "op_margin": -0.07441405339918923,
      "fcf_margin": -0.03900097851917431,
      "incr_op_margin_yoy": 0.3572062740455756,
      "rev_growth_yoy": 0.18687092135825684,
      "rev_growth_yoy_accel": 0.07020109804052638,
      "op_leverage_ratio": Infinity,
      "fcf_margin_change": 0.01100992502084168
    },
    {
      "date": "2024-03-31T00:00:00",
      "quarter_label": "2024-03 (Q1)",
      "revenue": 41378000,
      "gross_profit": 32620000,
      "operating_income": -4560000,
      "net_income": -6635000,
      "opex": 37180000,
      "cogs": 8758000,
      "rd": 7409000,
      "sga": null,
      "fcf": -13190000,
      "ocf": -12266000,
      "capex": -924000,
      "gross_margin": 0.7883416308183092,
      "op_margin": -0.11020348977717628,
      "fcf_margin": -0.31876842766687613,
      "incr_op_margin_yoy": 0.5899448451421299,
      "rev_growth_yoy": 0.12857298712633647,
      "rev_growth_yoy_accel": -0.05829793423192037,
      "fcf_margin_change": -0.2797674491477018
    },
    {
      "date": "2024-06-30T00:00:00",
      "quarter_label": "2024-06 (Q2)",
      "revenue": 47912000,
      "gross_profit": 35345000,
      "operating_income": -428000,
      "net_income": -1921000,
      "opex": 35773000,
      "cogs": 12567000,
      "rd": 6658000,
      "sga": null,
      "fcf": 3255000,
      "ocf": 4165000,
      "capex": -910000,
      "gross_margin": 0.7377066288195024,
      "op_margin": -0.008933043913842044,
      "fcf_margin": 0.06793705126064452,
      "incr_op_margin_yoy": 0.663523624064774,
      "rev_growth_yoy": 0.2557200891102084,
      "rev_growth_yoy_accel": 0.1271471019838719,
      "op_leverage_ratio": Infinity,
      "fcf_margin_change": 0.38670547892752066
    },
    {
      "date": "2024-09-30T00:00:00",
      "quarter_label": "2024-09 (Q3)",
      "revenue": 48644000,
      "gross_profit": 36438000,
      "operating_income": -316000,
      "net_income": -1858000,
      "opex": 36754000,
      "cogs": 12206000,
      "rd": 6996000,
      "sga": null,
      "fcf": 3304000,
      "ocf": 3901000,
      "capex": -597000,
      "gross_margin": 0.7490749116026643,
      "op_margin": -0.006496176301291012,
      "fcf_margin": 0.06792204588438451,
      "incr_op_margin_yoy": 0.5030516750305167,
      "rev_growth_yoy": 0.1786484456397955,
      "rev_growth_yoy_accel": -0.07707164347041287,
      "op_leverage_ratio": 0.5571256273606607,
      "fcf_margin_change": -1.5005376260007752e-05
    },
    {
      "date": "2024-12-31T00:00:00",
      "quarter_label": "2024-12 (Q4)",
      "revenue": 49405000,
      "gross_profit": 37575000,
      "operating_income": 2017000,
      "net_income": 450000,
      "opex": 35558000,
      "cogs": 11830000,
      "rd": 6704000,
      "sga": null,
      "fcf": 8065000,
      "ocf": 8735000,
      "capex": -670000,
      "gross_margin": 0.760550551563607,
      "op_margin": 0.04082582734541038,
      "fcf_margin": 0.1632425867827143,
      "incr_op_margin_yoy": 0.8037945395650162,
      "rev_growth_yoy": 0.15104142397837939,
      "rev_growth_yoy_accel": -0.027607021661416126,
      "op_leverage_ratio": Infinity,
      "fcf_margin_change": 0.0953205408983298
    },
    {
      "date": "2025-03-31T00:00:00",
      "quarter_label": "2025-03 (Q1)",
      "revenue": 48560000,
      "gross_profit": 34933000,
      "operating_income": -1661000,
      "net_income": -3834000,
      "opex": 36594000,
      "cogs": 13627000,
      "rd": 6091000,
      "sga": null,
      "fcf": -13435000,
      "ocf": -13179000,
      "capex": -256000,
      "gross_margin": 0.7193780889621088,
      "op_margin": -0.03420510708401977,
      "fcf_margin": -0.276668039538715,
      "incr_op_margin_yoy": 0.4036480089111668,
      "rev_growth_yoy": 0.17357049639905264,
      "rev_growth_yoy_accel": 0.022529072420673257,
      "fcf_margin_change": -0.4399106263214293
    },
    {
      "date": "2025-06-30T00:00:00",
      "quarter_label": "2025-06 (Q2)",
      "revenue": 56662000,
      "gross_profit": 42018000,
      "operating_income": 1672000,
      "net_income": 579000,
      "opex": 40346000,
      "cogs": 14644000,
      "rd": 6853000,
      "sga": null,
      "fcf": 7008000,
      "ocf": 7730000,
      "capex": -722000,
      "gross_margin": 0.7415551868977445,
      "op_margin": 0.029508312449260526,
      "fcf_margin": 0.12368077371077618,
      "incr_op_margin_yoy": 0.24,
      "rev_growth_yoy": 0.18262648188345298,
      "rev_growth_yoy_accel": 0.009055985484400342,
      "op_leverage_ratio": 1.6272737351721038,
      "fcf_margin_change": 0.4003488132494912
    },
    {
      "date": "2025-09-30T00:00:00",
      "quarter_label": "2025-09 (Q3)",
      "revenue": 60082000,
      "gross_profit": 45993000,
      "operating_income": 1912000,
      "net_income": 708000,
      "opex": 44081000,
      "cogs": 14089000,
      "rd": 7565000,
      "sga": null,
      "fcf": 1703000,
      "ocf": 3223000,
      "capex": -1520000,
      "gross_margin": 0.7655038114576745,
      "op_margin": 0.03182317499417463,
      "fcf_margin": 0.028344595719183782,
      "incr_op_margin_yoy": 0.19478929882846652,
      "rev_growth_yoy": 0.23513691308280568,
      "rev_growth_yoy_accel": 0.0525104311993527,
      "op_leverage_ratio": 0.6519947284106601,
      "fcf_margin_change": -0.0953361779915924
    }
  ],
  "signals": [
    {
      "quarter": "2025-09 (Q3)",
      "signal": "YoY REVENUE GROWTH ACCELERATION",
      "detail": "YoY growth: +23.5% vs prior quarter YoY: +18.3% (accel: +5.3%)",
      "severity": "MEDIUM"
    },
    {
      "quarter": "2025-09 (Q3)",
      "signal": "OP MARGIN TURNED POSITIVE (YoY)",
      "detail": "Op margin: -0.6% (year-ago) -> +3.2%",
      "severity": "HIGH"
    },
    {
      "quarter": "2025-06 (Q2)",
      "signal": "FCF TURNED POSITIVE",
      "detail": "FCF margin: -27.7% -> +12.4%",
      "severity": "HIGH"
    },
    {
      "quarter": "2025-06 (Q2)",
      "signal": "OPERATING LEVERAGE",
      "detail": "Rev growth +16.7% vs OpEx growth +10.3% (leverage: 1.6x)",
      "severity": "MEDIUM"
    },
    {
      "quarter": "2025-06 (Q2)",
      "signal": "GROSS MARGIN INFLECTION",
      "detail": "GM: +76.1% -> +71.9% -> +74.2% (reversal +2.2%)",
      "severity": "MEDIUM"
    },
    {
      "quarter": "2025-06 (Q2)",
      "signal": "OP MARGIN TURNED POSITIVE (YoY)",
      "detail": "Op margin: -0.9% (year-ago) -> +3.0%",
      "severity": "HIGH"
    },
    {
      "quarter": "2025-06 (Q2)",
      "signal": "OP MARGIN TURNED POSITIVE (QoQ)",
      "detail": "Op margin: -3.4% -> +3.0%",
      "severity": "HIGH"
    },
    {
      "quarter": "2024-12 (Q4)",
      "signal": "FCF MARGIN EXPANSION",
      "detail": "FCF margin: +6.8% -> +16.3% (+9.5%)",
      "severity": "MEDIUM"
    },
    {
      "quarter": "2024-12 (Q4)",
      "signal": "OP MARGIN TURNED POSITIVE (YoY)",
      "detail": "Op margin: -7.4% (year-ago) -> +4.1%",
      "severity": "HIGH"
    },
    {
      "quarter": "2024-12 (Q4)",
      "signal": "OP MARGIN TURNED POSITIVE (QoQ)",
      "detail": "Op margin: -0.6% -> +4.1%",
      "severity": "HIGH"
    },
    {
      "quarter": "2024-09 (Q3)",
      "signal": "YoY REVENUE GROWTH DECELERATION",
      "detail": "YoY growth: +17.9% vs prior quarter YoY: +25.6% (decel: -7.7%)",
      "severity": "WARNING"
    },
    {
      "quarter": "2024-06 (Q2)",
      "signal": "FCF TURNED POSITIVE",
      "detail": "FCF margin: -31.9% -> +6.8%",
      "severity": "HIGH"
    },
    {
      "quarter": "2024-06 (Q2)",
      "signal": "YoY REVENUE GROWTH ACCELERATION",
      "detail": "YoY growth: +25.6% vs prior quarter YoY: +12.9% (accel: +12.7%)",
      "severity": "MEDIUM"
    },
    {
      "quarter": "2024-03 (Q1)",
      "signal": "YoY REVENUE GROWTH DECELERATION",
      "detail": "YoY growth: +12.9% vs prior quarter YoY: +18.7% (decel: -5.8%)",
      "severity": "WARNING"
    },
    {
      "quarter": "2023-12 (Q4)",
      "signal": "YoY REVENUE GROWTH ACCELERATION",
      "detail": "YoY growth: +18.7% vs prior quarter YoY: +11.7% (accel: +7.0%)",
      "severity": "MEDIUM"
    },
    {
      "quarter": "2023-09 (Q3)",
      "signal": "FCF MARGIN EXPANSION",
      "detail": "FCF margin: -10.8% -> -5.0% (+5.8%)",
      "severity": "MEDIUM"
    },
    {
      "quarter": "2023-06 (Q2)",
      "signal": "FCF MARGIN EXPANSION",
      "detail": "FCF margin: -32.0% -> -10.8% (+21.2%)",
      "severity": "MEDIUM"
    },
    {
      "quarter": "2023-06 (Q2)",
      "signal": "OPERATING LEVERAGE",
      "detail": "Rev growth +4.1% vs OpEx growth +1.4% (leverage: 2.8x)",
      "severity": "MEDIUM"
    },
    {
      "quarter": "2023-06 (Q2)",
      "signal": "YoY REVENUE GROWTH DECELERATION",
      "detail": "YoY growth: +10.7% vs prior quarter YoY: +18.2% (decel: -7.5%)",
      "severity": "WARNING"
    },
    {
      "quarter": "2022-09 (Q3)",
      "signal": "FCF MARGIN EXPANSION",
      "detail": "FCF margin: -28.3% -> -13.7% (+14.6%)",
      "severity": "MEDIUM"
    },
    {
      "quarter": "2022-09 (Q3)",
      "signal": "YoY REVENUE GROWTH ACCELERATION",
      "detail": "YoY growth: +18.4% vs prior quarter YoY: +2.6% (accel: +15.8%)",
      "severity": "HIGH"
    },
    {
      "quarter": "2022-06 (Q2)",
      "signal": "FCF MARGIN EXPANSION",
      "detail": "FCF margin: -51.9% -> -28.3% (+23.6%)",
      "severity": "MEDIUM"
    },
    {
      "quarter": "2021-09 (Q3)",
      "signal": "GROSS MARGIN INFLECTION",
      "detail": "GM: +83.3% -> +78.9% -> +83.2% (reversal +4.3%)",
      "severity": "MEDIUM"
    },
    {
      "quarter": "2021-06 (Q2)",
      "signal": "FCF MARGIN EXPANSION",
      "detail": "FCF margin: -44.8% -> -25.4% (+19.4%)",
      "severity": "MEDIUM"
    },
    {
      "quarter": "2021-06 (Q2)",
      "signal": "OPERATING LEVERAGE",
      "detail": "Rev growth +8.2% vs OpEx growth +4.9% (leverage: 1.7x)",
      "severity": "MEDIUM"
    }
  ],
  "data_quality": {
    "n_quarters": 20,
    "coverage": {
      "revenue": [
        20,
        20
      ],
      "gross_profit": [
        20,
        20
      ],
      "op_income": [
        20,
        20
      ],
      "fcf": [
        20,
        20
      ]
    },
    "gaps": [],
    "warnings": []
  },
  "market_cap": null,
  "source": "SEC EDGAR",
  "last_updated": "2026-02-02T21:45:56.066283",
  "sector": "Healthcare",
  "industry": "Medical Devices"
}