{
  "ticker": "AXIL",
  "name": "AXIL BRANDS, INC.",
  "quarters": [
    {
      "date": "2021-02-28T00:00:00",
      "quarter_label": "2021-02 (Q1)",
      "revenue": 364966,
      "gross_profit": 271475,
      "operating_income": -70628,
      "net_income": -56060,
      "opex": 342103,
      "cogs": 93491,
      "rd": null,
      "sga": null,
      "fcf": -86847,
      "ocf": -86847,
      "capex": null,
      "gross_margin": 0.7438364121589408,
      "op_margin": -0.19351939632732912,
      "fcf_margin": -0.23795915235939785
    },
    {
      "date": "2021-05-31T00:00:00",
      "quarter_label": "2021-05 (Q2)",
      "revenue": 356129,
      "gross_profit": 234006,
      "operating_income": -236945,
      "net_income": -225529,
      "opex": 470951,
      "cogs": 122123,
      "rd": null,
      "sga": null,
      "fcf": -25805,
      "ocf": -25805,
      "capex": null,
      "gross_margin": 0.6570821247356997,
      "op_margin": -0.6653347522948145,
      "fcf_margin": -0.07245969859236401,
      "fcf_margin_change": 0.16549945376703384
    },
    {
      "date": "2021-08-31T00:00:00",
      "quarter_label": "2021-08 (Q3)",
      "revenue": 839272,
      "gross_profit": 475376,
      "operating_income": -14474,
      "net_income": -16039,
      "opex": 489850,
      "cogs": 363896,
      "rd": null,
      "sga": null,
      "fcf": 8317,
      "ocf": 8317,
      "capex": null,
      "gross_margin": 0.5664147022657732,
      "op_margin": -0.017245898826602102,
      "fcf_margin": 0.009909778951281588,
      "op_leverage_ratio": 33.8068922810283,
      "fcf_margin_change": 0.0823694775436456
    },
    {
      "date": "2021-11-30T00:00:00",
      "quarter_label": "2021-11 (Q4)",
      "revenue": 493816,
      "gross_profit": 381016,
      "operating_income": -5237,
      "net_income": 28201,
      "opex": 386253,
      "cogs": 112800,
      "rd": null,
      "sga": null,
      "fcf": -36377,
      "ocf": -36377,
      "capex": null,
      "gross_margin": 0.7715748375913296,
      "op_margin": -0.010605164676721695,
      "fcf_margin": -0.07366508983103018,
      "fcf_margin_change": -0.08357486878231177
    },
    {
      "date": "2022-02-28T00:00:00",
      "quarter_label": "2022-02 (Q1)",
      "revenue": 476384,
      "gross_profit": 341775,
      "operating_income": -97501,
      "net_income": -99314,
      "opex": 439276,
      "cogs": 134609,
      "rd": null,
      "sga": null,
      "fcf": -62813,
      "ocf": -62813,
      "capex": null,
      "gross_margin": 0.7174359340364076,
      "op_margin": -0.20466892254987573,
      "fcf_margin": -0.1318537146503661,
      "rev_growth_yoy": 0.30528323186269407,
      "fcf_margin_change": -0.05818862481933593
    },
    {
      "date": "2022-05-31T00:00:00",
      "quarter_label": "2022-05 (Q2)",
      "revenue": 526785,
      "gross_profit": 309504,
      "operating_income": -94191,
      "net_income": -95751,
      "opex": 403695,
      "cogs": 217281,
      "rd": null,
      "sga": null,
      "fcf": -35182,
      "ocf": -35182,
      "capex": null,
      "gross_margin": 0.587533813605171,
      "op_margin": -0.17880349668270737,
      "fcf_margin": -0.06678626004916617,
      "rev_growth_yoy": 0.47919714485481385,
      "rev_growth_yoy_accel": 0.17391391299211978,
      "op_leverage_ratio": Infinity,
      "fcf_margin_change": 0.06506745460119993
    },
    {
      "date": "2022-08-31T00:00:00",
      "quarter_label": "2022-08 (Q3)",
      "revenue": 4237358,
      "gross_profit": 3282654,
      "operating_income": 199401,
      "net_income": 175527,
      "opex": 3083253,
      "cogs": 954704,
      "rd": null,
      "sga": null,
      "fcf": 801233,
      "ocf": 807633,
      "capex": -6400,
      "gross_margin": 0.7746935708524038,
      "op_margin": 0.04705786011000251,
      "fcf_margin": 0.1890878703191942,
      "incr_op_margin_yoy": 0.06293984319408043,
      "rev_growth_yoy": 4.048849479072339,
      "rev_growth_yoy_accel": 3.569652334217525,
      "op_leverage_ratio": 1.0612013371036655,
      "fcf_margin_change": 0.2558741303683604
    },
    {
      "date": "2022-11-30T00:00:00",
      "quarter_label": "2022-11 (Q4)",
      "revenue": 6731999,
      "gross_profit": 5039034,
      "operating_income": 984995,
      "net_income": 726900,
      "opex": 4054039,
      "cogs": 1692965,
      "rd": null,
      "sga": null,
      "fcf": 1334162,
      "ocf": 1388562,
      "capex": -54400,
      "gross_margin": 0.7485197190314496,
      "op_margin": 0.1463153812114351,
      "fcf_margin": 0.1981821447091718,
      "incr_op_margin_yoy": 0.15873724768895045,
      "rev_growth_yoy": 12.632606071897225,
      "rev_growth_yoy_accel": 8.583756592824887,
      "op_leverage_ratio": 1.8698146420345314,
      "fcf_margin_change": 0.009094274389977619
    },
    {
      "date": "2023-02-28T00:00:00",
      "quarter_label": "2023-02 (Q1)",
      "revenue": 5656461,
      "gross_profit": 4218485,
      "operating_income": 216588,
      "net_income": 162048,
      "opex": 4001897,
      "cogs": 1437976,
      "rd": null,
      "sga": null,
      "fcf": 112531,
      "ocf": 123781,
      "capex": -11250,
      "gross_margin": 0.7457816822214455,
      "op_margin": 0.03829037272598538,
      "fcf_margin": 0.01989424129327507,
      "incr_op_margin_yoy": 0.06063404076811986,
      "rev_growth_yoy": 10.87374261100289,
      "rev_growth_yoy_accel": -1.7588634608943359,
      "fcf_margin_change": -0.17828790341589673
    },
    {
      "date": "2023-05-31T00:00:00",
      "quarter_label": "2023-05 (Q2)",
      "revenue": 6895209,
      "gross_profit": 5170638,
      "operating_income": 583227,
      "net_income": 760100,
      "opex": 4587411,
      "cogs": 1724571,
      "rd": null,
      "sga": null,
      "fcf": 598160,
      "ocf": 598160,
      "capex": null,
      "gross_margin": 0.7498885095433655,
      "op_margin": 0.08458438315647865,
      "fcf_margin": 0.08675008980873532,
      "incr_op_margin_yoy": 0.10637137225787731,
      "rev_growth_yoy": 12.089228053190581,
      "rev_growth_yoy_accel": 1.215485442187692,
      "op_leverage_ratio": 1.4968104001866431,
      "fcf_margin_change": 0.06685584851546025
    },
    {
      "date": "2023-08-31T00:00:00",
      "quarter_label": "2023-08 (Q3)",
      "revenue": 6106269,
      "gross_profit": 4647566,
      "operating_income": 173757,
      "net_income": 154452,
      "opex": 4473809,
      "cogs": 1458703,
      "rd": null,
      "sga": null,
      "fcf": 346212,
      "ocf": 397172,
      "capex": -50960,
      "gross_margin": 0.7611138651114125,
      "op_margin": 0.028455510230551585,
      "fcf_margin": 0.05669779696898384,
      "incr_op_margin_yoy": -0.013721359658111061,
      "rev_growth_yoy": 0.4410557238732248,
      "rev_growth_yoy_accel": -11.648172329317356,
      "fcf_margin_change": -0.030052292839751478
    },
    {
      "date": "2023-11-30T00:00:00",
      "quarter_label": "2023-11 (Q4)",
      "revenue": 8421677,
      "gross_profit": 6257939,
      "operating_income": 1263912,
      "net_income": 1018075,
      "opex": 4994027,
      "cogs": 2163738,
      "rd": null,
      "sga": null,
      "fcf": 835056,
      "ocf": 854941,
      "capex": -19885,
      "gross_margin": 0.743075161870967,
      "op_margin": 0.15007842262295265,
      "fcf_margin": 0.09915554823582048,
      "incr_op_margin_yoy": 0.1650710963864121,
      "rev_growth_yoy": 0.2509920158930505,
      "rev_growth_yoy_accel": -0.1900637079801743,
      "op_leverage_ratio": 3.2609464035423317,
      "fcf_margin_change": 0.042457751266836645
    },
    {
      "date": "2024-02-29T00:00:00",
      "quarter_label": "2024-02 (Q1)",
      "revenue": 6469343,
      "gross_profit": 4624326,
      "operating_income": -103879,
      "net_income": 781091,
      "opex": 4728205,
      "cogs": 1845017,
      "rd": null,
      "sga": null,
      "fcf": -922137,
      "ocf": -912790,
      "capex": -9347,
      "gross_margin": 0.7148061248259676,
      "op_margin": -0.016057117391982463,
      "fcf_margin": -0.14253951289953246,
      "rev_growth_yoy": 0.14370858386542398,
      "rev_growth_yoy_accel": -0.1072834320276265,
      "fcf_margin_change": -0.24169506113535294
    },
    {
      "date": "2024-05-31T00:00:00",
      "quarter_label": "2024-05 (Q2)",
      "revenue": 6501250,
      "gross_profit": 4664106,
      "operating_income": 169590,
      "net_income": 49516,
      "opex": 4494516,
      "cogs": 1837144,
      "rd": null,
      "sga": null,
      "fcf": -394899,
      "ocf": -336646,
      "capex": -58253,
      "gross_margin": 0.7174168044606807,
      "op_margin": 0.02608575273985772,
      "fcf_margin": -0.060742011151701594,
      "rev_growth_yoy": -0.05713517893366249,
      "rev_growth_yoy_accel": -0.20084376279908647,
      "fcf_margin_change": 0.08179750174783086
    },
    {
      "date": "2024-08-31T00:00:00",
      "quarter_label": "2024-08 (Q3)",
      "revenue": 5851272,
      "gross_profit": 4153648,
      "operating_income": -140702,
      "net_income": -109805,
      "opex": 4294350,
      "cogs": 1697624,
      "rd": null,
      "sga": null,
      "fcf": 897318,
      "ocf": 897318,
      "capex": null,
      "gross_margin": 0.7098709477187183,
      "op_margin": -0.024046395382063934,
      "fcf_margin": 0.15335434756750327,
      "rev_growth_yoy": -0.041759870061407384,
      "rev_growth_yoy_accel": 0.015375308872255106,
      "fcf_margin_change": 0.21409635871920485
    },
    {
      "date": "2024-11-30T00:00:00",
      "quarter_label": "2024-11 (Q4)",
      "revenue": 7732574,
      "gross_profit": 5498047,
      "operating_income": 672871,
      "net_income": 633706,
      "opex": 4825176,
      "cogs": 2234527,
      "rd": null,
      "sga": null,
      "fcf": 1006856,
      "ocf": 1006856,
      "capex": null,
      "gross_margin": 0.7110241686662164,
      "op_margin": 0.0870177252749214,
      "fcf_margin": 0.13020968179547976,
      "rev_growth_yoy": -0.0818249144439997,
      "rev_growth_yoy_accel": -0.04006504438259231,
      "op_leverage_ratio": 2.6010786310583653,
      "fcf_margin_change": -0.02314466577202351
    },
    {
      "date": "2025-02-28T00:00:00",
      "quarter_label": "2025-02 (Q1)",
      "revenue": 6922367,
      "gross_profit": 4966428,
      "operating_income": 583109,
      "net_income": 576662,
      "opex": 4383319,
      "cogs": 1955939,
      "rd": null,
      "sga": null,
      "fcf": -258249,
      "ocf": -169944,
      "capex": -88305,
      "gross_margin": 0.717446503486452,
      "op_margin": 0.0842354934374326,
      "fcf_margin": -0.03730645890343578,
      "rev_growth_yoy": 0.07002627623856085,
      "rev_growth_yoy_accel": 0.15185119068256053,
      "fcf_margin_change": -0.16751614069891554
    },
    {
      "date": "2025-05-31T00:00:00",
      "quarter_label": "2025-05 (Q2)",
      "revenue": 5751309,
      "gross_profit": 4023445,
      "operating_income": 46087,
      "net_income": -245575,
      "opex": 3977358,
      "cogs": 1727864,
      "rd": null,
      "sga": null,
      "fcf": 135036,
      "ocf": 194431,
      "capex": -59395,
      "gross_margin": 0.6995703065163078,
      "op_margin": 0.008013306188208632,
      "fcf_margin": 0.023479176653523573,
      "rev_growth_yoy": -0.11535335512401461,
      "rev_growth_yoy_accel": -0.18537963136257546,
      "fcf_margin_change": 0.06078563555695935
    },
    {
      "date": "2025-08-31T00:00:00",
      "quarter_label": "2025-08 (Q3)",
      "revenue": 6856218,
      "gross_profit": 4634934,
      "operating_income": 411738,
      "net_income": 334294,
      "opex": 4223196,
      "cogs": 2221284,
      "rd": null,
      "sga": null,
      "fcf": -747561,
      "ocf": -739194,
      "capex": -8367,
      "gross_margin": 0.6760190530697828,
      "op_margin": 0.06005322467867854,
      "fcf_margin": -0.10903401846324023,
      "incr_op_margin_yoy": 0.5497210795405922,
      "rev_growth_yoy": 0.17174829678059744,
      "rev_growth_yoy_accel": 0.28710165190461207,
      "op_leverage_ratio": 3.10817511399995,
      "fcf_margin_change": -0.1325131951167638
    },
    {
      "date": "2025-11-30T00:00:00",
      "quarter_label": "2025-11 (Q4)",
      "revenue": 8134859,
      "gross_profit": 5536237,
      "operating_income": 903071,
      "net_income": 704883,
      "opex": 4633166,
      "cogs": 2598622,
      "rd": null,
      "sga": null,
      "fcf": 906357,
      "ocf": 934801,
      "capex": -28444,
      "gross_margin": 0.6805572167876542,
      "op_margin": 0.11101249572979692,
      "fcf_margin": 0.11141643635126312,
      "rev_growth_yoy": 0.05202472035831794,
      "rev_growth_yoy_accel": -0.1197235764222795,
      "op_leverage_ratio": 1.9211141370827864,
      "fcf_margin_change": 0.22045045481450337
    }
  ],
  "signals": [
    {
      "quarter": "2025-11 (Q4)",
      "signal": "FCF TURNED POSITIVE",
      "detail": "FCF margin: -10.9% -> +11.1%",
      "severity": "HIGH"
    },
    {
      "quarter": "2025-11 (Q4)",
      "signal": "OPERATING LEVERAGE",
      "detail": "Rev growth +18.6% vs OpEx growth +9.7% (leverage: 1.9x)",
      "severity": "MEDIUM"
    },
    {
      "quarter": "2025-11 (Q4)",
      "signal": "YoY REVENUE GROWTH DECELERATION",
      "detail": "YoY growth: +5.2% vs prior quarter YoY: +17.2% (decel: -12.0%)",
      "severity": "WARNING"
    },
    {
      "quarter": "2025-08 (Q3)",
      "signal": "OPERATING LEVERAGE",
      "detail": "Rev growth +19.2% vs OpEx growth +6.2% (leverage: 3.1x)",
      "severity": "MEDIUM"
    },
    {
      "quarter": "2025-08 (Q3)",
      "signal": "YoY REVENUE GROWTH ACCELERATION",
      "detail": "YoY growth: +17.2% vs prior quarter YoY: -11.5% (accel: +28.7%)",
      "severity": "HIGH"
    },
    {
      "quarter": "2025-08 (Q3)",
      "signal": "OP MARGIN TURNED POSITIVE (YoY)",
      "detail": "Op margin: -2.4% (year-ago) -> +6.0%",
      "severity": "HIGH"
    },
    {
      "quarter": "2025-05 (Q2)",
      "signal": "FCF TURNED POSITIVE",
      "detail": "FCF margin: -3.7% -> +2.3%",
      "severity": "HIGH"
    },
    {
      "quarter": "2025-05 (Q2)",
      "signal": "YoY REVENUE GROWTH DECELERATION",
      "detail": "YoY growth: -11.5% vs prior quarter YoY: +7.0% (decel: -18.5%)",
      "severity": "WARNING"
    },
    {
      "quarter": "2025-02 (Q1)",
      "signal": "YoY REVENUE GROWTH ACCELERATION",
      "detail": "YoY growth: +7.0% vs prior quarter YoY: -8.2% (accel: +15.2%)",
      "severity": "HIGH"
    },
    {
      "quarter": "2025-02 (Q1)",
      "signal": "OP MARGIN TURNED POSITIVE (YoY)",
      "detail": "Op margin: -1.6% (year-ago) -> +8.4%",
      "severity": "HIGH"
    },
    {
      "quarter": "2024-11 (Q4)",
      "signal": "OPERATING LEVERAGE",
      "detail": "Rev growth +32.2% vs OpEx growth +12.4% (leverage: 2.6x)",
      "severity": "MEDIUM"
    },
    {
      "quarter": "2024-11 (Q4)",
      "signal": "OP MARGIN TURNED POSITIVE (QoQ)",
      "detail": "Op margin: -2.4% -> +8.7%",
      "severity": "HIGH"
    },
    {
      "quarter": "2024-08 (Q3)",
      "signal": "FCF TURNED POSITIVE",
      "detail": "FCF margin: -6.1% -> +15.3%",
      "severity": "HIGH"
    },
    {
      "quarter": "2024-05 (Q2)",
      "signal": "FCF MARGIN EXPANSION",
      "detail": "FCF margin: -14.3% -> -6.1% (+8.2%)",
      "severity": "MEDIUM"
    },
    {
      "quarter": "2024-05 (Q2)",
      "signal": "YoY REVENUE GROWTH DECELERATION",
      "detail": "YoY growth: -5.7% vs prior quarter YoY: +14.4% (decel: -20.1%)",
      "severity": "WARNING"
    },
    {
      "quarter": "2024-05 (Q2)",
      "signal": "OP MARGIN TURNED POSITIVE (QoQ)",
      "detail": "Op margin: -1.6% -> +2.6%",
      "severity": "HIGH"
    },
    {
      "quarter": "2024-02 (Q1)",
      "signal": "YoY REVENUE GROWTH DECELERATION",
      "detail": "YoY growth: +14.4% vs prior quarter YoY: +25.1% (decel: -10.7%)",
      "severity": "WARNING"
    },
    {
      "quarter": "2023-11 (Q4)",
      "signal": "OPERATING LEVERAGE",
      "detail": "Rev growth +37.9% vs OpEx growth +11.6% (leverage: 3.3x)",
      "severity": "MEDIUM"
    },
    {
      "quarter": "2023-11 (Q4)",
      "signal": "YoY REVENUE GROWTH DECELERATION",
      "detail": "YoY growth: +25.1% vs prior quarter YoY: +44.1% (decel: -19.0%)",
      "severity": "WARNING"
    },
    {
      "quarter": "2023-08 (Q3)",
      "signal": "YoY REVENUE GROWTH DECELERATION",
      "detail": "YoY growth: +44.1% vs prior quarter YoY: +1208.9% (decel: -1164.8%)",
      "severity": "WARNING"
    },
    {
      "quarter": "2023-05 (Q2)",
      "signal": "FCF MARGIN EXPANSION",
      "detail": "FCF margin: +2.0% -> +8.7% (+6.7%)",
      "severity": "MEDIUM"
    },
    {
      "quarter": "2023-05 (Q2)",
      "signal": "YoY REVENUE GROWTH ACCELERATION",
      "detail": "YoY growth: +1208.9% vs prior quarter YoY: +1087.4% (accel: +121.5%)",
      "severity": "HIGH"
    },
    {
      "quarter": "2023-05 (Q2)",
      "signal": "OP MARGIN TURNED POSITIVE (YoY)",
      "detail": "Op margin: -17.9% (year-ago) -> +8.5%",
      "severity": "HIGH"
    },
    {
      "quarter": "2023-02 (Q1)",
      "signal": "YoY REVENUE GROWTH DECELERATION",
      "detail": "YoY growth: +1087.4% vs prior quarter YoY: +1263.3% (decel: -175.9%)",
      "severity": "WARNING"
    },
    {
      "quarter": "2023-02 (Q1)",
      "signal": "OP MARGIN TURNED POSITIVE (YoY)",
      "detail": "Op margin: -20.5% (year-ago) -> +3.8%",
      "severity": "HIGH"
    },
    {
      "quarter": "2022-11 (Q4)",
      "signal": "OPERATING LEVERAGE",
      "detail": "Rev growth +58.9% vs OpEx growth +31.5% (leverage: 1.9x)",
      "severity": "MEDIUM"
    },
    {
      "quarter": "2022-11 (Q4)",
      "signal": "YoY REVENUE GROWTH ACCELERATION",
      "detail": "YoY growth: +1263.3% vs prior quarter YoY: +404.9% (accel: +858.4%)",
      "severity": "HIGH"
    },
    {
      "quarter": "2022-11 (Q4)",
      "signal": "OP MARGIN TURNED POSITIVE (YoY)",
      "detail": "Op margin: -1.1% (year-ago) -> +14.6%",
      "severity": "HIGH"
    },
    {
      "quarter": "2022-08 (Q3)",
      "signal": "FCF TURNED POSITIVE",
      "detail": "FCF margin: -6.7% -> +18.9%",
      "severity": "HIGH"
    },
    {
      "quarter": "2022-08 (Q3)",
      "signal": "GROSS MARGIN INFLECTION",
      "detail": "GM: +71.7% -> +58.8% -> +77.5% (reversal +18.7%)",
      "severity": "HIGH"
    },
    {
      "quarter": "2022-08 (Q3)",
      "signal": "YoY REVENUE GROWTH ACCELERATION",
      "detail": "YoY growth: +404.9% vs prior quarter YoY: +47.9% (accel: +357.0%)",
      "severity": "HIGH"
    },
    {
      "quarter": "2022-08 (Q3)",
      "signal": "OP MARGIN TURNED POSITIVE (YoY)",
      "detail": "Op margin: -1.7% (year-ago) -> +4.7%",
      "severity": "HIGH"
    },
    {
      "quarter": "2022-08 (Q3)",
      "signal": "OP MARGIN TURNED POSITIVE (QoQ)",
      "detail": "Op margin: -17.9% -> +4.7%",
      "severity": "HIGH"
    },
    {
      "quarter": "2022-05 (Q2)",
      "signal": "FCF MARGIN EXPANSION",
      "detail": "FCF margin: -13.2% -> -6.7% (+6.5%)",
      "severity": "MEDIUM"
    },
    {
      "quarter": "2022-05 (Q2)",
      "signal": "YoY REVENUE GROWTH ACCELERATION",
      "detail": "YoY growth: +47.9% vs prior quarter YoY: +30.5% (accel: +17.4%)",
      "severity": "HIGH"
    },
    {
      "quarter": "2021-11 (Q4)",
      "signal": "GROSS MARGIN INFLECTION",
      "detail": "GM: +65.7% -> +56.6% -> +77.2% (reversal +20.5%)",
      "severity": "HIGH"
    },
    {
      "quarter": "2021-08 (Q3)",
      "signal": "FCF TURNED POSITIVE",
      "detail": "FCF margin: -7.2% -> +1.0%",
      "severity": "HIGH"
    },
    {
      "quarter": "2021-08 (Q3)",
      "signal": "OPERATING LEVERAGE",
      "detail": "Rev growth +135.7% vs OpEx growth +4.0% (leverage: 33.8x)",
      "severity": "MEDIUM"
    },
    {
      "quarter": "2021-05 (Q2)",
      "signal": "FCF MARGIN EXPANSION",
      "detail": "FCF margin: -23.8% -> -7.2% (+16.5%)",
      "severity": "MEDIUM"
    }
  ],
  "data_quality": {
    "n_quarters": 20,
    "coverage": {
      "revenue": [
        20,
        20
      ],
      "gross_profit": [
        20,
        20
      ],
      "op_income": [
        20,
        20
      ],
      "fcf": [
        20,
        20
      ]
    },
    "gaps": [],
    "warnings": []
  },
  "market_cap": null,
  "source": "SEC EDGAR",
  "last_updated": "2026-02-02T23:38:25.905084",
  "sector": "Technology",
  "industry": "Consumer Electronics"
}