{
  "ticker": "AXON",
  "name": "Axon Enterprise, Inc.",
  "quarters": [
    {
      "date": "2020-12-31T00:00:00",
      "quarter_label": "2020-12 (Q4)",
      "revenue": 226140000,
      "gross_profit": 141306000,
      "operating_income": 5775000,
      "net_income": 25834000,
      "opex": 135531000,
      "cogs": 84834000,
      "rd": 38008000,
      "sga": 97523000,
      "fcf": 27712000,
      "ocf": 34318000,
      "capex": -6606000,
      "gross_margin": 0.6248607057574953,
      "op_margin": 0.02553727779251791,
      "fcf_margin": 0.12254355708852922
    },
    {
      "date": "2021-03-31T00:00:00",
      "quarter_label": "2021-03 (Q1)",
      "revenue": 195019000,
      "gross_profit": 123353000,
      "operating_income": -50262000,
      "net_income": -47917000,
      "opex": 173615000,
      "cogs": 71666000,
      "rd": 47018000,
      "sga": 126597000,
      "fcf": 50418000,
      "ocf": 60939000,
      "capex": -10521000,
      "gross_margin": 0.6325178572344233,
      "op_margin": -0.25772873412334185,
      "fcf_margin": 0.25852865618221815,
      "fcf_margin_change": 0.13598509909368894
    },
    {
      "date": "2021-06-30T00:00:00",
      "quarter_label": "2021-06 (Q2)",
      "revenue": 218795000,
      "gross_profit": 137929000,
      "operating_income": -93685000,
      "net_income": -47117000,
      "opex": 231614000,
      "cogs": 80866000,
      "rd": 53952000,
      "sga": 177662000,
      "fcf": 20666000,
      "ocf": 34176000,
      "capex": -13510000,
      "gross_margin": 0.6304028885486415,
      "op_margin": -0.4281862016956512,
      "fcf_margin": 0.09445371237916772,
      "op_leverage_ratio": 0.3649459983124231,
      "fcf_margin_change": -0.16407494380305043
    },
    {
      "date": "2021-09-30T00:00:00",
      "quarter_label": "2021-09 (Q3)",
      "revenue": 231989000,
      "gross_profit": 144567000,
      "operating_income": 2890000,
      "net_income": 48524000,
      "opex": 141677000,
      "cogs": 87422000,
      "rd": 42382000,
      "sga": 99295000,
      "fcf": 3979000,
      "ocf": 16449000,
      "capex": -12470000,
      "gross_margin": 0.6231631672191353,
      "op_margin": 0.012457487208445228,
      "fcf_margin": 0.01715167529494933,
      "op_leverage_ratio": Infinity,
      "fcf_margin_change": -0.07730203708421839
    },
    {
      "date": "2021-12-31T00:00:00",
      "quarter_label": "2021-12 (Q4)",
      "revenue": 217578000,
      "gross_profit": 135061000,
      "operating_income": -27066000,
      "net_income": -13508000,
      "opex": 162127000,
      "cogs": 82517000,
      "rd": 50674000,
      "sga": 111453000,
      "fcf": -455000,
      "ocf": 12930000,
      "capex": -13385000,
      "gross_margin": 0.6207475020452435,
      "op_margin": -0.12439676805559385,
      "fcf_margin": -0.0020912040739412994,
      "incr_op_margin_yoy": 3.835669236159776,
      "rev_growth_yoy": -0.03786150172459538,
      "fcf_margin_change": -0.01924287936889063
    },
    {
      "date": "2022-03-31T00:00:00",
      "quarter_label": "2022-03 (Q1)",
      "revenue": 256426000,
      "gross_profit": 155739000,
      "operating_income": 17194000,
      "net_income": 54871000,
      "opex": 138545000,
      "cogs": 100687000,
      "rd": 48416000,
      "sga": 90129000,
      "fcf": 26866000,
      "ocf": 43964000,
      "capex": -17098000,
      "gross_margin": 0.6073448090287257,
      "op_margin": 0.06705248297754518,
      "fcf_margin": 0.10477096706262236,
      "incr_op_margin_yoy": 1.0985066849056297,
      "rev_growth_yoy": 0.31487701198344775,
      "rev_growth_yoy_accel": 0.35273851370804316,
      "op_leverage_ratio": Infinity,
      "fcf_margin_change": 0.10686217113656366
    },
    {
      "date": "2022-06-30T00:00:00",
      "quarter_label": "2022-06 (Q2)",
      "revenue": 285613000,
      "gross_profit": 173963000,
      "operating_income": 21411000,
      "net_income": 50962000,
      "opex": 152552000,
      "cogs": 111650000,
      "rd": 57547000,
      "sga": 95005000,
      "fcf": 6627000,
      "ocf": 19376000,
      "capex": -12749000,
      "gross_margin": 0.6090864211362929,
      "op_margin": 0.07496507511912973,
      "fcf_margin": 0.023202725366142297,
      "incr_op_margin_yoy": 1.7225298572241012,
      "rev_growth_yoy": 0.30539089101670513,
      "rev_growth_yoy_accel": -0.009486120966742617,
      "op_leverage_ratio": 1.1258308074859573,
      "fcf_margin_change": -0.08156824169648005
    },
    {
      "date": "2022-09-30T00:00:00",
      "quarter_label": "2022-09 (Q3)",
      "revenue": 311754000,
      "gross_profit": 193257000,
      "operating_income": 32107000,
      "net_income": 12131000,
      "opex": 161150000,
      "cogs": 118497000,
      "rd": 59127000,
      "sga": 102023000,
      "fcf": 26530000,
      "ocf": 40901000,
      "capex": -14371000,
      "gross_margin": 0.6199022306049,
      "op_margin": 0.10298825355889579,
      "fcf_margin": 0.08509914868774739,
      "incr_op_margin_yoy": 0.3662884723876387,
      "rev_growth_yoy": 0.34383095750229536,
      "rev_growth_yoy_accel": 0.03844006648559023,
      "op_leverage_ratio": 1.6239202263589976,
      "fcf_margin_change": 0.06189642332160509
    },
    {
      "date": "2022-12-31T00:00:00",
      "quarter_label": "2022-12 (Q4)",
      "revenue": 336142000,
      "gross_profit": 205679000,
      "operating_income": 22541000,
      "net_income": 29175000,
      "opex": 183138000,
      "cogs": 130463000,
      "rd": 68720000,
      "sga": 114418000,
      "fcf": 119536000,
      "ocf": 131120000,
      "capex": -11584000,
      "gross_margin": 0.6118812882650785,
      "op_margin": 0.06705796954858363,
      "fcf_margin": 0.35561161651920914,
      "incr_op_margin_yoy": 0.41839850207482876,
      "rev_growth_yoy": 0.5449264171929147,
      "rev_growth_yoy_accel": 0.20109545969061932,
      "op_leverage_ratio": 0.5733353680279222,
      "fcf_margin_change": 0.27051246783146177
    },
    {
      "date": "2023-03-31T00:00:00",
      "quarter_label": "2023-03 (Q1)",
      "revenue": 343043000,
      "gross_profit": 204102000,
      "operating_income": 16608000,
      "net_income": 45139000,
      "opex": 187494000,
      "cogs": 138941000,
      "rd": 70927000,
      "sga": 116567000,
      "fcf": -64836000,
      "ocf": -56323000,
      "capex": -8513000,
      "gross_margin": 0.5949749739828535,
      "op_margin": 0.04841375570992558,
      "fcf_margin": -0.18900254487046814,
      "incr_op_margin_yoy": -0.006765415565073831,
      "rev_growth_yoy": 0.3377855599666181,
      "rev_growth_yoy_accel": -0.2071408572262966,
      "op_leverage_ratio": 0.8631372181961733,
      "fcf_margin_change": -0.5446141613896773
    },
    {
      "date": "2023-06-30T00:00:00",
      "quarter_label": "2023-06 (Q2)",
      "revenue": 374605000,
      "gross_profit": 232121000,
      "operating_income": 40259000,
      "net_income": 12420000,
      "opex": 191862000,
      "cogs": 142484000,
      "rd": 71940000,
      "sga": 119922000,
      "fcf": 29519000,
      "ocf": 42656000,
      "capex": -13137000,
      "gross_margin": 0.6196420229308205,
      "op_margin": 0.1074705356308645,
      "fcf_margin": 0.07880033635429319,
      "incr_op_margin_yoy": 0.2117943185904351,
      "rev_growth_yoy": 0.31158245598064516,
      "rev_growth_yoy_accel": -0.02620310398597292,
      "op_leverage_ratio": 3.9493052131708217,
      "fcf_margin_change": 0.2678028812247613
    },
    {
      "date": "2023-09-30T00:00:00",
      "quarter_label": "2023-09 (Q3)",
      "revenue": 413601000,
      "gross_profit": 255272000,
      "operating_income": 55113000,
      "net_income": 59397000,
      "opex": 200159000,
      "cogs": 158329000,
      "rd": 76880000,
      "sga": 123279000,
      "fcf": 48918000,
      "ocf": 62892000,
      "capex": -13974000,
      "gross_margin": 0.6171938655854313,
      "op_margin": 0.13325161206089928,
      "fcf_margin": 0.11827340842986356,
      "incr_op_margin_yoy": 0.2258878513849205,
      "rev_growth_yoy": 0.32669027502453857,
      "rev_growth_yoy_accel": 0.015107819043893411,
      "op_leverage_ratio": 2.4072121632817987,
      "fcf_margin_change": 0.03947307207557037
    },
    {
      "date": "2023-12-31T00:00:00",
      "quarter_label": "2023-12 (Q4)",
      "revenue": 430376000,
      "gross_profit": 263992000,
      "operating_income": 42747000,
      "net_income": 57061000,
      "opex": 221245000,
      "cogs": 166384000,
      "rd": 83972000,
      "sga": 137273000,
      "fcf": 116027000,
      "ocf": 140038000,
      "capex": -24011000,
      "gross_margin": 0.6133985166459096,
      "op_margin": 0.0993247764745246,
      "fcf_margin": 0.26959449411677233,
      "incr_op_margin_yoy": 0.21442366873952076,
      "rev_growth_yoy": 0.2803398563702245,
      "rev_growth_yoy_accel": -0.04635041865431405,
      "op_leverage_ratio": 0.3850010102852141,
      "fcf_margin_change": 0.15132108568690877
    },
    {
      "date": "2024-03-31T00:00:00",
      "quarter_label": "2024-03 (Q1)",
      "revenue": 460736000,
      "gross_profit": 260046000,
      "operating_income": 16280000,
      "net_income": 133218000,
      "opex": 243766000,
      "cogs": 200690000,
      "rd": 91097000,
      "sga": 152669000,
      "fcf": -32132000,
      "ocf": -15938000,
      "capex": -16194000,
      "gross_margin": 0.5644143283789416,
      "op_margin": 0.03533476871787748,
      "fcf_margin": -0.06974058897069037,
      "incr_op_margin_yoy": -0.0027869117109768637,
      "rev_growth_yoy": 0.34308526919365795,
      "rev_growth_yoy_accel": 0.06274541282343343,
      "op_leverage_ratio": 0.69301002404881,
      "fcf_margin_change": -0.3393350830874627
    },
    {
      "date": "2024-06-30T00:00:00",
      "quarter_label": "2024-06 (Q2)",
      "revenue": 504099000,
      "gross_profit": 303735000,
      "operating_income": 32874000,
      "net_income": 40797000,
      "opex": 270861000,
      "cogs": 200364000,
      "rd": 101434000,
      "sga": 169427000,
      "fcf": 71445000,
      "ocf": 82763000,
      "capex": -11318000,
      "gross_margin": 0.6025304553272274,
      "op_margin": 0.06521338070498058,
      "fcf_margin": 0.14172811293019824,
      "incr_op_margin_yoy": -0.05702966932830865,
      "rev_growth_yoy": 0.34568145112852205,
      "rev_growth_yoy_accel": 0.0025961819348641058,
      "op_leverage_ratio": 0.8467420906286296,
      "fcf_margin_change": 0.21146870190088862
    },
    {
      "date": "2024-09-30T00:00:00",
      "quarter_label": "2024-09 (Q3)",
      "revenue": 544274000,
      "gross_profit": 330747000,
      "operating_income": 24081000,
      "net_income": 67025000,
      "opex": 306666000,
      "cogs": 213527000,
      "rd": 114477000,
      "sga": 192189000,
      "fcf": 64849000,
      "ocf": 91321000,
      "capex": -26472000,
      "gross_margin": 0.6076847323223229,
      "op_margin": 0.044244259325266315,
      "fcf_margin": 0.11914770869084322,
      "incr_op_margin_yoy": -0.23747828549126446,
      "rev_growth_yoy": 0.31593975836615484,
      "rev_growth_yoy_accel": -0.02974169276236721,
      "op_leverage_ratio": 0.6028966198282018,
      "fcf_margin_change": -0.02258040423935502
    },
    {
      "date": "2024-12-31T00:00:00",
      "quarter_label": "2024-12 (Q4)",
      "revenue": 575145000,
      "gross_profit": 345849000,
      "operating_income": -15755000,
      "net_income": 135184000,
      "opex": 361604000,
      "cogs": 229296000,
      "rd": 134585000,
      "sga": 227019000,
      "fcf": 225365000,
      "ocf": 250166000,
      "capex": -24801000,
      "gross_margin": 0.6013248832903008,
      "op_margin": -0.027393092176755427,
      "fcf_margin": 0.3918403185283711,
      "incr_op_margin_yoy": -0.40410585139083643,
      "rev_growth_yoy": 0.3363779578786921,
      "rev_growth_yoy_accel": 0.02043819951253728,
      "op_leverage_ratio": 0.31661092216484277,
      "fcf_margin_change": 0.27269260983752786
    },
    {
      "date": "2025-03-31T00:00:00",
      "quarter_label": "2025-03 (Q1)",
      "revenue": 603633000,
      "gross_profit": 365739000,
      "operating_income": -8793000,
      "net_income": 87980000,
      "opex": 374532000,
      "cogs": 237894000,
      "rd": 151023000,
      "sga": 223509000,
      "fcf": 932000,
      "ocf": 25794000,
      "capex": -24862000,
      "gross_margin": 0.6058962979161179,
      "op_margin": -0.014566798037880633,
      "fcf_margin": 0.001543984507142585,
      "incr_op_margin_yoy": -0.17546204608914112,
      "rev_growth_yoy": 0.31014941311293237,
      "rev_growth_yoy_accel": -0.026228544765759754,
      "op_leverage_ratio": 1.3854360833157096,
      "fcf_margin_change": -0.3902963340212285
    },
    {
      "date": "2025-06-30T00:00:00",
      "quarter_label": "2025-06 (Q2)",
      "revenue": 668538000,
      "gross_profit": 403743000,
      "operating_income": -1036000,
      "net_income": 36117000,
      "opex": 404779000,
      "cogs": 264795000,
      "rd": 162567000,
      "sga": 242212000,
      "fcf": -114657000,
      "ocf": -91704000,
      "capex": -22953000,
      "gross_margin": 0.603919298529029,
      "op_margin": -0.0015496501320792536,
      "fcf_margin": -0.17150408802491407,
      "incr_op_margin_yoy": -0.2062162868905795,
      "rev_growth_yoy": 0.3262037814000821,
      "rev_growth_yoy_accel": 0.016054368287149734,
      "op_leverage_ratio": 1.331409966042724,
      "fcf_margin_change": -0.17304807253205665
    },
    {
      "date": "2025-09-30T00:00:00",
      "quarter_label": "2025-09 (Q3)",
      "revenue": 710641000,
      "gross_profit": 427348000,
      "operating_income": -2129000,
      "net_income": -2186000,
      "opex": 429477000,
      "cogs": 283293000,
      "rd": 176674000,
      "sga": 252803000,
      "fcf": 33379000,
      "ocf": 60014000,
      "capex": -26635000,
      "gross_margin": 0.601355677479909,
      "op_margin": -0.002995886812047152,
      "fcf_margin": 0.046970270502264856,
      "incr_op_margin_yoy": -0.1575432627864901,
      "rev_growth_yoy": 0.30566773353127286,
      "rev_growth_yoy_accel": -0.02053604786880925,
      "op_leverage_ratio": 1.0321507468409847,
      "fcf_margin_change": 0.21847435852717892
    }
  ],
  "signals": [
    {
      "quarter": "2025-09 (Q3)",
      "signal": "FCF TURNED POSITIVE",
      "detail": "FCF margin: -17.2% -> +4.7%",
      "severity": "HIGH"
    },
    {
      "quarter": "2024-12 (Q4)",
      "signal": "FCF MARGIN EXPANSION",
      "detail": "FCF margin: +11.9% -> +39.2% (+27.3%)",
      "severity": "MEDIUM"
    },
    {
      "quarter": "2024-06 (Q2)",
      "signal": "FCF TURNED POSITIVE",
      "detail": "FCF margin: -7.0% -> +14.2%",
      "severity": "HIGH"
    },
    {
      "quarter": "2024-06 (Q2)",
      "signal": "GROSS MARGIN INFLECTION",
      "detail": "GM: +61.3% -> +56.4% -> +60.3% (reversal +3.8%)",
      "severity": "MEDIUM"
    },
    {
      "quarter": "2024-03 (Q1)",
      "signal": "YoY REVENUE GROWTH ACCELERATION",
      "detail": "YoY growth: +34.3% vs prior quarter YoY: +28.0% (accel: +6.3%)",
      "severity": "MEDIUM"
    },
    {
      "quarter": "2023-12 (Q4)",
      "signal": "FCF MARGIN EXPANSION",
      "detail": "FCF margin: +11.8% -> +27.0% (+15.1%)",
      "severity": "MEDIUM"
    },
    {
      "quarter": "2023-12 (Q4)",
      "signal": "INCREMENTAL MARGIN (YoY)",
      "detail": "YoY Incr OPM: +21.4% vs year-ago OPM: +6.7%",
      "severity": "MEDIUM"
    },
    {
      "quarter": "2023-09 (Q3)",
      "signal": "OPERATING LEVERAGE",
      "detail": "Rev growth +10.4% vs OpEx growth +4.3% (leverage: 2.4x)",
      "severity": "MEDIUM"
    },
    {
      "quarter": "2023-09 (Q3)",
      "signal": "INCREMENTAL MARGIN (YoY)",
      "detail": "YoY Incr OPM: +22.6% vs year-ago OPM: +10.3%",
      "severity": "MEDIUM"
    },
    {
      "quarter": "2023-06 (Q2)",
      "signal": "FCF TURNED POSITIVE",
      "detail": "FCF margin: -18.9% -> +7.9%",
      "severity": "HIGH"
    },
    {
      "quarter": "2023-06 (Q2)",
      "signal": "OPERATING LEVERAGE",
      "detail": "Rev growth +9.2% vs OpEx growth +2.3% (leverage: 3.9x)",
      "severity": "MEDIUM"
    },
    {
      "quarter": "2023-06 (Q2)",
      "signal": "GROSS MARGIN INFLECTION",
      "detail": "GM: +61.2% -> +59.5% -> +62.0% (reversal +2.5%)",
      "severity": "MEDIUM"
    },
    {
      "quarter": "2023-06 (Q2)",
      "signal": "INCREMENTAL MARGIN (YoY)",
      "detail": "YoY Incr OPM: +21.2% vs year-ago OPM: +7.5%",
      "severity": "MEDIUM"
    },
    {
      "quarter": "2023-03 (Q1)",
      "signal": "YoY REVENUE GROWTH DECELERATION",
      "detail": "YoY growth: +33.8% vs prior quarter YoY: +54.5% (decel: -20.7%)",
      "severity": "WARNING"
    },
    {
      "quarter": "2022-12 (Q4)",
      "signal": "FCF MARGIN EXPANSION",
      "detail": "FCF margin: +8.5% -> +35.6% (+27.1%)",
      "severity": "MEDIUM"
    },
    {
      "quarter": "2022-12 (Q4)",
      "signal": "YoY REVENUE GROWTH ACCELERATION",
      "detail": "YoY growth: +54.5% vs prior quarter YoY: +34.4% (accel: +20.1%)",
      "severity": "HIGH"
    },
    {
      "quarter": "2022-12 (Q4)",
      "signal": "OP MARGIN TURNED POSITIVE (YoY)",
      "detail": "Op margin: -12.4% (year-ago) -> +6.7%",
      "severity": "HIGH"
    },
    {
      "quarter": "2022-09 (Q3)",
      "signal": "FCF MARGIN EXPANSION",
      "detail": "FCF margin: +2.3% -> +8.5% (+6.2%)",
      "severity": "MEDIUM"
    },
    {
      "quarter": "2022-09 (Q3)",
      "signal": "OPERATING LEVERAGE",
      "detail": "Rev growth +9.2% vs OpEx growth +5.6% (leverage: 1.6x)",
      "severity": "MEDIUM"
    },
    {
      "quarter": "2022-09 (Q3)",
      "signal": "INCREMENTAL MARGIN (YoY)",
      "detail": "YoY Incr OPM: +36.6% vs year-ago OPM: +1.2%",
      "severity": "HIGH"
    },
    {
      "quarter": "2022-06 (Q2)",
      "signal": "OP MARGIN TURNED POSITIVE (YoY)",
      "detail": "Op margin: -42.8% (year-ago) -> +7.5%",
      "severity": "HIGH"
    },
    {
      "quarter": "2022-03 (Q1)",
      "signal": "FCF TURNED POSITIVE",
      "detail": "FCF margin: -0.2% -> +10.5%",
      "severity": "HIGH"
    },
    {
      "quarter": "2022-03 (Q1)",
      "signal": "YoY REVENUE GROWTH ACCELERATION",
      "detail": "YoY growth: +31.5% vs prior quarter YoY: -3.8% (accel: +35.3%)",
      "severity": "HIGH"
    },
    {
      "quarter": "2022-03 (Q1)",
      "signal": "OP MARGIN TURNED POSITIVE (YoY)",
      "detail": "Op margin: -25.8% (year-ago) -> +6.7%",
      "severity": "HIGH"
    },
    {
      "quarter": "2022-03 (Q1)",
      "signal": "OP MARGIN TURNED POSITIVE (QoQ)",
      "detail": "Op margin: -12.4% -> +6.7%",
      "severity": "HIGH"
    },
    {
      "quarter": "2021-09 (Q3)",
      "signal": "OP MARGIN TURNED POSITIVE (QoQ)",
      "detail": "Op margin: -42.8% -> +1.2%",
      "severity": "HIGH"
    },
    {
      "quarter": "2021-03 (Q1)",
      "signal": "FCF MARGIN EXPANSION",
      "detail": "FCF margin: +12.3% -> +25.9% (+13.6%)",
      "severity": "MEDIUM"
    }
  ],
  "data_quality": {
    "n_quarters": 20,
    "coverage": {
      "revenue": [
        20,
        20
      ],
      "gross_profit": [
        20,
        20
      ],
      "op_income": [
        20,
        20
      ],
      "fcf": [
        20,
        20
      ]
    },
    "gaps": [],
    "warnings": []
  },
  "market_cap": null,
  "source": "SEC EDGAR",
  "last_updated": "2026-02-02T20:00:27.421552",
  "sector": "Industrials",
  "industry": "Aerospace & Defense"
}