{
  "ticker": "AXSM",
  "name": "Axsome Therapeutics, Inc.",
  "quarters": [
    {
      "date": "2021-06-30T00:00:00",
      "quarter_label": "2021-06 (Q2)",
      "revenue": 0,
      "gross_profit": -1000000,
      "operating_income": -30847687,
      "net_income": -32284209,
      "opex": 30847687,
      "cogs": 1000000,
      "rd": 14503326,
      "sga": 16344361,
      "fcf": -25412430,
      "ocf": -25393553,
      "capex": -18877,
      "gross_margin": null,
      "op_margin": null,
      "fcf_margin": null
    },
    {
      "date": "2021-09-30T00:00:00",
      "quarter_label": "2021-09 (Q3)",
      "revenue": 0,
      "gross_profit": null,
      "operating_income": -33407142,
      "net_income": -34882677,
      "opex": 33407142,
      "cogs": null,
      "rd": 13180258,
      "sga": 20226884,
      "fcf": -27034880,
      "ocf": -26776203,
      "capex": -258677,
      "gross_margin": null,
      "op_margin": null,
      "fcf_margin": null
    },
    {
      "date": "2022-06-30T00:00:00",
      "quarter_label": "2022-06 (Q2)",
      "revenue": 8819786,
      "gross_profit": 7819786,
      "operating_income": -39181042,
      "net_income": -41438516,
      "opex": 48000828,
      "cogs": 1000000,
      "rd": 15792202,
      "sga": 31160140,
      "fcf": -33778000,
      "ocf": -33537000,
      "capex": -241000,
      "gross_margin": 0.8866185642145966,
      "op_margin": -4.442402797528194,
      "fcf_margin": -3.829798137959356,
      "incr_op_margin_yoy": -0.9448477548094705
    },
    {
      "date": "2022-09-30T00:00:00",
      "quarter_label": "2022-09 (Q3)",
      "revenue": 16845792,
      "gross_profit": 14945792,
      "operating_income": -42412172,
      "net_income": -44823212,
      "opex": 59257964,
      "cogs": 1900000,
      "rd": 14877021,
      "sga": 40892443,
      "fcf": -22824000,
      "ocf": -22758000,
      "capex": -66000,
      "gross_margin": 0.8872121892517728,
      "op_margin": -2.517671594188032,
      "fcf_margin": -1.3548784171144936,
      "incr_op_margin_yoy": -0.5345566418011097,
      "op_leverage_ratio": 3.8802727005677173,
      "fcf_margin_change": 2.474919720844863
    },
    {
      "date": "2022-12-31T00:00:00",
      "quarter_label": "2022-12 (Q4)",
      "revenue": -25665578,
      "gross_profit": -27965578,
      "operating_income": -59916969,
      "net_income": -61239612,
      "opex": 84288497,
      "cogs": 2300000,
      "rd": 14693083,
      "sga": 61497347,
      "fcf": -27744000,
      "ocf": -27563000,
      "capex": -181000,
      "gross_margin": 1.0896141906486578,
      "op_margin": 2.334526383937272,
      "fcf_margin": 1.0809809153723327,
      "fcf_margin_change": 2.4358593324868263
    },
    {
      "date": "2023-03-31T00:00:00",
      "quarter_label": "2023-03 (Q1)",
      "revenue": 94576000,
      "gross_profit": 87020000,
      "operating_income": -6374000,
      "net_income": -11218000,
      "opex": 100950000,
      "cogs": 7556000,
      "rd": 17793000,
      "sga": 74191000,
      "fcf": -5892000,
      "ocf": -5821000,
      "capex": -71000,
      "gross_margin": 0.9201065809507698,
      "op_margin": -0.06739553375063441,
      "fcf_margin": -0.06229910336660464,
      "fcf_margin_change": -1.1432800187389374
    },
    {
      "date": "2023-06-30T00:00:00",
      "quarter_label": "2023-06 (Q2)",
      "revenue": 46700000,
      "gross_profit": 42101000,
      "operating_income": -65057000,
      "net_income": -67170000,
      "opex": 111757000,
      "cogs": 4599000,
      "rd": 20581000,
      "sga": 78935000,
      "fcf": -55482000,
      "ocf": -55349000,
      "capex": -133000,
      "gross_margin": 0.9015203426124196,
      "op_margin": -1.393083511777302,
      "fcf_margin": -1.188051391862955,
      "incr_op_margin_yoy": -0.6830995727743249,
      "rev_growth_yoy": 4.294913051178339,
      "fcf_margin_change": -1.1257522884963502
    },
    {
      "date": "2023-09-30T00:00:00",
      "quarter_label": "2023-09 (Q3)",
      "revenue": 57794000,
      "gross_profit": 51262000,
      "operating_income": -62120000,
      "net_income": -62199000,
      "opex": 119914000,
      "cogs": 6532000,
      "rd": 28767000,
      "sga": 83188000,
      "fcf": -53919000,
      "ocf": -53548000,
      "capex": -371000,
      "gross_margin": 0.8869778869778869,
      "op_margin": -1.0748520607675538,
      "fcf_margin": -0.9329515174585598,
      "incr_op_margin_yoy": -0.4812867024608256,
      "rev_growth_yoy": 2.430767754938444,
      "rev_growth_yoy_accel": -1.864145296239895,
      "op_leverage_ratio": 3.2547343974080403,
      "fcf_margin_change": 0.2550998744043952
    },
    {
      "date": "2023-12-31T00:00:00",
      "quarter_label": "2023-12 (Q4)",
      "revenue": 71530000,
      "gross_profit": 64152000,
      "operating_income": -98274000,
      "net_income": -98651000,
      "opex": 169804000,
      "cogs": 7378000,
      "rd": 30803000,
      "sga": 86809000,
      "fcf": -30369000,
      "ocf": -30362000,
      "capex": -7000,
      "gross_margin": 0.8968544666573466,
      "op_margin": -1.3738850831818816,
      "fcf_margin": -0.4245631203690759,
      "incr_op_margin_yoy": -0.39463761406923265,
      "op_leverage_ratio": 0.5712601304209886,
      "fcf_margin_change": 0.5083883970894838
    },
    {
      "date": "2024-03-31T00:00:00",
      "quarter_label": "2024-03 (Q1)",
      "revenue": 74999000,
      "gross_profit": 68702000,
      "operating_income": -67275000,
      "net_income": -68357000,
      "opex": 142274000,
      "cogs": 6297000,
      "rd": 36830000,
      "sga": 98970000,
      "fcf": -53565000,
      "ocf": -53467000,
      "capex": -98000,
      "gross_margin": 0.9160388805184069,
      "op_margin": -0.8970119601594688,
      "fcf_margin": -0.7142095227936373,
      "incr_op_margin_yoy": 3.11084435817541,
      "rev_growth_yoy": -0.20699754694637118,
      "op_leverage_ratio": Infinity,
      "fcf_margin_change": -0.28964640242456136
    },
    {
      "date": "2024-06-30T00:00:00",
      "quarter_label": "2024-06 (Q2)",
      "revenue": 87166000,
      "gross_profit": 79111000,
      "operating_income": -78046000,
      "net_income": -79345000,
      "opex": 165212000,
      "cogs": 8055000,
      "rd": 49853000,
      "sga": 103554000,
      "fcf": -30162000,
      "ocf": -30110000,
      "capex": -52000,
      "gross_margin": 0.9075901154119725,
      "op_margin": -0.8953720487345983,
      "fcf_margin": -0.3460294151389303,
      "incr_op_margin_yoy": -0.3209855187070627,
      "rev_growth_yoy": 0.8665096359743041,
      "rev_growth_yoy_accel": 1.0735071829206753,
      "op_leverage_ratio": 1.0062317778036558,
      "fcf_margin_change": 0.36818010765470693
    },
    {
      "date": "2024-09-30T00:00:00",
      "quarter_label": "2024-09 (Q3)",
      "revenue": 104762000,
      "gross_profit": 96325000,
      "operating_income": -62624000,
      "net_income": -64602000,
      "opex": 167386000,
      "cogs": 8437000,
      "rd": 45388000,
      "sga": 95564000,
      "fcf": -18721000,
      "ocf": -18631000,
      "capex": -90000,
      "gross_margin": 0.9194650732135699,
      "op_margin": -0.5977740020236345,
      "fcf_margin": -0.17870029209064356,
      "incr_op_margin_yoy": -0.010730710270822688,
      "rev_growth_yoy": 0.8126795169048691,
      "rev_growth_yoy_accel": -0.05383011906943502,
      "op_leverage_ratio": 15.340830988746086,
      "fcf_margin_change": 0.16732912304828676
    },
    {
      "date": "2024-12-31T00:00:00",
      "quarter_label": "2024-12 (Q4)",
      "revenue": 118766000,
      "gross_profit": 108252000,
      "operating_income": -72617000,
      "net_income": -74912000,
      "opex": 191383000,
      "cogs": 10514000,
      "rd": 55006000,
      "sga": 113271000,
      "fcf": -26232000,
      "ocf": -26202000,
      "capex": -30000,
      "gross_margin": 0.9114729804826297,
      "op_margin": -0.6114291969082061,
      "fcf_margin": -0.22087129313103077,
      "incr_op_margin_yoy": 0.5431662291472605,
      "rev_growth_yoy": 0.6603662798825668,
      "rev_growth_yoy_accel": -0.15231323702230226,
      "op_leverage_ratio": 0.9324176823910896,
      "fcf_margin_change": -0.04217100104038721
    },
    {
      "date": "2025-03-31T00:00:00",
      "quarter_label": "2025-03 (Q1)",
      "revenue": 121463000,
      "gross_profit": 111674000,
      "operating_income": -56982000,
      "net_income": -59413000,
      "opex": 178445000,
      "cogs": 9789000,
      "rd": 44785000,
      "sga": 120787000,
      "fcf": -43713000,
      "ocf": -43375000,
      "capex": -338000,
      "gross_margin": 0.9194075562105333,
      "op_margin": -0.469130517112207,
      "fcf_margin": -0.3598873731095066,
      "incr_op_margin_yoy": 0.22152634297520662,
      "rev_growth_yoy": 0.619528260376805,
      "rev_growth_yoy_accel": -0.040838019505761824,
      "op_leverage_ratio": Infinity,
      "fcf_margin_change": -0.13901607997847581
    },
    {
      "date": "2025-06-30T00:00:00",
      "quarter_label": "2025-06 (Q2)",
      "revenue": 150042000,
      "gross_profit": 136594000,
      "operating_income": -36714000,
      "net_income": -47973000,
      "opex": 186756000,
      "cogs": 13448000,
      "rd": 49541000,
      "sga": 130280000,
      "fcf": -32436000,
      "ocf": -32423000,
      "capex": -13000,
      "gross_margin": 0.9103717625731462,
      "op_margin": -0.24469148638381252,
      "fcf_margin": -0.21617946974847044,
      "incr_op_margin_yoy": 0.6573573382530695,
      "rev_growth_yoy": 0.7213363008512493,
      "rev_growth_yoy_accel": 0.10180804047444436,
      "op_leverage_ratio": 5.051892798526021,
      "fcf_margin_change": 0.14370790336103614
    },
    {
      "date": "2025-09-30T00:00:00",
      "quarter_label": "2025-09 (Q3)",
      "revenue": 170992000,
      "gross_profit": 159080000,
      "operating_income": -46109000,
      "net_income": -47229000,
      "opex": 217101000,
      "cogs": 11912000,
      "rd": 40162000,
      "sga": 150235000,
      "fcf": 988000,
      "ocf": 1046000,
      "capex": -58000,
      "gross_margin": 0.9303359221484045,
      "op_margin": -0.26965589033405074,
      "fcf_margin": 0.005778048095817348,
      "incr_op_margin_yoy": 0.24935829684433036,
      "rev_growth_yoy": 0.6321948798228365,
      "rev_growth_yoy_accel": -0.08914142102841283,
      "op_leverage_ratio": 0.8593272908136719,
      "fcf_margin_change": 0.2219575178442878
    }
  ],
  "signals": [
    {
      "quarter": "2025-09 (Q3)",
      "signal": "FCF TURNED POSITIVE",
      "detail": "FCF margin: -21.6% -> +0.6%",
      "severity": "HIGH"
    },
    {
      "quarter": "2025-09 (Q3)",
      "signal": "YoY REVENUE GROWTH DECELERATION",
      "detail": "YoY growth: +63.2% vs prior quarter YoY: +72.1% (decel: -8.9%)",
      "severity": "WARNING"
    },
    {
      "quarter": "2025-06 (Q2)",
      "signal": "FCF MARGIN EXPANSION",
      "detail": "FCF margin: -36.0% -> -21.6% (+14.4%)",
      "severity": "MEDIUM"
    },
    {
      "quarter": "2025-06 (Q2)",
      "signal": "OPERATING LEVERAGE",
      "detail": "Rev growth +23.5% vs OpEx growth +4.7% (leverage: 5.1x)",
      "severity": "MEDIUM"
    },
    {
      "quarter": "2025-06 (Q2)",
      "signal": "YoY REVENUE GROWTH ACCELERATION",
      "detail": "YoY growth: +72.1% vs prior quarter YoY: +62.0% (accel: +10.2%)",
      "severity": "MEDIUM"
    },
    {
      "quarter": "2024-12 (Q4)",
      "signal": "YoY REVENUE GROWTH DECELERATION",
      "detail": "YoY growth: +66.0% vs prior quarter YoY: +81.3% (decel: -15.2%)",
      "severity": "WARNING"
    },
    {
      "quarter": "2024-09 (Q3)",
      "signal": "FCF MARGIN EXPANSION",
      "detail": "FCF margin: -34.6% -> -17.9% (+16.7%)",
      "severity": "MEDIUM"
    },
    {
      "quarter": "2024-09 (Q3)",
      "signal": "OPERATING LEVERAGE",
      "detail": "Rev growth +20.2% vs OpEx growth +1.3% (leverage: 15.3x)",
      "severity": "MEDIUM"
    },
    {
      "quarter": "2024-09 (Q3)",
      "signal": "YoY REVENUE GROWTH DECELERATION",
      "detail": "YoY growth: +81.3% vs prior quarter YoY: +86.7% (decel: -5.4%)",
      "severity": "WARNING"
    },
    {
      "quarter": "2024-06 (Q2)",
      "signal": "FCF MARGIN EXPANSION",
      "detail": "FCF margin: -71.4% -> -34.6% (+36.8%)",
      "severity": "MEDIUM"
    },
    {
      "quarter": "2024-06 (Q2)",
      "signal": "YoY REVENUE GROWTH ACCELERATION",
      "detail": "YoY growth: +86.7% vs prior quarter YoY: -20.7% (accel: +107.4%)",
      "severity": "HIGH"
    },
    {
      "quarter": "2023-12 (Q4)",
      "signal": "FCF MARGIN EXPANSION",
      "detail": "FCF margin: -93.3% -> -42.5% (+50.8%)",
      "severity": "MEDIUM"
    },
    {
      "quarter": "2023-09 (Q3)",
      "signal": "FCF MARGIN EXPANSION",
      "detail": "FCF margin: -118.8% -> -93.3% (+25.5%)",
      "severity": "MEDIUM"
    },
    {
      "quarter": "2023-09 (Q3)",
      "signal": "OPERATING LEVERAGE",
      "detail": "Rev growth +23.8% vs OpEx growth +7.3% (leverage: 3.3x)",
      "severity": "MEDIUM"
    },
    {
      "quarter": "2023-09 (Q3)",
      "signal": "YoY REVENUE GROWTH DECELERATION",
      "detail": "YoY growth: +243.1% vs prior quarter YoY: +429.5% (decel: -186.4%)",
      "severity": "WARNING"
    },
    {
      "quarter": "2022-12 (Q4)",
      "signal": "FCF TURNED POSITIVE",
      "detail": "FCF margin: -135.5% -> +108.1%",
      "severity": "HIGH"
    },
    {
      "quarter": "2022-12 (Q4)",
      "signal": "OP MARGIN TURNED POSITIVE (QoQ)",
      "detail": "Op margin: -251.8% -> +233.5%",
      "severity": "HIGH"
    },
    {
      "quarter": "2022-09 (Q3)",
      "signal": "FCF MARGIN EXPANSION",
      "detail": "FCF margin: -383.0% -> -135.5% (+247.5%)",
      "severity": "MEDIUM"
    },
    {
      "quarter": "2022-09 (Q3)",
      "signal": "OPERATING LEVERAGE",
      "detail": "Rev growth +91.0% vs OpEx growth +23.5% (leverage: 3.9x)",
      "severity": "MEDIUM"
    }
  ],
  "data_quality": {
    "n_quarters": 16,
    "coverage": {
      "revenue": [
        16,
        16
      ],
      "gross_profit": [
        15,
        16
      ],
      "op_income": [
        16,
        16
      ],
      "fcf": [
        16,
        16
      ]
    },
    "gaps": [
      [
        "2021-09 (Q3)",
        "2022-06 (Q2)",
        273
      ]
    ],
    "warnings": [
      "gap: 2Q missing between 2021-09 (Q3) and 2022-06 (Q2)"
    ]
  },
  "market_cap": null,
  "source": "SEC EDGAR",
  "last_updated": "2026-02-02T20:40:21.147087"
}