{
  "ticker": "AXTA",
  "name": "AXALTA COATING SYSTEMS LTD.",
  "quarters": [
    {
      "date": "2020-12-31T00:00:00",
      "quarter_label": "2020-12 (Q4)",
      "revenue": 1074500000,
      "gross_profit": 396700000,
      "operating_income": 163200000,
      "net_income": 69700000,
      "opex": 233500000,
      "cogs": 677800000,
      "rd": 14000000,
      "sga": 178900000,
      "fcf": 252500000,
      "ocf": 278400000,
      "capex": -25900000,
      "gross_margin": 0.3691949744067008,
      "op_margin": 0.15188459748720334,
      "fcf_margin": 0.23499302000930666
    },
    {
      "date": "2021-03-31T00:00:00",
      "quarter_label": "2021-03 (Q1)",
      "revenue": 1063600000,
      "gross_profit": 379100000,
      "operating_income": 52600000,
      "net_income": 15200000,
      "opex": 326500000,
      "cogs": 684500000,
      "rd": 15600000,
      "sga": 179100000,
      "fcf": 7800000,
      "ocf": 39600000,
      "capex": -31800000,
      "gross_margin": 0.35643098909364423,
      "op_margin": 0.04945468221135765,
      "fcf_margin": 0.007333584054155698,
      "fcf_margin_change": -0.22765943595515098
    },
    {
      "date": "2021-06-30T00:00:00",
      "quarter_label": "2021-06 (Q2)",
      "revenue": 1126800000,
      "gross_profit": 374000000,
      "operating_income": 190400000,
      "net_income": 126400000,
      "opex": 183600000,
      "cogs": 752800000,
      "rd": 15800000,
      "sga": 184200000,
      "fcf": 79000000,
      "ocf": 107500000,
      "capex": -28500000,
      "gross_margin": 0.3319133830315939,
      "op_margin": 0.16897408590699325,
      "fcf_margin": 0.0701100461483848,
      "op_leverage_ratio": Infinity,
      "fcf_margin_change": 0.0627764620942291
    },
    {
      "date": "2021-09-30T00:00:00",
      "quarter_label": "2021-09 (Q3)",
      "revenue": 1088600000,
      "gross_profit": 343300000,
      "operating_income": 124700000,
      "net_income": 69100000,
      "opex": 218600000,
      "cogs": 745300000,
      "rd": 15400000,
      "sga": 181000000,
      "fcf": 104500000,
      "ocf": 142900000,
      "capex": -38400000,
      "gross_margin": 0.31535917692449017,
      "op_margin": 0.11455079919162227,
      "fcf_margin": 0.09599485577806356,
      "fcf_margin_change": 0.025884809629678762
    },
    {
      "date": "2021-12-31T00:00:00",
      "quarter_label": "2021-12 (Q4)",
      "revenue": 1137200000,
      "gross_profit": 332500000,
      "operating_income": 94700000,
      "net_income": 53200000,
      "opex": 237800000,
      "cogs": 804700000,
      "rd": 15600000,
      "sga": 194400000,
      "fcf": 245700000,
      "ocf": 268600000,
      "capex": -22900000,
      "gross_margin": 0.29238480478367923,
      "op_margin": 0.08327470981357721,
      "fcf_margin": 0.21605698206120297,
      "incr_op_margin_yoy": -1.0925039872408293,
      "rev_growth_yoy": 0.0583527221963704,
      "op_leverage_ratio": 0.5082962061363219,
      "fcf_margin_change": 0.1200621262831394
    },
    {
      "date": "2022-03-31T00:00:00",
      "quarter_label": "2022-03 (Q1)",
      "revenue": 1174100000,
      "gross_profit": 336700000,
      "operating_income": 86300000,
      "net_income": 41500000,
      "opex": 250400000,
      "cogs": 837400000,
      "rd": 16400000,
      "sga": 193500000,
      "fcf": -86400000,
      "ocf": -43900000,
      "capex": -42500000,
      "gross_margin": 0.28677284728728386,
      "op_margin": 0.07350310876415979,
      "fcf_margin": -0.07358828038497572,
      "incr_op_margin_yoy": 0.3049773755656109,
      "rev_growth_yoy": 0.10389244076720572,
      "rev_growth_yoy_accel": 0.045539718570835316,
      "op_leverage_ratio": 0.6123938495552987,
      "fcf_margin_change": -0.2896452624461787
    },
    {
      "date": "2022-06-30T00:00:00",
      "quarter_label": "2022-06 (Q2)",
      "revenue": 1234900000,
      "gross_profit": 348500000,
      "operating_income": 103600000,
      "net_income": 44100000,
      "opex": 244900000,
      "cogs": 886400000,
      "rd": 16700000,
      "sga": 191700000,
      "fcf": -17300000,
      "ocf": 12200000,
      "capex": -29500000,
      "gross_margin": 0.2822090857559317,
      "op_margin": 0.08389343266661269,
      "fcf_margin": -0.014009231516722002,
      "incr_op_margin_yoy": -0.8029602220166513,
      "rev_growth_yoy": 0.09593539226127086,
      "rev_growth_yoy_accel": -0.007957048505934858,
      "op_leverage_ratio": Infinity,
      "fcf_margin_change": 0.05957904886825372
    },
    {
      "date": "2022-09-30T00:00:00",
      "quarter_label": "2022-09 (Q3)",
      "revenue": 1238700000,
      "gross_profit": 362100000,
      "operating_income": 123500000,
      "net_income": 62400000,
      "opex": 238600000,
      "cogs": 876600000,
      "rd": 16500000,
      "sga": 186400000,
      "fcf": 44400000,
      "ocf": 79900000,
      "capex": -35500000,
      "gross_margin": 0.29232259627028334,
      "op_margin": 0.09970129974973763,
      "fcf_margin": 0.03584403003148462,
      "incr_op_margin_yoy": -0.007994670219853431,
      "rev_growth_yoy": 0.1378835201175822,
      "rev_growth_yoy_accel": 0.04194812785631134,
      "fcf_margin_change": 0.04985326154820662
    },
    {
      "date": "2022-12-31T00:00:00",
      "quarter_label": "2022-12 (Q4)",
      "revenue": 1236700000,
      "gross_profit": 371500000,
      "operating_income": 109800000,
      "net_income": 43600000,
      "opex": 261700000,
      "cogs": 865200000,
      "rd": 16800000,
      "sga": 200800000,
      "fcf": 202300000,
      "ocf": 245800000,
      "capex": -43500000,
      "gross_margin": 0.3003962157354249,
      "op_margin": 0.08878466887684969,
      "fcf_margin": 0.16358049648257458,
      "incr_op_margin_yoy": 0.15175879396984926,
      "rev_growth_yoy": 0.0874956032360183,
      "rev_growth_yoy_accel": -0.05038791688156391,
      "fcf_margin_change": 0.12773646645108996
    },
    {
      "date": "2023-03-31T00:00:00",
      "quarter_label": "2023-03 (Q1)",
      "revenue": 1283900000,
      "gross_profit": 382000000,
      "operating_income": 125300000,
      "net_income": 60500000,
      "opex": 256700000,
      "cogs": 901900000,
      "rd": 19100000,
      "sga": 206000000,
      "fcf": -94000000,
      "ocf": -52000000,
      "capex": -42000000,
      "gross_margin": 0.29753096035516785,
      "op_margin": 0.09759327050393332,
      "fcf_margin": -0.07321442479943921,
      "incr_op_margin_yoy": 0.3551912568306011,
      "rev_growth_yoy": 0.09351843965590666,
      "rev_growth_yoy_accel": 0.006022836419888364,
      "op_leverage_ratio": Infinity,
      "fcf_margin_change": -0.2367949212820138
    },
    {
      "date": "2023-06-30T00:00:00",
      "quarter_label": "2023-06 (Q2)",
      "revenue": 1293900000,
      "gross_profit": 389500000,
      "operating_income": 137600000,
      "net_income": 60900000,
      "opex": 251900000,
      "cogs": 904400000,
      "rd": 18600000,
      "sga": 210200000,
      "fcf": 99000000,
      "ocf": 131000000,
      "capex": -32000000,
      "gross_margin": 0.3010279001468429,
      "op_margin": 0.10634515804930829,
      "fcf_margin": 0.07651286807326686,
      "incr_op_margin_yoy": 0.576271186440678,
      "rev_growth_yoy": 0.047777147947202205,
      "rev_growth_yoy_accel": -0.04574129170870445,
      "fcf_margin_change": 0.14972729287270609
    },
    {
      "date": "2023-09-30T00:00:00",
      "quarter_label": "2023-09 (Q3)",
      "revenue": 1309000000,
      "gross_profit": 423500000,
      "operating_income": 163400000,
      "net_income": 72900000,
      "opex": 260100000,
      "cogs": 885500000,
      "rd": 18500000,
      "sga": 209000000,
      "fcf": 179000000,
      "ocf": 210000000,
      "capex": -31000000,
      "gross_margin": 0.3235294117647059,
      "op_margin": 0.12482811306340719,
      "fcf_margin": 0.13674560733384264,
      "incr_op_margin_yoy": 0.5675675675675675,
      "rev_growth_yoy": 0.05675304754985065,
      "rev_growth_yoy_accel": 0.008975899602648447,
      "op_leverage_ratio": 0.3585011470332649,
      "fcf_margin_change": 0.06023273926057578
    },
    {
      "date": "2023-12-31T00:00:00",
      "quarter_label": "2023-12 (Q4)",
      "revenue": 1297300000,
      "gross_profit": 423500000,
      "operating_income": 161200000,
      "net_income": 73100000,
      "opex": 262300000,
      "cogs": 873800000,
      "rd": 17800000,
      "sga": 214900000,
      "fcf": 253000000,
      "ocf": 286000000,
      "capex": -33000000,
      "gross_margin": 0.32644723656825714,
      "op_margin": 0.12425807446234487,
      "fcf_margin": 0.195020427040777,
      "incr_op_margin_yoy": 0.8481848184818482,
      "rev_growth_yoy": 0.04900137462602086,
      "rev_growth_yoy_accel": -0.0077516729238297916,
      "fcf_margin_change": 0.05827481970693435
    },
    {
      "date": "2024-03-31T00:00:00",
      "quarter_label": "2024-03 (Q1)",
      "revenue": 1294000000,
      "gross_profit": 429000000,
      "operating_income": 121000000,
      "net_income": 41000000,
      "opex": 308000000,
      "cogs": 865000000,
      "rd": 18000000,
      "sga": 207000000,
      "fcf": 12000000,
      "ocf": 34000000,
      "capex": -22000000,
      "gross_margin": 0.3315301391035549,
      "op_margin": 0.09350850077279753,
      "fcf_margin": 0.00927357032457496,
      "incr_op_margin_yoy": -0.42574257425742573,
      "rev_growth_yoy": 0.007866656281641873,
      "rev_growth_yoy_accel": -0.041134718344378984,
      "fcf_margin_change": -0.18574685671620203
    },
    {
      "date": "2024-06-30T00:00:00",
      "quarter_label": "2024-06 (Q2)",
      "revenue": 1351000000,
      "gross_profit": 460000000,
      "operating_income": 205000000,
      "net_income": 112000000,
      "opex": 255000000,
      "cogs": 891000000,
      "rd": 18000000,
      "sga": 213000000,
      "fcf": 91000000,
      "ocf": 114000000,
      "capex": -23000000,
      "gross_margin": 0.3404885270170244,
      "op_margin": 0.15173945225758698,
      "fcf_margin": 0.06735751295336788,
      "incr_op_margin_yoy": 1.180385288966725,
      "rev_growth_yoy": 0.04413014916144988,
      "rev_growth_yoy_accel": 0.03626349287980801,
      "op_leverage_ratio": Infinity,
      "fcf_margin_change": 0.05808394262879292
    },
    {
      "date": "2024-09-30T00:00:00",
      "quarter_label": "2024-09 (Q3)",
      "revenue": 1320000000,
      "gross_profit": 462000000,
      "operating_income": 193000000,
      "net_income": 101000000,
      "opex": 269000000,
      "cogs": 858000000,
      "rd": 19000000,
      "sga": 211000000,
      "fcf": 161000000,
      "ocf": 194000000,
      "capex": -33000000,
      "gross_margin": 0.35,
      "op_margin": 0.1462121212121212,
      "fcf_margin": 0.12196969696969696,
      "incr_op_margin_yoy": 2.690909090909091,
      "rev_growth_yoy": 0.008403361344537815,
      "rev_growth_yoy_accel": -0.03572678781691207,
      "fcf_margin_change": 0.054612184016329085
    },
    {
      "date": "2024-12-31T00:00:00",
      "quarter_label": "2024-12 (Q4)",
      "revenue": 1311000000,
      "gross_profit": 447000000,
      "operating_income": 187000000,
      "net_income": 137000000,
      "opex": 260000000,
      "cogs": 864000000,
      "rd": 19000000,
      "sga": 216000000,
      "fcf": 172000000,
      "ocf": 234000000,
      "capex": -62000000,
      "gross_margin": 0.34096109839816935,
      "op_margin": 0.14263920671243327,
      "fcf_margin": 0.13119755911517925,
      "incr_op_margin_yoy": 1.8832116788321167,
      "rev_growth_yoy": 0.010560394665844446,
      "rev_growth_yoy_accel": 0.0021570333213066315,
      "fcf_margin_change": 0.009227862145482282
    },
    {
      "date": "2025-03-31T00:00:00",
      "quarter_label": "2025-03 (Q1)",
      "revenue": 1262000000,
      "gross_profit": 433000000,
      "operating_income": 176000000,
      "net_income": 99000000,
      "opex": 257000000,
      "cogs": 829000000,
      "rd": 17000000,
      "sga": 202000000,
      "fcf": -17000000,
      "ocf": 26000000,
      "capex": -43000000,
      "gross_margin": 0.34310618066561016,
      "op_margin": 0.13946117274167988,
      "fcf_margin": -0.01347068145800317,
      "incr_op_margin_yoy": -1.71875,
      "rev_growth_yoy": -0.02472952086553323,
      "rev_growth_yoy_accel": -0.035289915531377676,
      "fcf_margin_change": -0.14466824057318242
    },
    {
      "date": "2025-06-30T00:00:00",
      "quarter_label": "2025-06 (Q2)",
      "revenue": 1305000000,
      "gross_profit": 457000000,
      "operating_income": 193000000,
      "net_income": 109000000,
      "opex": 264000000,
      "cogs": 848000000,
      "rd": 20000000,
      "sga": 208000000,
      "fcf": 97000000,
      "ocf": 142000000,
      "capex": -45000000,
      "gross_margin": 0.35019157088122604,
      "op_margin": 0.1478927203065134,
      "fcf_margin": 0.0743295019157088,
      "incr_op_margin_yoy": 0.2608695652173913,
      "rev_growth_yoy": -0.034048852701702444,
      "rev_growth_yoy_accel": -0.009319331836169214,
      "op_leverage_ratio": 1.2509621915327147,
      "fcf_margin_change": 0.08780018337371198
    },
    {
      "date": "2025-09-30T00:00:00",
      "quarter_label": "2025-09 (Q3)",
      "revenue": 1288000000,
      "gross_profit": 450000000,
      "operating_income": 204000000,
      "net_income": 110000000,
      "opex": 246000000,
      "cogs": 838000000,
      "rd": 18000000,
      "sga": 197000000,
      "fcf": 87000000,
      "ocf": 137000000,
      "capex": -50000000,
      "gross_margin": 0.34937888198757766,
      "op_margin": 0.15838509316770186,
      "fcf_margin": 0.06754658385093168,
      "incr_op_margin_yoy": -0.34375,
      "rev_growth_yoy": -0.024242424242424242,
      "rev_growth_yoy_accel": 0.009806428459278201,
      "fcf_margin_change": -0.006782918064777127
    }
  ],
  "signals": [
    {
      "quarter": "2025-06 (Q2)",
      "signal": "FCF TURNED POSITIVE",
      "detail": "FCF margin: -1.3% -> +7.4%",
      "severity": "HIGH"
    },
    {
      "quarter": "2025-06 (Q2)",
      "signal": "INCREMENTAL MARGIN (YoY)",
      "detail": "YoY Incr OPM: +26.1% vs year-ago OPM: +15.2%",
      "severity": "MEDIUM"
    },
    {
      "quarter": "2024-12 (Q4)",
      "signal": "INCREMENTAL MARGIN (YoY)",
      "detail": "YoY Incr OPM: +188.3% vs year-ago OPM: +12.4%",
      "severity": "HIGH"
    },
    {
      "quarter": "2024-09 (Q3)",
      "signal": "FCF MARGIN EXPANSION",
      "detail": "FCF margin: +6.7% -> +12.2% (+5.5%)",
      "severity": "MEDIUM"
    },
    {
      "quarter": "2024-09 (Q3)",
      "signal": "INCREMENTAL MARGIN (YoY)",
      "detail": "YoY Incr OPM: +269.1% vs year-ago OPM: +12.5%",
      "severity": "HIGH"
    },
    {
      "quarter": "2024-06 (Q2)",
      "signal": "FCF MARGIN EXPANSION",
      "detail": "FCF margin: +0.9% -> +6.7% (+5.8%)",
      "severity": "MEDIUM"
    },
    {
      "quarter": "2024-06 (Q2)",
      "signal": "INCREMENTAL MARGIN (YoY)",
      "detail": "YoY Incr OPM: +118.0% vs year-ago OPM: +10.6%",
      "severity": "HIGH"
    },
    {
      "quarter": "2023-12 (Q4)",
      "signal": "FCF MARGIN EXPANSION",
      "detail": "FCF margin: +13.7% -> +19.5% (+5.8%)",
      "severity": "MEDIUM"
    },
    {
      "quarter": "2023-12 (Q4)",
      "signal": "INCREMENTAL MARGIN (YoY)",
      "detail": "YoY Incr OPM: +84.8% vs year-ago OPM: +8.9%",
      "severity": "HIGH"
    },
    {
      "quarter": "2023-09 (Q3)",
      "signal": "FCF MARGIN EXPANSION",
      "detail": "FCF margin: +7.7% -> +13.7% (+6.0%)",
      "severity": "MEDIUM"
    },
    {
      "quarter": "2023-09 (Q3)",
      "signal": "INCREMENTAL MARGIN (YoY)",
      "detail": "YoY Incr OPM: +56.8% vs year-ago OPM: +10.0%",
      "severity": "HIGH"
    },
    {
      "quarter": "2023-06 (Q2)",
      "signal": "FCF TURNED POSITIVE",
      "detail": "FCF margin: -7.3% -> +7.7%",
      "severity": "HIGH"
    },
    {
      "quarter": "2023-06 (Q2)",
      "signal": "INCREMENTAL MARGIN (YoY)",
      "detail": "YoY Incr OPM: +57.6% vs year-ago OPM: +8.4%",
      "severity": "HIGH"
    },
    {
      "quarter": "2023-03 (Q1)",
      "signal": "INCREMENTAL MARGIN (YoY)",
      "detail": "YoY Incr OPM: +35.5% vs year-ago OPM: +7.4%",
      "severity": "HIGH"
    },
    {
      "quarter": "2022-12 (Q4)",
      "signal": "FCF MARGIN EXPANSION",
      "detail": "FCF margin: +3.6% -> +16.4% (+12.8%)",
      "severity": "MEDIUM"
    },
    {
      "quarter": "2022-12 (Q4)",
      "signal": "YoY REVENUE GROWTH DECELERATION",
      "detail": "YoY growth: +8.7% vs prior quarter YoY: +13.8% (decel: -5.0%)",
      "severity": "WARNING"
    },
    {
      "quarter": "2022-09 (Q3)",
      "signal": "FCF TURNED POSITIVE",
      "detail": "FCF margin: -1.4% -> +3.6%",
      "severity": "HIGH"
    },
    {
      "quarter": "2022-06 (Q2)",
      "signal": "FCF MARGIN EXPANSION",
      "detail": "FCF margin: -7.4% -> -1.4% (+6.0%)",
      "severity": "MEDIUM"
    },
    {
      "quarter": "2022-03 (Q1)",
      "signal": "INCREMENTAL MARGIN (YoY)",
      "detail": "YoY Incr OPM: +30.5% vs year-ago OPM: +4.9%",
      "severity": "HIGH"
    },
    {
      "quarter": "2021-12 (Q4)",
      "signal": "FCF MARGIN EXPANSION",
      "detail": "FCF margin: +9.6% -> +21.6% (+12.0%)",
      "severity": "MEDIUM"
    },
    {
      "quarter": "2021-06 (Q2)",
      "signal": "FCF MARGIN EXPANSION",
      "detail": "FCF margin: +0.7% -> +7.0% (+6.3%)",
      "severity": "MEDIUM"
    }
  ],
  "data_quality": {
    "n_quarters": 20,
    "coverage": {
      "revenue": [
        20,
        20
      ],
      "gross_profit": [
        20,
        20
      ],
      "op_income": [
        20,
        20
      ],
      "fcf": [
        20,
        20
      ]
    },
    "gaps": [],
    "warnings": []
  },
  "market_cap": null,
  "source": "SEC EDGAR",
  "last_updated": "2026-02-02T20:50:00.354236",
  "sector": "Basic Materials",
  "industry": "Specialty Chemicals"
}