{
  "ticker": "AXTI",
  "name": "AXT, INC.",
  "quarters": [
    {
      "date": "2020-12-31T00:00:00",
      "quarter_label": "2020-12 (Q4)",
      "revenue": 27035000,
      "gross_profit": 9162000,
      "operating_income": 1919000,
      "net_income": 2064000,
      "opex": 7243000,
      "cogs": 17873000,
      "rd": 2162000,
      "sga": 5081000,
      "fcf": -8193000,
      "ocf": -459000,
      "capex": -7734000,
      "gross_margin": 0.3388940262622526,
      "op_margin": 0.0709820602922138,
      "fcf_margin": -0.30305159977806545
    },
    {
      "date": "2021-03-31T00:00:00",
      "quarter_label": "2021-03 (Q1)",
      "revenue": 31350000,
      "gross_profit": 11536000,
      "operating_income": 3561000,
      "net_income": 3425000,
      "opex": 7975000,
      "cogs": 19814000,
      "rd": 2405000,
      "sga": 5570000,
      "fcf": -14085000,
      "ocf": -8309000,
      "capex": -5776000,
      "gross_margin": 0.3679744816586922,
      "op_margin": 0.11358851674641149,
      "fcf_margin": -0.4492822966507177,
      "op_leverage_ratio": 1.5792897993998873,
      "fcf_margin_change": -0.14623069687265228
    },
    {
      "date": "2021-06-30T00:00:00",
      "quarter_label": "2021-06 (Q2)",
      "revenue": 33735000,
      "gross_profit": 12238000,
      "operating_income": 3906000,
      "net_income": 4385000,
      "opex": 8332000,
      "cogs": 21497000,
      "rd": 2537000,
      "sga": 5795000,
      "fcf": -9517000,
      "ocf": -2260000,
      "capex": -7257000,
      "gross_margin": 0.36276863791314656,
      "op_margin": 0.11578479324144064,
      "fcf_margin": -0.2821105676597006,
      "op_leverage_ratio": 1.6994692613887663,
      "fcf_margin_change": 0.16717172899101712
    },
    {
      "date": "2021-09-30T00:00:00",
      "quarter_label": "2021-09 (Q3)",
      "revenue": 34576000,
      "gross_profit": 11501000,
      "operating_income": 2396000,
      "net_income": 3800000,
      "opex": 9105000,
      "cogs": 23075000,
      "rd": 2629000,
      "sga": 6476000,
      "fcf": -6230000,
      "ocf": -168000,
      "capex": -6062000,
      "gross_margin": 0.33262956964368345,
      "op_margin": 0.06929662193428968,
      "fcf_margin": -0.1801827857473392,
      "op_leverage_ratio": 0.2687107546816361,
      "fcf_margin_change": 0.1019277819123614
    },
    {
      "date": "2021-12-31T00:00:00",
      "quarter_label": "2021-12 (Q4)",
      "revenue": 37732000,
      "gross_profit": 12139000,
      "operating_income": 3034000,
      "net_income": 2965000,
      "opex": 9105000,
      "cogs": 25593000,
      "rd": 2757000,
      "sga": 6348000,
      "fcf": -3118000,
      "ocf": 7432000,
      "capex": -10550000,
      "gross_margin": 0.32171631506413656,
      "op_margin": 0.08040920173857734,
      "fcf_margin": -0.082635428813739,
      "incr_op_margin_yoy": 0.10423483219594279,
      "rev_growth_yoy": 0.3956722766783799,
      "op_leverage_ratio": Infinity,
      "fcf_margin_change": 0.0975473569336002
    },
    {
      "date": "2022-03-31T00:00:00",
      "quarter_label": "2022-03 (Q1)",
      "revenue": 39653000,
      "gross_profit": 13308000,
      "operating_income": 3699000,
      "net_income": 3165000,
      "opex": 9609000,
      "cogs": 26345000,
      "rd": 3159000,
      "sga": 6450000,
      "fcf": -15200000,
      "ocf": -8906000,
      "capex": -6294000,
      "gross_margin": 0.3356114291478577,
      "op_margin": 0.09328424078884322,
      "fcf_margin": -0.3833253473885961,
      "incr_op_margin_yoy": 0.01662049861495845,
      "rev_growth_yoy": 0.26484848484848483,
      "rev_growth_yoy_accel": -0.13082379182989506,
      "op_leverage_ratio": 0.919743977576189,
      "fcf_margin_change": -0.30068991857485705
    },
    {
      "date": "2022-06-30T00:00:00",
      "quarter_label": "2022-06 (Q2)",
      "revenue": 39487000,
      "gross_profit": 15435000,
      "operating_income": 5289000,
      "net_income": 5546000,
      "opex": 10146000,
      "cogs": 24052000,
      "rd": 3453000,
      "sga": 6693000,
      "fcf": -117000,
      "ocf": 14443000,
      "capex": -14560000,
      "gross_margin": 0.3908881404006382,
      "op_margin": 0.13394281662319243,
      "fcf_margin": -0.0029630004811710183,
      "incr_op_margin_yoy": 0.24043810848400557,
      "rev_growth_yoy": 0.1705054098117682,
      "rev_growth_yoy_accel": -0.09434307503671663,
      "fcf_margin_change": 0.38036234690742504
    },
    {
      "date": "2022-09-30T00:00:00",
      "quarter_label": "2022-09 (Q3)",
      "revenue": 35183000,
      "gross_profit": 14782000,
      "operating_income": 4567000,
      "net_income": 5759000,
      "opex": 10215000,
      "cogs": 20401000,
      "rd": 3639000,
      "sga": 6576000,
      "fcf": -22749000,
      "ocf": -14838000,
      "capex": -7911000,
      "gross_margin": 0.4201460932836881,
      "op_margin": 0.1298070090668789,
      "fcf_margin": -0.6465906830003126,
      "rev_growth_yoy": 0.01755552984729292,
      "rev_growth_yoy_accel": -0.1529498799644753,
      "fcf_margin_change": -0.6436276825191416
    },
    {
      "date": "2022-12-31T00:00:00",
      "quarter_label": "2022-12 (Q4)",
      "revenue": 26795000,
      "gross_profit": 8596000,
      "operating_income": -1001000,
      "net_income": 1341000,
      "opex": 9597000,
      "cogs": 18199000,
      "rd": 3662000,
      "sga": 5935000,
      "fcf": 836000,
      "ocf": 536000,
      "capex": 300000,
      "gross_margin": 0.3208061205448778,
      "op_margin": -0.03735771599178951,
      "fcf_margin": 0.031199850718417615,
      "incr_op_margin_yoy": 0.36893115113833774,
      "rev_growth_yoy": -0.28986006572670414,
      "rev_growth_yoy_accel": -0.30741559557399706,
      "fcf_margin_change": 0.6777905337187302
    },
    {
      "date": "2023-03-31T00:00:00",
      "quarter_label": "2023-03 (Q1)",
      "revenue": 19405000,
      "gross_profit": 5110000,
      "operating_income": -4437000,
      "net_income": -3348000,
      "opex": 9547000,
      "cogs": 14295000,
      "rd": 3595000,
      "sga": 5952000,
      "fcf": -5150000,
      "ocf": -1534000,
      "capex": -3616000,
      "gross_margin": 0.2633341922185004,
      "op_margin": -0.2286524091728936,
      "fcf_margin": -0.265395516619428,
      "incr_op_margin_yoy": 0.40181746345318053,
      "rev_growth_yoy": -0.5106297127581771,
      "rev_growth_yoy_accel": -0.220769647031473,
      "fcf_margin_change": -0.29659536733784564
    },
    {
      "date": "2023-06-30T00:00:00",
      "quarter_label": "2023-06 (Q2)",
      "revenue": 18595000,
      "gross_profit": 1715000,
      "operating_income": -6845000,
      "net_income": -5089000,
      "opex": 8560000,
      "cogs": 16880000,
      "rd": 2740000,
      "sga": 5820000,
      "fcf": 1124000,
      "ocf": 4300000,
      "capex": -3176000,
      "gross_margin": 0.09222909384243076,
      "op_margin": -0.3681097069104598,
      "fcf_margin": 0.060446356547458995,
      "incr_op_margin_yoy": 0.5807964771204289,
      "rev_growth_yoy": -0.529085521817307,
      "rev_growth_yoy_accel": -0.018455809059129802,
      "fcf_margin_change": 0.325841873166887
    },
    {
      "date": "2023-09-30T00:00:00",
      "quarter_label": "2023-09 (Q3)",
      "revenue": 17366000,
      "gross_profit": 1866000,
      "operating_income": -6727000,
      "net_income": -5823000,
      "opex": 8593000,
      "cogs": 15500000,
      "rd": 2926000,
      "sga": 5667000,
      "fcf": -5178000,
      "ocf": -792000,
      "capex": -4386000,
      "gross_margin": 0.10745134170217667,
      "op_margin": -0.38736611770125534,
      "fcf_margin": -0.2981688356558793,
      "incr_op_margin_yoy": 0.6338889824325082,
      "rev_growth_yoy": -0.5064093454225052,
      "rev_growth_yoy_accel": 0.022676176394801795,
      "fcf_margin_change": -0.3586151922033383
    },
    {
      "date": "2023-12-31T00:00:00",
      "quarter_label": "2023-12 (Q4)",
      "revenue": 20429000,
      "gross_profit": 4627000,
      "operating_income": -3560000,
      "net_income": -3621000,
      "opex": 8187000,
      "cogs": 15802000,
      "rd": 2820000,
      "sga": 5367000,
      "fcf": 2132000,
      "ocf": 1429000,
      "capex": 703000,
      "gross_margin": 0.22649175192128837,
      "op_margin": -0.17426207841793528,
      "fcf_margin": 0.10436144696265114,
      "incr_op_margin_yoy": 0.4019792648444863,
      "rev_growth_yoy": -0.23758163836536667,
      "rev_growth_yoy_accel": 0.2688277070571385,
      "op_leverage_ratio": Infinity,
      "fcf_margin_change": 0.40253028261853047
    },
    {
      "date": "2024-03-31T00:00:00",
      "quarter_label": "2024-03 (Q1)",
      "revenue": 22688000,
      "gross_profit": 6094000,
      "operating_income": -3347000,
      "net_income": -2083000,
      "opex": 9441000,
      "cogs": 16594000,
      "rd": 3214000,
      "sga": 6227000,
      "fcf": -13198000,
      "ocf": -8806000,
      "capex": -4392000,
      "gross_margin": 0.26860014104372354,
      "op_margin": -0.14752291960507757,
      "fcf_margin": -0.5817172073342737,
      "incr_op_margin_yoy": 0.33201340237587573,
      "rev_growth_yoy": 0.16918320020613245,
      "rev_growth_yoy_accel": 0.40676483857149914,
      "op_leverage_ratio": 0.7219321393431469,
      "fcf_margin_change": -0.6860786542969248
    },
    {
      "date": "2024-06-30T00:00:00",
      "quarter_label": "2024-06 (Q2)",
      "revenue": 27923000,
      "gross_profit": 7652000,
      "operating_income": -1885000,
      "net_income": -1516000,
      "opex": 9537000,
      "cogs": 20271000,
      "rd": 3758000,
      "sga": 5779000,
      "fcf": 572000,
      "ocf": 843000,
      "capex": -271000,
      "gross_margin": 0.27403932242237583,
      "op_margin": -0.06750707302223972,
      "fcf_margin": 0.020484904917093434,
      "incr_op_margin_yoy": 0.5317324185248714,
      "rev_growth_yoy": 0.5016402258671686,
      "rev_growth_yoy_accel": 0.3324570256610362,
      "op_leverage_ratio": 22.691710651004936,
      "fcf_margin_change": 0.6022021122513671
    },
    {
      "date": "2024-09-30T00:00:00",
      "quarter_label": "2024-09 (Q3)",
      "revenue": 23645000,
      "gross_profit": 5682000,
      "operating_income": -3406000,
      "net_income": -2937000,
      "opex": 9088000,
      "cogs": 17963000,
      "rd": 3438000,
      "sga": 5650000,
      "fcf": -6360000,
      "ocf": -5419000,
      "capex": -941000,
      "gross_margin": 0.24030450412349333,
      "op_margin": -0.14404736730809897,
      "fcf_margin": -0.26897864241911607,
      "incr_op_margin_yoy": 0.5289058767319637,
      "rev_growth_yoy": 0.36156858228722794,
      "rev_growth_yoy_accel": -0.14007164357994067,
      "fcf_margin_change": -0.2894635473362095
    },
    {
      "date": "2024-12-31T00:00:00",
      "quarter_label": "2024-12 (Q4)",
      "revenue": 25105000,
      "gross_profit": 4408000,
      "operating_income": -6165000,
      "net_income": -5088000,
      "opex": 10573000,
      "cogs": 20697000,
      "rd": 4133000,
      "sga": 6440000,
      "fcf": 1103000,
      "ocf": 1270000,
      "capex": -167000,
      "gross_margin": 0.17558255327623978,
      "op_margin": -0.2455686118303127,
      "fcf_margin": 0.043935471021708826,
      "incr_op_margin_yoy": -0.5571000855431993,
      "rev_growth_yoy": 0.22889030300063634,
      "rev_growth_yoy_accel": -0.1326782792865916,
      "op_leverage_ratio": 0.3778813012054712,
      "fcf_margin_change": 0.31291411344082487
    },
    {
      "date": "2025-03-31T00:00:00",
      "quarter_label": "2025-03 (Q1)",
      "revenue": 19356000,
      "gross_profit": -1241000,
      "operating_income": -10275000,
      "net_income": -8798000,
      "opex": 9034000,
      "cogs": 20597000,
      "rd": 3118000,
      "sga": 5916000,
      "fcf": -3856000,
      "ocf": -3346000,
      "capex": -510000,
      "gross_margin": -0.06411448646414548,
      "op_margin": -0.5308431494110354,
      "fcf_margin": -0.19921471378383965,
      "incr_op_margin_yoy": 2.079231692677071,
      "rev_growth_yoy": -0.14686177715091678,
      "rev_growth_yoy_accel": -0.37575208015155315,
      "fcf_margin_change": -0.24315018480554848
    },
    {
      "date": "2025-06-30T00:00:00",
      "quarter_label": "2025-06 (Q2)",
      "revenue": 17974000,
      "gross_profit": 1433000,
      "operating_income": -6745000,
      "net_income": -7008000,
      "opex": 8178000,
      "cogs": 16541000,
      "rd": 2525000,
      "sga": 5653000,
      "fcf": -4855000,
      "ocf": -4576000,
      "capex": -279000,
      "gross_margin": 0.07972627128073885,
      "op_margin": -0.3752642706131078,
      "fcf_margin": -0.270112384555469,
      "incr_op_margin_yoy": 0.4884913056588602,
      "rev_growth_yoy": -0.35630125702825627,
      "rev_growth_yoy_accel": -0.2094394798773395,
      "fcf_margin_change": -0.07089767077162934
    },
    {
      "date": "2025-09-30T00:00:00",
      "quarter_label": "2025-09 (Q3)",
      "revenue": 27955000,
      "gross_profit": 6224000,
      "operating_income": -1123000,
      "net_income": -1906000,
      "opex": 7347000,
      "cogs": 21731000,
      "rd": 1013000,
      "sga": 6334000,
      "fcf": -11326000,
      "ocf": -9151000,
      "capex": -2175000,
      "gross_margin": 0.2226435342514756,
      "op_margin": -0.04017170452512967,
      "fcf_margin": -0.40515113575389017,
      "incr_op_margin_yoy": 0.5296983758700696,
      "rev_growth_yoy": 0.18227955170226262,
      "rev_growth_yoy_accel": 0.5385808087305188,
      "op_leverage_ratio": Infinity,
      "fcf_margin_change": -0.13503875119842118
    }
  ],
  "signals": [
    {
      "quarter": "2025-09 (Q3)",
      "signal": "YoY REVENUE GROWTH ACCELERATION",
      "detail": "YoY growth: +18.2% vs prior quarter YoY: -35.6% (accel: +53.9%)",
      "severity": "HIGH"
    },
    {
      "quarter": "2025-06 (Q2)",
      "signal": "GROSS MARGIN INFLECTION",
      "detail": "GM: +17.6% -> -6.4% -> +8.0% (reversal +14.4%)",
      "severity": "HIGH"
    },
    {
      "quarter": "2025-06 (Q2)",
      "signal": "YoY REVENUE GROWTH DECELERATION",
      "detail": "YoY growth: -35.6% vs prior quarter YoY: -14.7% (decel: -20.9%)",
      "severity": "WARNING"
    },
    {
      "quarter": "2025-03 (Q1)",
      "signal": "YoY REVENUE GROWTH DECELERATION",
      "detail": "YoY growth: -14.7% vs prior quarter YoY: +22.9% (decel: -37.6%)",
      "severity": "WARNING"
    },
    {
      "quarter": "2024-12 (Q4)",
      "signal": "FCF TURNED POSITIVE",
      "detail": "FCF margin: -26.9% -> +4.4%",
      "severity": "HIGH"
    },
    {
      "quarter": "2024-12 (Q4)",
      "signal": "YoY REVENUE GROWTH DECELERATION",
      "detail": "YoY growth: +22.9% vs prior quarter YoY: +36.2% (decel: -13.3%)",
      "severity": "WARNING"
    },
    {
      "quarter": "2024-09 (Q3)",
      "signal": "YoY REVENUE GROWTH DECELERATION",
      "detail": "YoY growth: +36.2% vs prior quarter YoY: +50.2% (decel: -14.0%)",
      "severity": "WARNING"
    },
    {
      "quarter": "2024-06 (Q2)",
      "signal": "FCF TURNED POSITIVE",
      "detail": "FCF margin: -58.2% -> +2.0%",
      "severity": "HIGH"
    },
    {
      "quarter": "2024-06 (Q2)",
      "signal": "OPERATING LEVERAGE",
      "detail": "Rev growth +23.1% vs OpEx growth +1.0% (leverage: 22.7x)",
      "severity": "MEDIUM"
    },
    {
      "quarter": "2024-06 (Q2)",
      "signal": "YoY REVENUE GROWTH ACCELERATION",
      "detail": "YoY growth: +50.2% vs prior quarter YoY: +16.9% (accel: +33.2%)",
      "severity": "HIGH"
    },
    {
      "quarter": "2024-03 (Q1)",
      "signal": "YoY REVENUE GROWTH ACCELERATION",
      "detail": "YoY growth: +16.9% vs prior quarter YoY: -23.8% (accel: +40.7%)",
      "severity": "HIGH"
    },
    {
      "quarter": "2023-12 (Q4)",
      "signal": "FCF TURNED POSITIVE",
      "detail": "FCF margin: -29.8% -> +10.4%",
      "severity": "HIGH"
    },
    {
      "quarter": "2023-12 (Q4)",
      "signal": "YoY REVENUE GROWTH ACCELERATION",
      "detail": "YoY growth: -23.8% vs prior quarter YoY: -50.6% (accel: +26.9%)",
      "severity": "HIGH"
    },
    {
      "quarter": "2023-06 (Q2)",
      "signal": "FCF TURNED POSITIVE",
      "detail": "FCF margin: -26.5% -> +6.0%",
      "severity": "HIGH"
    },
    {
      "quarter": "2023-03 (Q1)",
      "signal": "YoY REVENUE GROWTH DECELERATION",
      "detail": "YoY growth: -51.1% vs prior quarter YoY: -29.0% (decel: -22.1%)",
      "severity": "WARNING"
    },
    {
      "quarter": "2022-12 (Q4)",
      "signal": "FCF TURNED POSITIVE",
      "detail": "FCF margin: -64.7% -> +3.1%",
      "severity": "HIGH"
    },
    {
      "quarter": "2022-12 (Q4)",
      "signal": "YoY REVENUE GROWTH DECELERATION",
      "detail": "YoY growth: -29.0% vs prior quarter YoY: +1.8% (decel: -30.7%)",
      "severity": "WARNING"
    },
    {
      "quarter": "2022-09 (Q3)",
      "signal": "YoY REVENUE GROWTH DECELERATION",
      "detail": "YoY growth: +1.8% vs prior quarter YoY: +17.1% (decel: -15.3%)",
      "severity": "WARNING"
    },
    {
      "quarter": "2022-06 (Q2)",
      "signal": "FCF MARGIN EXPANSION",
      "detail": "FCF margin: -38.3% -> -0.3% (+38.0%)",
      "severity": "MEDIUM"
    },
    {
      "quarter": "2022-06 (Q2)",
      "signal": "YoY REVENUE GROWTH DECELERATION",
      "detail": "YoY growth: +17.1% vs prior quarter YoY: +26.5% (decel: -9.4%)",
      "severity": "WARNING"
    },
    {
      "quarter": "2022-06 (Q2)",
      "signal": "INCREMENTAL MARGIN (YoY)",
      "detail": "YoY Incr OPM: +24.0% vs year-ago OPM: +11.6%",
      "severity": "MEDIUM"
    },
    {
      "quarter": "2022-03 (Q1)",
      "signal": "YoY REVENUE GROWTH DECELERATION",
      "detail": "YoY growth: +26.5% vs prior quarter YoY: +39.6% (decel: -13.1%)",
      "severity": "WARNING"
    },
    {
      "quarter": "2021-12 (Q4)",
      "signal": "FCF MARGIN EXPANSION",
      "detail": "FCF margin: -18.0% -> -8.3% (+9.8%)",
      "severity": "MEDIUM"
    },
    {
      "quarter": "2021-09 (Q3)",
      "signal": "FCF MARGIN EXPANSION",
      "detail": "FCF margin: -28.2% -> -18.0% (+10.2%)",
      "severity": "MEDIUM"
    },
    {
      "quarter": "2021-06 (Q2)",
      "signal": "FCF MARGIN EXPANSION",
      "detail": "FCF margin: -44.9% -> -28.2% (+16.7%)",
      "severity": "MEDIUM"
    },
    {
      "quarter": "2021-06 (Q2)",
      "signal": "OPERATING LEVERAGE",
      "detail": "Rev growth +7.6% vs OpEx growth +4.5% (leverage: 1.7x)",
      "severity": "MEDIUM"
    },
    {
      "quarter": "2021-03 (Q1)",
      "signal": "OPERATING LEVERAGE",
      "detail": "Rev growth +16.0% vs OpEx growth +10.1% (leverage: 1.6x)",
      "severity": "MEDIUM"
    }
  ],
  "data_quality": {
    "n_quarters": 20,
    "coverage": {
      "revenue": [
        20,
        20
      ],
      "gross_profit": [
        20,
        20
      ],
      "op_income": [
        20,
        20
      ],
      "fcf": [
        20,
        20
      ]
    },
    "gaps": [],
    "warnings": []
  },
  "market_cap": null,
  "source": "SEC EDGAR",
  "last_updated": "2026-02-02T22:03:37.465685"
}