{
  "ticker": "AYI",
  "name": "ACUITY INC.",
  "quarters": [
    {
      "date": "2021-02-28T00:00:00",
      "quarter_label": "2021-02 (Q1)",
      "revenue": 776600000,
      "gross_profit": 336700000,
      "operating_income": 91000000,
      "net_income": 62900000,
      "opex": 245700000,
      "cogs": 439900000,
      "rd": null,
      "sga": 245400000,
      "fcf": 78900000,
      "ocf": 88700000,
      "capex": -9800000,
      "gross_margin": 0.4335565284573783,
      "op_margin": 0.11717744012361576,
      "fcf_margin": 0.10159670357970642
    },
    {
      "date": "2021-05-31T00:00:00",
      "quarter_label": "2021-05 (Q2)",
      "revenue": 899700000,
      "gross_profit": 386600000,
      "operating_income": 118100000,
      "net_income": 85700000,
      "opex": 268500000,
      "cogs": 513100000,
      "rd": null,
      "sga": 268000000,
      "fcf": 94200000,
      "ocf": 103600000,
      "capex": -9400000,
      "gross_margin": 0.42969878848505055,
      "op_margin": 0.13126597754807157,
      "fcf_margin": 0.10470156718906302,
      "op_leverage_ratio": 1.7081695514862356,
      "fcf_margin_change": 0.003104863609356606
    },
    {
      "date": "2021-08-31T00:00:00",
      "quarter_label": "2021-08 (Q3)",
      "revenue": 992700000,
      "gross_profit": 419300000,
      "operating_income": 132800000,
      "net_income": 98100000,
      "opex": 286500000,
      "cogs": 573400000,
      "rd": null,
      "sga": 284700000,
      "fcf": 79300000,
      "ocf": 92500000,
      "capex": -13200000,
      "gross_margin": 0.42238339881132264,
      "op_margin": 0.13377656895335951,
      "fcf_margin": 0.07988314697290219,
      "op_leverage_ratio": 1.5419028565077249,
      "fcf_margin_change": -0.024818420216160833
    },
    {
      "date": "2021-11-30T00:00:00",
      "quarter_label": "2021-11 (Q4)",
      "revenue": 926100000,
      "gross_profit": 385800000,
      "operating_income": 115100000,
      "net_income": 87600000,
      "opex": 270700000,
      "cogs": 540300000,
      "rd": null,
      "sga": 270700000,
      "fcf": 74400000,
      "ocf": 83700000,
      "capex": -9300000,
      "gross_margin": 0.41658568189180434,
      "op_margin": 0.12428463448871613,
      "fcf_margin": 0.08033689666342728,
      "fcf_margin_change": 0.00045374969052508485
    },
    {
      "date": "2022-02-28T00:00:00",
      "quarter_label": "2022-02 (Q1)",
      "revenue": 909100000,
      "gross_profit": 379300000,
      "operating_income": 102300000,
      "net_income": 75300000,
      "opex": 277000000,
      "cogs": 529800000,
      "rd": null,
      "sga": 277000000,
      "fcf": 28800000,
      "ocf": 43600000,
      "capex": -14800000,
      "gross_margin": 0.41722582774172257,
      "op_margin": 0.11252887471125289,
      "fcf_margin": 0.03167968320316797,
      "incr_op_margin_yoy": 0.08528301886792453,
      "rev_growth_yoy": 0.17061550347669327,
      "fcf_margin_change": -0.04865721346025931
    },
    {
      "date": "2022-05-31T00:00:00",
      "quarter_label": "2022-05 (Q2)",
      "revenue": 1060600000,
      "gross_profit": 445100000,
      "operating_income": 142700000,
      "net_income": 105700000,
      "opex": 302400000,
      "cogs": 615500000,
      "rd": null,
      "sga": 302400000,
      "fcf": 24500000,
      "ocf": 38400000,
      "capex": -13900000,
      "gross_margin": 0.41966811238921364,
      "op_margin": 0.1345464831227607,
      "fcf_margin": 0.02310013200075429,
      "incr_op_margin_yoy": 0.1528899937849596,
      "rev_growth_yoy": 0.1788373902411915,
      "rev_growth_yoy_accel": 0.008221886764498226,
      "op_leverage_ratio": 1.8173853694533921,
      "fcf_margin_change": -0.008579551202413677
    },
    {
      "date": "2022-08-31T00:00:00",
      "quarter_label": "2022-08 (Q3)",
      "revenue": 1110300000,
      "gross_profit": 462500000,
      "operating_income": 149600000,
      "net_income": 115400000,
      "opex": 312900000,
      "cogs": 647800000,
      "rd": null,
      "sga": 312900000,
      "fcf": 132100000,
      "ocf": 150600000,
      "capex": -18500000,
      "gross_margin": 0.41655408448167164,
      "op_margin": 0.1347383590020715,
      "fcf_margin": 0.11897685310276501,
      "incr_op_margin_yoy": 0.14285714285714285,
      "rev_growth_yoy": 0.11846479298881837,
      "rev_growth_yoy_accel": -0.06037259725237312,
      "op_leverage_ratio": 1.3495757118612106,
      "fcf_margin_change": 0.09587672110201072
    },
    {
      "date": "2022-11-30T00:00:00",
      "quarter_label": "2022-11 (Q4)",
      "revenue": 997900000,
      "gross_profit": 416500000,
      "operating_income": 108900000,
      "net_income": 74900000,
      "opex": 307600000,
      "cogs": 581400000,
      "rd": null,
      "sga": 300700000,
      "fcf": 168400000,
      "ocf": 186600000,
      "capex": -18200000,
      "gross_margin": 0.41737649063032367,
      "op_margin": 0.10912917125964526,
      "fcf_margin": 0.16875438420683436,
      "incr_op_margin_yoy": -0.08635097493036212,
      "rev_growth_yoy": 0.07752942446819998,
      "rev_growth_yoy_accel": -0.040935368520618395,
      "fcf_margin_change": 0.04977753110406935
    },
    {
      "date": "2023-02-28T00:00:00",
      "quarter_label": "2023-02 (Q1)",
      "revenue": 943600000,
      "gross_profit": 406700000,
      "operating_income": 111500000,
      "net_income": 83200000,
      "opex": 295200000,
      "cogs": 536900000,
      "rd": null,
      "sga": 295200000,
      "fcf": 102400000,
      "ocf": 119800000,
      "capex": -17400000,
      "gross_margin": 0.4310089020771513,
      "op_margin": 0.11816447647308181,
      "fcf_margin": 0.10852055955913523,
      "incr_op_margin_yoy": 0.26666666666666666,
      "rev_growth_yoy": 0.03794962050379496,
      "rev_growth_yoy_accel": -0.03957980396440502,
      "fcf_margin_change": -0.060233824647699136
    },
    {
      "date": "2023-05-31T00:00:00",
      "quarter_label": "2023-05 (Q2)",
      "revenue": 1000300000,
      "gross_profit": 447300000,
      "operating_income": 143300000,
      "net_income": 105000000,
      "opex": 304000000,
      "cogs": 553000000,
      "rd": null,
      "sga": 304000000,
      "fcf": 152700000,
      "ocf": 165100000,
      "capex": -12400000,
      "gross_margin": 0.4471658502449265,
      "op_margin": 0.14325702289313205,
      "fcf_margin": 0.15265420373887834,
      "incr_op_margin_yoy": -0.009950248756218905,
      "rev_growth_yoy": -0.05685461059777484,
      "rev_growth_yoy_accel": -0.0948042311015698,
      "op_leverage_ratio": 2.0157135149716754,
      "fcf_margin_change": 0.04413364417974311
    },
    {
      "date": "2023-08-31T00:00:00",
      "quarter_label": "2023-08 (Q3)",
      "revenue": 1010400000,
      "gross_profit": 442700000,
      "operating_income": 109700000,
      "net_income": 82900000,
      "opex": 333000000,
      "cogs": 567700000,
      "rd": null,
      "sga": 313000000,
      "fcf": 87900000,
      "ocf": 106600000,
      "capex": -18700000,
      "gross_margin": 0.43814330958036424,
      "op_margin": 0.10857086302454473,
      "fcf_margin": 0.08699524940617577,
      "incr_op_margin_yoy": 0.3993993993993994,
      "rev_growth_yoy": -0.08997568224804108,
      "rev_growth_yoy_accel": -0.03312107165026623,
      "op_leverage_ratio": 0.10584410883631462,
      "fcf_margin_change": -0.06565895433270257
    },
    {
      "date": "2023-11-30T00:00:00",
      "quarter_label": "2023-11 (Q4)",
      "revenue": 934700000,
      "gross_profit": 428400000,
      "operating_income": 132900000,
      "net_income": 100600000,
      "opex": 295500000,
      "cogs": 506300000,
      "rd": null,
      "sga": 295500000,
      "fcf": 175400000,
      "ocf": 190000000,
      "capex": -14600000,
      "gross_margin": 0.4583288755750508,
      "op_margin": 0.1421846581790949,
      "fcf_margin": 0.18765379266074678,
      "incr_op_margin_yoy": -0.379746835443038,
      "rev_growth_yoy": -0.06333299929852691,
      "rev_growth_yoy_accel": 0.026642682949514163,
      "fcf_margin_change": 0.100658543254571
    },
    {
      "date": "2024-02-29T00:00:00",
      "quarter_label": "2024-02 (Q1)",
      "revenue": 905900000,
      "gross_profit": 412400000,
      "operating_income": 118100000,
      "net_income": 89200000,
      "opex": 294300000,
      "cogs": 493500000,
      "rd": null,
      "sga": 294300000,
      "fcf": 88200000,
      "ocf": 102600000,
      "capex": -14400000,
      "gross_margin": 0.4552378849762667,
      "op_margin": 0.13036759024174854,
      "fcf_margin": 0.09736173970636935,
      "incr_op_margin_yoy": -0.17506631299734748,
      "rev_growth_yoy": -0.03995337007206443,
      "rev_growth_yoy_accel": 0.02337962922646248,
      "fcf_margin_change": -0.09029205295437742
    },
    {
      "date": "2024-05-31T00:00:00",
      "quarter_label": "2024-05 (Q2)",
      "revenue": 968100000,
      "gross_profit": 452200000,
      "operating_income": 145300000,
      "net_income": 113900000,
      "opex": 306900000,
      "cogs": 515900000,
      "rd": null,
      "sga": 306900000,
      "fcf": 140500000,
      "ocf": 152500000,
      "capex": -12000000,
      "gross_margin": 0.4671005061460593,
      "op_margin": 0.15008780084701995,
      "fcf_margin": 0.14512963536824708,
      "incr_op_margin_yoy": -0.062111801242236024,
      "rev_growth_yoy": -0.03219034289713086,
      "rev_growth_yoy_accel": 0.007763027174933573,
      "op_leverage_ratio": 1.6037247882926216,
      "fcf_margin_change": 0.047767895661877724
    },
    {
      "date": "2024-08-31T00:00:00",
      "quarter_label": "2024-08 (Q3)",
      "revenue": 1032300000,
      "gross_profit": 488700000,
      "operating_income": 157000000,
      "net_income": 118900000,
      "opex": 331700000,
      "cogs": 543600000,
      "rd": null,
      "sga": 331700000,
      "fcf": 151100000,
      "ocf": 174100000,
      "capex": -23000000,
      "gross_margin": 0.4734088927637315,
      "op_margin": 0.15208757144241014,
      "fcf_margin": 0.14637217863024315,
      "incr_op_margin_yoy": 2.1598173515981736,
      "rev_growth_yoy": 0.02167458432304038,
      "rev_growth_yoy_accel": 0.053864927220171235,
      "op_leverage_ratio": 0.8206538580725131,
      "fcf_margin_change": 0.0012425432619960763
    },
    {
      "date": "2024-11-30T00:00:00",
      "quarter_label": "2024-11 (Q4)",
      "revenue": 951600000,
      "gross_profit": 449300000,
      "operating_income": 133300000,
      "net_income": 106700000,
      "opex": 316000000,
      "cogs": 502300000,
      "rd": null,
      "sga": 316000000,
      "fcf": 113300000,
      "ocf": 132200000,
      "capex": -18900000,
      "gross_margin": 0.47215216477511557,
      "op_margin": 0.14007986548970155,
      "fcf_margin": 0.11906263135771332,
      "incr_op_margin_yoy": 0.023668639053254437,
      "rev_growth_yoy": 0.01808066759388039,
      "rev_growth_yoy_accel": -0.0035939167291599884,
      "fcf_margin_change": -0.027309547272529835
    },
    {
      "date": "2025-02-28T00:00:00",
      "quarter_label": "2025-02 (Q1)",
      "revenue": 1006300000,
      "gross_profit": 468000000,
      "operating_income": 110200000,
      "net_income": 77500000,
      "opex": 357800000,
      "cogs": 538300000,
      "rd": null,
      "sga": 357800000,
      "fcf": 49700000,
      "ocf": 59400000,
      "capex": -9700000,
      "gross_margin": 0.46507005863062706,
      "op_margin": 0.10951008645533142,
      "fcf_margin": 0.04938885024346616,
      "incr_op_margin_yoy": -0.07868525896414343,
      "rev_growth_yoy": 0.11082900982448395,
      "rev_growth_yoy_accel": 0.09274834223060355,
      "op_leverage_ratio": 0.4345539418878504,
      "fcf_margin_change": -0.06967378111424716
    },
    {
      "date": "2025-05-31T00:00:00",
      "quarter_label": "2025-05 (Q2)",
      "revenue": 1178600000,
      "gross_profit": 570200000,
      "operating_income": 139800000,
      "net_income": 98400000,
      "opex": 430400000,
      "cogs": 608400000,
      "rd": null,
      "sga": 400700000,
      "fcf": 192300000,
      "ocf": 207300000,
      "capex": -15000000,
      "gross_margin": 0.4837943322586119,
      "op_margin": 0.11861530629560496,
      "fcf_margin": 0.16315968097743086,
      "incr_op_margin_yoy": -0.026128266033254157,
      "rev_growth_yoy": 0.21743621526701787,
      "rev_growth_yoy_accel": 0.10660720544253392,
      "op_leverage_ratio": 0.8438427438815901,
      "fcf_margin_change": 0.1137708307339647
    },
    {
      "date": "2025-08-31T00:00:00",
      "quarter_label": "2025-08 (Q3)",
      "revenue": 1209100000,
      "gross_profit": 591000000,
      "operating_income": 180600000,
      "net_income": 114000000,
      "opex": 410400000,
      "cogs": 618100000,
      "rd": null,
      "sga": 410400000,
      "fcf": 177700000,
      "ocf": 202500000,
      "capex": -24800000,
      "gross_margin": 0.48879331734347864,
      "op_margin": 0.14936729799024068,
      "fcf_margin": 0.1469688197833099,
      "incr_op_margin_yoy": 0.1334841628959276,
      "rev_growth_yoy": 0.17126804223578418,
      "rev_growth_yoy_accel": -0.04616817303123369,
      "op_leverage_ratio": Infinity,
      "fcf_margin_change": -0.01619086119412097
    },
    {
      "date": "2025-11-30T00:00:00",
      "quarter_label": "2025-11 (Q4)",
      "revenue": 1143700000,
      "gross_profit": 553800000,
      "operating_income": 160400000,
      "net_income": 120500000,
      "opex": 393400000,
      "cogs": 589900000,
      "rd": null,
      "sga": 393400000,
      "fcf": 114800000,
      "ocf": 140800000,
      "capex": -26000000,
      "gross_margin": 0.48421788930663634,
      "op_margin": 0.14024656815598496,
      "fcf_margin": 0.10037597272011892,
      "incr_op_margin_yoy": 0.14107235814679855,
      "rev_growth_yoy": 0.20187053383774695,
      "rev_growth_yoy_accel": 0.030602491601962767,
      "fcf_margin_change": -0.04659284706319097
    }
  ],
  "signals": [
    {
      "quarter": "2025-05 (Q2)",
      "signal": "FCF MARGIN EXPANSION",
      "detail": "FCF margin: +4.9% -> +16.3% (+11.4%)",
      "severity": "MEDIUM"
    },
    {
      "quarter": "2025-05 (Q2)",
      "signal": "YoY REVENUE GROWTH ACCELERATION",
      "detail": "YoY growth: +21.7% vs prior quarter YoY: +11.1% (accel: +10.7%)",
      "severity": "MEDIUM"
    },
    {
      "quarter": "2025-02 (Q1)",
      "signal": "YoY REVENUE GROWTH ACCELERATION",
      "detail": "YoY growth: +11.1% vs prior quarter YoY: +1.8% (accel: +9.3%)",
      "severity": "MEDIUM"
    },
    {
      "quarter": "2024-08 (Q3)",
      "signal": "YoY REVENUE GROWTH ACCELERATION",
      "detail": "YoY growth: +2.2% vs prior quarter YoY: -3.2% (accel: +5.4%)",
      "severity": "MEDIUM"
    },
    {
      "quarter": "2024-08 (Q3)",
      "signal": "INCREMENTAL MARGIN (YoY)",
      "detail": "YoY Incr OPM: +216.0% vs year-ago OPM: +10.9%",
      "severity": "HIGH"
    },
    {
      "quarter": "2024-05 (Q2)",
      "signal": "OPERATING LEVERAGE",
      "detail": "Rev growth +6.9% vs OpEx growth +4.3% (leverage: 1.6x)",
      "severity": "MEDIUM"
    },
    {
      "quarter": "2023-11 (Q4)",
      "signal": "FCF MARGIN EXPANSION",
      "detail": "FCF margin: +8.7% -> +18.8% (+10.1%)",
      "severity": "MEDIUM"
    },
    {
      "quarter": "2023-11 (Q4)",
      "signal": "GROSS MARGIN INFLECTION",
      "detail": "GM: +44.7% -> +43.8% -> +45.8% (reversal +2.0%)",
      "severity": "MEDIUM"
    },
    {
      "quarter": "2023-08 (Q3)",
      "signal": "INCREMENTAL MARGIN (YoY)",
      "detail": "YoY Incr OPM: +39.9% vs year-ago OPM: +13.5%",
      "severity": "HIGH"
    },
    {
      "quarter": "2023-05 (Q2)",
      "signal": "OPERATING LEVERAGE",
      "detail": "Rev growth +6.0% vs OpEx growth +3.0% (leverage: 2.0x)",
      "severity": "MEDIUM"
    },
    {
      "quarter": "2023-05 (Q2)",
      "signal": "YoY REVENUE GROWTH DECELERATION",
      "detail": "YoY growth: -5.7% vs prior quarter YoY: +3.8% (decel: -9.5%)",
      "severity": "WARNING"
    },
    {
      "quarter": "2023-02 (Q1)",
      "signal": "INCREMENTAL MARGIN (YoY)",
      "detail": "YoY Incr OPM: +26.7% vs year-ago OPM: +11.3%",
      "severity": "MEDIUM"
    },
    {
      "quarter": "2022-08 (Q3)",
      "signal": "FCF MARGIN EXPANSION",
      "detail": "FCF margin: +2.3% -> +11.9% (+9.6%)",
      "severity": "MEDIUM"
    },
    {
      "quarter": "2022-08 (Q3)",
      "signal": "YoY REVENUE GROWTH DECELERATION",
      "detail": "YoY growth: +11.8% vs prior quarter YoY: +17.9% (decel: -6.0%)",
      "severity": "WARNING"
    },
    {
      "quarter": "2022-05 (Q2)",
      "signal": "OPERATING LEVERAGE",
      "detail": "Rev growth +16.7% vs OpEx growth +9.2% (leverage: 1.8x)",
      "severity": "MEDIUM"
    },
    {
      "quarter": "2021-08 (Q3)",
      "signal": "OPERATING LEVERAGE",
      "detail": "Rev growth +10.3% vs OpEx growth +6.7% (leverage: 1.5x)",
      "severity": "MEDIUM"
    },
    {
      "quarter": "2021-05 (Q2)",
      "signal": "OPERATING LEVERAGE",
      "detail": "Rev growth +15.9% vs OpEx growth +9.3% (leverage: 1.7x)",
      "severity": "MEDIUM"
    }
  ],
  "data_quality": {
    "n_quarters": 20,
    "coverage": {
      "revenue": [
        20,
        20
      ],
      "gross_profit": [
        20,
        20
      ],
      "op_income": [
        20,
        20
      ],
      "fcf": [
        20,
        20
      ]
    },
    "gaps": [],
    "warnings": []
  },
  "market_cap": null,
  "source": "SEC EDGAR",
  "last_updated": "2026-02-02T20:39:40.328796",
  "sector": "Industrials",
  "industry": "Electrical Equipment & Parts"
}