{
  "ticker": "AYTU",
  "name": "AYTU BIOPHARMA, INC.",
  "quarters": [
    {
      "date": "2021-03-31T00:00:00",
      "quarter_label": "2021-03 (Q1)",
      "revenue": 13482000,
      "gross_profit": -452000,
      "operating_income": -25665664,
      "net_income": -25459791,
      "opex": 25214000,
      "cogs": 13682297,
      "rd": 389262,
      "sga": 12851087,
      "fcf": 19700000,
      "ocf": 19700000,
      "capex": null,
      "gross_margin": -0.03352618305889334,
      "op_margin": -1.9036985610443555,
      "fcf_margin": 1.4612075359738912
    },
    {
      "date": "2021-06-30T00:00:00",
      "quarter_label": "2021-06 (Q2)",
      "revenue": 23482000,
      "gross_profit": 11299000,
      "operating_income": -24072489,
      "net_income": -18997984,
      "opex": 35371000,
      "cogs": 12932158,
      "rd": 4764302,
      "sga": null,
      "fcf": -6277000,
      "ocf": -6277000,
      "capex": null,
      "gross_margin": 0.48117707179967634,
      "op_margin": -1.025146452601993,
      "fcf_margin": -0.26731113193084066,
      "op_leverage_ratio": 1.8412890618330633,
      "fcf_margin_change": -1.7285186679047317
    },
    {
      "date": "2021-09-30T00:00:00",
      "quarter_label": "2021-09 (Q3)",
      "revenue": 21897000,
      "gross_profit": 12456000,
      "operating_income": -27699000,
      "net_income": -27851000,
      "opex": 40155000,
      "cogs": 9441000,
      "rd": 2096000,
      "sga": null,
      "fcf": -3791000,
      "ocf": -3791000,
      "capex": null,
      "gross_margin": 0.5688450472667489,
      "op_margin": -1.2649678038087409,
      "fcf_margin": -0.17312873909667992,
      "fcf_margin_change": 0.09418239283416074
    },
    {
      "date": "2021-12-31T00:00:00",
      "quarter_label": "2021-12 (Q4)",
      "revenue": 23125000,
      "gross_profit": 12299000,
      "operating_income": -11294000,
      "net_income": -11548000,
      "opex": 23593000,
      "cogs": 10826000,
      "rd": 4920000,
      "sga": null,
      "fcf": -8822000,
      "ocf": -8822000,
      "capex": null,
      "gross_margin": 0.5318486486486487,
      "op_margin": -0.48838918918918917,
      "fcf_margin": -0.38149189189189187,
      "op_leverage_ratio": null,
      "fcf_margin_change": -0.20836315279521195
    },
    {
      "date": "2022-03-31T00:00:00",
      "quarter_label": "2022-03 (Q1)",
      "revenue": 24199000,
      "gross_profit": 12686000,
      "operating_income": -54655000,
      "net_income": -53073000,
      "opex": 67341000,
      "cogs": 11513000,
      "rd": 3726000,
      "sga": null,
      "fcf": -9115000,
      "ocf": -9115000,
      "capex": null,
      "gross_margin": 0.5242365386999462,
      "op_margin": -2.2585644034877475,
      "fcf_margin": -0.3766684573742717,
      "incr_op_margin_yoy": -2.704986096855463,
      "rev_growth_yoy": 0.7949117341640706,
      "op_leverage_ratio": 0.025046526420358366,
      "fcf_margin_change": 0.004823434517620184
    },
    {
      "date": "2022-06-30T00:00:00",
      "quarter_label": "2022-06 (Q2)",
      "revenue": 27448000,
      "gross_profit": 14842000,
      "operating_income": -17913000,
      "net_income": -17701000,
      "opex": 32755000,
      "cogs": 12606000,
      "rd": 3697000,
      "sga": null,
      "fcf": -7095000,
      "ocf": -7095000,
      "capex": null,
      "gross_margin": 0.5407315651413582,
      "op_margin": -0.652615855435733,
      "fcf_margin": -0.2584887787816963,
      "incr_op_margin_yoy": 1.553073373676248,
      "rev_growth_yoy": 0.16889532407801722,
      "rev_growth_yoy_accel": -0.6260164100860534,
      "op_leverage_ratio": null,
      "fcf_margin_change": 0.11817967859257539
    },
    {
      "date": "2022-09-30T00:00:00",
      "quarter_label": "2022-09 (Q3)",
      "revenue": 27655000,
      "gross_profit": 18032000,
      "operating_income": -1653000,
      "net_income": -2881000,
      "opex": 19685000,
      "cogs": 9623000,
      "rd": 1064000,
      "sga": null,
      "fcf": -9148000,
      "ocf": -9148000,
      "capex": null,
      "gross_margin": 0.6520339902368468,
      "op_margin": -0.059772193093473154,
      "fcf_margin": -0.3307900922075574,
      "incr_op_margin_yoy": 4.523445640847516,
      "rev_growth_yoy": 0.26295839612732336,
      "rev_growth_yoy_accel": 0.09406307204930614,
      "fcf_margin_change": -0.0723013134258611
    },
    {
      "date": "2022-12-31T00:00:00",
      "quarter_label": "2022-12 (Q4)",
      "revenue": 26279000,
      "gross_profit": 17293000,
      "operating_income": -6793000,
      "net_income": -6693000,
      "opex": 24086000,
      "cogs": 8986000,
      "rd": 1710000,
      "sga": null,
      "fcf": -2440000,
      "ocf": -2440000,
      "capex": null,
      "gross_margin": 0.6580539594352905,
      "op_margin": -0.25849537653639787,
      "fcf_margin": -0.09284980402602838,
      "incr_op_margin_yoy": 1.4270767279644896,
      "rev_growth_yoy": 0.13638918918918919,
      "rev_growth_yoy_accel": -0.12656920693813417,
      "fcf_margin_change": 0.237940288181529
    },
    {
      "date": "2023-03-31T00:00:00",
      "quarter_label": "2023-03 (Q1)",
      "revenue": 22733000,
      "gross_profit": 12743000,
      "operating_income": -8558000,
      "net_income": -7200000,
      "opex": 21301000,
      "cogs": 9990000,
      "rd": 856000,
      "sga": null,
      "fcf": -2906000,
      "ocf": -2906000,
      "capex": null,
      "gross_margin": 0.5605507412132142,
      "op_margin": -0.37645713280253373,
      "fcf_margin": -0.12783178638982975,
      "incr_op_margin_yoy": -31.44406548431105,
      "rev_growth_yoy": -0.06058101574445225,
      "rev_growth_yoy_accel": -0.19697020493364142,
      "fcf_margin_change": -0.03498198236380137
    },
    {
      "date": "2023-06-30T00:00:00",
      "quarter_label": "2023-06 (Q2)",
      "revenue": 30732000,
      "gross_profit": 18564000,
      "operating_income": 169000,
      "net_income": -2457000,
      "opex": 18395000,
      "cogs": 12168000,
      "rd": 465000,
      "sga": null,
      "fcf": 9365000,
      "ocf": 9365000,
      "capex": null,
      "gross_margin": 0.6040609137055838,
      "op_margin": 0.005499153976311337,
      "fcf_margin": 0.3047312247819862,
      "incr_op_margin_yoy": 5.506090133982948,
      "rev_growth_yoy": 0.11964441853686972,
      "rev_growth_yoy_accel": 0.18022543428132198,
      "op_leverage_ratio": null,
      "fcf_margin_change": 0.43256301117181595
    },
    {
      "date": "2023-09-30T00:00:00",
      "quarter_label": "2023-09 (Q3)",
      "revenue": 22099000,
      "gross_profit": 14784000,
      "operating_income": -1504000,
      "net_income": -8120000,
      "opex": 16288000,
      "cogs": 7315000,
      "rd": 604000,
      "sga": null,
      "fcf": -211000,
      "ocf": -211000,
      "capex": null,
      "gross_margin": 0.6689895470383276,
      "op_margin": -0.06805737816190778,
      "fcf_margin": -0.009547943345852754,
      "incr_op_margin_yoy": -0.02681785457163427,
      "rev_growth_yoy": -0.20090399566082082,
      "rev_growth_yoy_accel": -0.32054841419769053,
      "fcf_margin_change": -0.31427916812783896
    },
    {
      "date": "2023-12-31T00:00:00",
      "quarter_label": "2023-12 (Q4)",
      "revenue": 22934000,
      "gross_profit": 16203000,
      "operating_income": 2364000,
      "net_income": -220000,
      "opex": 13839000,
      "cogs": 6731000,
      "rd": 524000,
      "sga": null,
      "fcf": -135000,
      "ocf": -135000,
      "capex": null,
      "gross_margin": 0.7065056248364873,
      "op_margin": 0.10307839888375338,
      "fcf_margin": -0.0058864567890468305,
      "incr_op_margin_yoy": -2.7375186846038866,
      "rev_growth_yoy": -0.1272879485520758,
      "rev_growth_yoy_accel": 0.073616047108745,
      "op_leverage_ratio": null,
      "fcf_margin_change": 0.0036614865568059237
    },
    {
      "date": "2024-03-31T00:00:00",
      "quarter_label": "2024-03 (Q1)",
      "revenue": 17993000,
      "gross_profit": 11693000,
      "operating_income": -2464000,
      "net_income": -2887000,
      "opex": 14157000,
      "cogs": 6300000,
      "rd": 619000,
      "sga": null,
      "fcf": -254000,
      "ocf": -254000,
      "capex": null,
      "gross_margin": 0.6498638359361975,
      "op_margin": -0.13694214416717612,
      "fcf_margin": -0.014116600900350136,
      "incr_op_margin_yoy": -1.2856540084388186,
      "rev_growth_yoy": -0.2085074561210575,
      "rev_growth_yoy_accel": -0.08121950756898169,
      "fcf_margin_change": -0.008230144111303305
    },
    {
      "date": "2024-06-30T00:00:00",
      "quarter_label": "2024-06 (Q2)",
      "revenue": 17976000,
      "gross_profit": 11906000,
      "operating_income": -3650000,
      "net_income": -4617000,
      "opex": 15556000,
      "cogs": 6070000,
      "rd": 1044000,
      "sga": null,
      "fcf": -788000,
      "ocf": -788000,
      "capex": null,
      "gross_margin": 0.6623275478415666,
      "op_margin": -0.2030485091232755,
      "fcf_margin": -0.043836226079216736,
      "incr_op_margin_yoy": 0.2993885230479774,
      "rev_growth_yoy": -0.4150722374072628,
      "rev_growth_yoy_accel": -0.20656478128620528,
      "fcf_margin_change": -0.0297196251788666
    },
    {
      "date": "2024-09-30T00:00:00",
      "quarter_label": "2024-09 (Q3)",
      "revenue": 16574000,
      "gross_profit": 11985000,
      "operating_income": -930000,
      "net_income": 1474000,
      "opex": 12915000,
      "cogs": 4589000,
      "rd": 426000,
      "sga": null,
      "fcf": -1326000,
      "ocf": -1190000,
      "capex": -136000,
      "gross_margin": 0.7231205502594426,
      "op_margin": -0.05611198262338603,
      "fcf_margin": -0.08000482683721491,
      "incr_op_margin_yoy": -0.10389140271493212,
      "rev_growth_yoy": -0.2500113127290828,
      "rev_growth_yoy_accel": 0.16506092467818,
      "fcf_margin_change": -0.03616860075799817
    },
    {
      "date": "2024-12-31T00:00:00",
      "quarter_label": "2024-12 (Q4)",
      "revenue": 16221000,
      "gross_profit": 10786000,
      "operating_income": -1695000,
      "net_income": 788000,
      "opex": 12481000,
      "cogs": 5435000,
      "rd": 522000,
      "sga": null,
      "fcf": 2899000,
      "ocf": 2905000,
      "capex": -6000,
      "gross_margin": 0.6649405092164478,
      "op_margin": -0.10449417421860552,
      "fcf_margin": 0.17871894457801615,
      "incr_op_margin_yoy": 0.6046476984954566,
      "rev_growth_yoy": -0.29270951425830644,
      "rev_growth_yoy_accel": -0.042698201529223656,
      "fcf_margin_change": 0.25872377141523106
    },
    {
      "date": "2025-03-31T00:00:00",
      "quarter_label": "2025-03 (Q1)",
      "revenue": 18452000,
      "gross_profit": 12806000,
      "operating_income": 2421000,
      "net_income": 3994000,
      "opex": 10385000,
      "cogs": 5646000,
      "rd": 162000,
      "sga": null,
      "fcf": -6455000,
      "ocf": -6455000,
      "capex": null,
      "gross_margin": 0.6940169087361804,
      "op_margin": 0.13120528939952308,
      "fcf_margin": -0.34982657706481685,
      "rev_growth_yoy": 0.025509920524648476,
      "rev_growth_yoy_accel": 0.3182194347829549,
      "op_leverage_ratio": null,
      "fcf_margin_change": -0.528545521642833
    },
    {
      "date": "2025-06-30T00:00:00",
      "quarter_label": "2025-06 (Q2)",
      "revenue": 15135000,
      "gross_profit": 10254000,
      "operating_income": -7623000,
      "net_income": -19818000,
      "opex": 17877000,
      "cogs": 4881000,
      "rd": 216000,
      "sga": null,
      "fcf": 2803000,
      "ocf": 2803000,
      "capex": null,
      "gross_margin": 0.6775024777006937,
      "op_margin": -0.5036669970267592,
      "fcf_margin": 0.185199867855963,
      "incr_op_margin_yoy": 1.398451249560014,
      "rev_growth_yoy": -0.15804405874499333,
      "rev_growth_yoy_accel": -0.18355397926964181,
      "fcf_margin_change": 0.5350264449207799
    },
    {
      "date": "2025-09-30T00:00:00",
      "quarter_label": "2025-09 (Q3)",
      "revenue": 13888000,
      "gross_profit": 9186000,
      "operating_income": -1504000,
      "net_income": 1965000,
      "opex": 10690000,
      "cogs": 4702000,
      "rd": 0,
      "sga": null,
      "fcf": -618000,
      "ocf": -618000,
      "capex": null,
      "gross_margin": 0.661434331797235,
      "op_margin": -0.10829493087557604,
      "fcf_margin": -0.04449884792626728,
      "incr_op_margin_yoy": 0.2137006701414743,
      "rev_growth_yoy": -0.16206105949076868,
      "rev_growth_yoy_accel": -0.004017000745775351,
      "fcf_margin_change": -0.22969871578223028
    },
    {
      "date": "2025-12-31T00:00:00",
      "quarter_label": "2025-12 (Q4)",
      "revenue": 15165000,
      "gross_profit": 9624000,
      "operating_income": -1970000,
      "net_income": -10584000,
      "opex": 11594000,
      "cogs": 5541000,
      "rd": 0,
      "sga": null,
      "fcf": 3658000,
      "ocf": 3675000,
      "capex": -17000,
      "gross_margin": 0.6346191889218595,
      "op_margin": -0.12990438509726343,
      "fcf_margin": 0.24121332014507088,
      "incr_op_margin_yoy": 0.2604166666666667,
      "rev_growth_yoy": -0.06510079526539671,
      "rev_growth_yoy_accel": 0.09696026422537198,
      "op_leverage_ratio": 1.0873277305676765,
      "fcf_margin_change": 0.28571216807133815
    }
  ],
  "signals": [
    {
      "quarter": "2025-12 (Q4)",
      "signal": "FCF TURNED POSITIVE",
      "detail": "FCF margin: -4.4% -> +24.1%",
      "severity": "HIGH"
    },
    {
      "quarter": "2025-12 (Q4)",
      "signal": "YoY REVENUE GROWTH ACCELERATION",
      "detail": "YoY growth: -6.5% vs prior quarter YoY: -16.2% (accel: +9.7%)",
      "severity": "MEDIUM"
    },
    {
      "quarter": "2025-06 (Q2)",
      "signal": "FCF TURNED POSITIVE",
      "detail": "FCF margin: -35.0% -> +18.5%",
      "severity": "HIGH"
    },
    {
      "quarter": "2025-06 (Q2)",
      "signal": "YoY REVENUE GROWTH DECELERATION",
      "detail": "YoY growth: -15.8% vs prior quarter YoY: +2.6% (decel: -18.4%)",
      "severity": "WARNING"
    },
    {
      "quarter": "2025-03 (Q1)",
      "signal": "GROSS MARGIN INFLECTION",
      "detail": "GM: +72.3% -> +66.5% -> +69.4% (reversal +2.9%)",
      "severity": "MEDIUM"
    },
    {
      "quarter": "2025-03 (Q1)",
      "signal": "YoY REVENUE GROWTH ACCELERATION",
      "detail": "YoY growth: +2.6% vs prior quarter YoY: -29.3% (accel: +31.8%)",
      "severity": "HIGH"
    },
    {
      "quarter": "2025-03 (Q1)",
      "signal": "OP MARGIN TURNED POSITIVE (YoY)",
      "detail": "Op margin: -13.7% (year-ago) -> +13.1%",
      "severity": "HIGH"
    },
    {
      "quarter": "2025-03 (Q1)",
      "signal": "OP MARGIN TURNED POSITIVE (QoQ)",
      "detail": "Op margin: -10.4% -> +13.1%",
      "severity": "HIGH"
    },
    {
      "quarter": "2024-12 (Q4)",
      "signal": "FCF TURNED POSITIVE",
      "detail": "FCF margin: -8.0% -> +17.9%",
      "severity": "HIGH"
    },
    {
      "quarter": "2024-09 (Q3)",
      "signal": "YoY REVENUE GROWTH ACCELERATION",
      "detail": "YoY growth: -25.0% vs prior quarter YoY: -41.5% (accel: +16.5%)",
      "severity": "HIGH"
    },
    {
      "quarter": "2024-06 (Q2)",
      "signal": "YoY REVENUE GROWTH DECELERATION",
      "detail": "YoY growth: -41.5% vs prior quarter YoY: -20.9% (decel: -20.7%)",
      "severity": "WARNING"
    },
    {
      "quarter": "2024-03 (Q1)",
      "signal": "YoY REVENUE GROWTH DECELERATION",
      "detail": "YoY growth: -20.9% vs prior quarter YoY: -12.7% (decel: -8.1%)",
      "severity": "WARNING"
    },
    {
      "quarter": "2023-12 (Q4)",
      "signal": "YoY REVENUE GROWTH ACCELERATION",
      "detail": "YoY growth: -12.7% vs prior quarter YoY: -20.1% (accel: +7.4%)",
      "severity": "MEDIUM"
    },
    {
      "quarter": "2023-12 (Q4)",
      "signal": "OP MARGIN TURNED POSITIVE (YoY)",
      "detail": "Op margin: -25.8% (year-ago) -> +10.3%",
      "severity": "HIGH"
    },
    {
      "quarter": "2023-12 (Q4)",
      "signal": "OP MARGIN TURNED POSITIVE (QoQ)",
      "detail": "Op margin: -6.8% -> +10.3%",
      "severity": "HIGH"
    },
    {
      "quarter": "2023-09 (Q3)",
      "signal": "YoY REVENUE GROWTH DECELERATION",
      "detail": "YoY growth: -20.1% vs prior quarter YoY: +12.0% (decel: -32.1%)",
      "severity": "WARNING"
    },
    {
      "quarter": "2023-06 (Q2)",
      "signal": "FCF TURNED POSITIVE",
      "detail": "FCF margin: -12.8% -> +30.5%",
      "severity": "HIGH"
    },
    {
      "quarter": "2023-06 (Q2)",
      "signal": "GROSS MARGIN INFLECTION",
      "detail": "GM: +65.8% -> +56.1% -> +60.4% (reversal +4.4%)",
      "severity": "MEDIUM"
    },
    {
      "quarter": "2023-06 (Q2)",
      "signal": "YoY REVENUE GROWTH ACCELERATION",
      "detail": "YoY growth: +12.0% vs prior quarter YoY: -6.1% (accel: +18.0%)",
      "severity": "HIGH"
    },
    {
      "quarter": "2023-06 (Q2)",
      "signal": "OP MARGIN TURNED POSITIVE (YoY)",
      "detail": "Op margin: -65.3% (year-ago) -> +0.5%",
      "severity": "HIGH"
    },
    {
      "quarter": "2023-06 (Q2)",
      "signal": "OP MARGIN TURNED POSITIVE (QoQ)",
      "detail": "Op margin: -37.6% -> +0.5%",
      "severity": "HIGH"
    },
    {
      "quarter": "2023-03 (Q1)",
      "signal": "YoY REVENUE GROWTH DECELERATION",
      "detail": "YoY growth: -6.1% vs prior quarter YoY: +13.6% (decel: -19.7%)",
      "severity": "WARNING"
    },
    {
      "quarter": "2022-12 (Q4)",
      "signal": "FCF MARGIN EXPANSION",
      "detail": "FCF margin: -33.1% -> -9.3% (+23.8%)",
      "severity": "MEDIUM"
    },
    {
      "quarter": "2022-12 (Q4)",
      "signal": "YoY REVENUE GROWTH DECELERATION",
      "detail": "YoY growth: +13.6% vs prior quarter YoY: +26.3% (decel: -12.7%)",
      "severity": "WARNING"
    },
    {
      "quarter": "2022-09 (Q3)",
      "signal": "YoY REVENUE GROWTH ACCELERATION",
      "detail": "YoY growth: +26.3% vs prior quarter YoY: +16.9% (accel: +9.4%)",
      "severity": "MEDIUM"
    },
    {
      "quarter": "2022-06 (Q2)",
      "signal": "FCF MARGIN EXPANSION",
      "detail": "FCF margin: -37.7% -> -25.8% (+11.8%)",
      "severity": "MEDIUM"
    },
    {
      "quarter": "2022-06 (Q2)",
      "signal": "YoY REVENUE GROWTH DECELERATION",
      "detail": "YoY growth: +16.9% vs prior quarter YoY: +79.5% (decel: -62.6%)",
      "severity": "WARNING"
    },
    {
      "quarter": "2021-09 (Q3)",
      "signal": "FCF MARGIN EXPANSION",
      "detail": "FCF margin: -26.7% -> -17.3% (+9.4%)",
      "severity": "MEDIUM"
    },
    {
      "quarter": "2021-06 (Q2)",
      "signal": "OPERATING LEVERAGE",
      "detail": "Rev growth +74.2% vs OpEx growth +40.3% (leverage: 1.8x)",
      "severity": "MEDIUM"
    }
  ],
  "data_quality": {
    "n_quarters": 20,
    "coverage": {
      "revenue": [
        20,
        20
      ],
      "gross_profit": [
        20,
        20
      ],
      "op_income": [
        20,
        20
      ],
      "fcf": [
        20,
        20
      ]
    },
    "gaps": [],
    "warnings": []
  },
  "market_cap": null,
  "source": "SEC EDGAR",
  "last_updated": "2026-02-04T13:45:59.502790"
}