{
  "ticker": "AZTA",
  "name": "Azenta, Inc.",
  "quarters": [
    {
      "date": "2020-12-31T00:00:00",
      "quarter_label": "2020-12 (Q4)",
      "revenue": 249503000,
      "gross_profit": 113128000,
      "operating_income": 30928000,
      "net_income": 26028000,
      "opex": 82200000,
      "cogs": 136375000,
      "rd": 16083000,
      "sga": 66030000,
      "fcf": 28503000,
      "ocf": 43730000,
      "capex": -15227000,
      "gross_margin": 0.4534133858109923,
      "op_margin": 0.12395842935756284,
      "fcf_margin": 0.11423910734540266
    },
    {
      "date": "2021-03-31T00:00:00",
      "quarter_label": "2021-03 (Q1)",
      "revenue": 286586000,
      "gross_profit": 127274000,
      "operating_income": 30505000,
      "net_income": 23748000,
      "opex": 96769000,
      "cogs": 159312000,
      "rd": 16943000,
      "sga": 79734000,
      "fcf": 23908000,
      "ocf": 34212000,
      "capex": -10304000,
      "gross_margin": 0.4441040385782976,
      "op_margin": 0.10644274319052571,
      "fcf_margin": 0.0834234749778426,
      "op_leverage_ratio": 0.8385735568784763,
      "fcf_margin_change": -0.03081563236756006
    },
    {
      "date": "2021-06-30T00:00:00",
      "quarter_label": "2021-06 (Q2)",
      "revenue": 315349000,
      "gross_profit": 144400000,
      "operating_income": 50233000,
      "net_income": 39166000,
      "opex": 94167000,
      "cogs": 170949000,
      "rd": 18284000,
      "sga": 75883000,
      "fcf": 35728000,
      "ocf": 44803000,
      "capex": -9075000,
      "gross_margin": 0.4579053683379367,
      "op_margin": 0.15929335434708847,
      "fcf_margin": 0.11329669667574656,
      "op_leverage_ratio": Infinity,
      "fcf_margin_change": 0.029873221697903962
    },
    {
      "date": "2021-09-30T00:00:00",
      "quarter_label": "2021-09 (Q3)",
      "revenue": 136939000,
      "gross_profit": 66143000,
      "operating_income": -21241000,
      "net_income": 21805000,
      "opex": 1763000,
      "cogs": -196743000,
      "rd": -28898000,
      "sga": 30455000,
      "fcf": 8913000,
      "ocf": 27112000,
      "capex": -18199000,
      "gross_margin": 0.4830106835890433,
      "op_margin": -0.15511286047072054,
      "fcf_margin": 0.06508737467047371,
      "fcf_margin_change": -0.04820932200527285
    },
    {
      "date": "2021-12-31T00:00:00",
      "quarter_label": "2021-12 (Q4)",
      "revenue": 139652000,
      "gross_profit": 67044000,
      "operating_income": -325000,
      "net_income": 43320000,
      "opex": 67369000,
      "cogs": 72608000,
      "rd": 6485000,
      "sga": 60711000,
      "fcf": -2791000,
      "ocf": 15618000,
      "capex": -18409000,
      "gross_margin": 0.4800790536476384,
      "op_margin": -0.002327213358920746,
      "fcf_margin": -0.01998539226076247,
      "incr_op_margin_yoy": 0.2845035548151587,
      "rev_growth_yoy": -0.4402792751990958,
      "op_leverage_ratio": 0.0005323918448421394,
      "fcf_margin_change": -0.08507276693123618
    },
    {
      "date": "2022-03-31T00:00:00",
      "quarter_label": "2022-03 (Q1)",
      "revenue": 145544000,
      "gross_profit": 70825000,
      "operating_income": -4708000,
      "net_income": 2119874000,
      "opex": 75533000,
      "cogs": 74719000,
      "rd": 6896000,
      "sga": 68515000,
      "fcf": -97274000,
      "ocf": -71357000,
      "capex": -25917000,
      "gross_margin": 0.4866226020997087,
      "op_margin": -0.032347606222173364,
      "fcf_margin": -0.6683477161545649,
      "incr_op_margin_yoy": 0.24966322088455922,
      "rev_growth_yoy": -0.4921454641887601,
      "rev_growth_yoy_accel": -0.051866188989664275,
      "op_leverage_ratio": 0.34815503738395964,
      "fcf_margin_change": -0.6483623238938024
    },
    {
      "date": "2022-06-30T00:00:00",
      "quarter_label": "2022-06 (Q2)",
      "revenue": 132735000,
      "gross_profit": 59600000,
      "operating_income": -5073000,
      "net_income": -9570000,
      "opex": 64673000,
      "cogs": 73135000,
      "rd": 6515000,
      "sga": 58133000,
      "fcf": -435345000,
      "ocf": -419941000,
      "capex": -15404000,
      "gross_margin": 0.449014954608807,
      "op_margin": -0.03821900779749124,
      "fcf_margin": -3.2798056277545484,
      "incr_op_margin_yoy": 0.3028573931900073,
      "rev_growth_yoy": -0.5790853942774513,
      "rev_growth_yoy_accel": -0.08693993008869122,
      "fcf_margin_change": -2.6114579115999836
    },
    {
      "date": "2022-09-30T00:00:00",
      "quarter_label": "2022-09 (Q3)",
      "revenue": 137567000,
      "gross_profit": 58115000,
      "operating_income": -14629000,
      "net_income": -20765000,
      "opex": 72744000,
      "cogs": 79452000,
      "rd": 7647000,
      "sga": 64704000,
      "fcf": -4071000,
      "ocf": 9634000,
      "capex": -13705000,
      "gross_margin": 0.42244869772547194,
      "op_margin": -0.10634091024737037,
      "fcf_margin": -0.029592852937114278,
      "rev_growth_yoy": 0.004585983540116402,
      "rev_growth_yoy_accel": 0.5836713778175677,
      "op_leverage_ratio": 0.2917004716078842,
      "fcf_margin_change": 3.250212774817434
    },
    {
      "date": "2022-12-31T00:00:00",
      "quarter_label": "2022-12 (Q4)",
      "revenue": 178366000,
      "gross_profit": 73865000,
      "operating_income": -27685000,
      "net_income": -11235000,
      "opex": 101549000,
      "cogs": 104501000,
      "rd": 7536000,
      "sga": 92552000,
      "fcf": -39862000,
      "ocf": -27020000,
      "capex": -12842000,
      "gross_margin": 0.41412040411289147,
      "op_margin": -0.1552145588284763,
      "fcf_margin": -0.2234842963345032,
      "incr_op_margin_yoy": -0.7067210828124193,
      "rev_growth_yoy": 0.27721765531463927,
      "rev_growth_yoy_accel": 0.27263167177452285,
      "op_leverage_ratio": 0.7489702209923276,
      "fcf_margin_change": -0.19389144339738892
    },
    {
      "date": "2023-03-31T00:00:00",
      "quarter_label": "2023-03 (Q1)",
      "revenue": 148401000,
      "gross_profit": 53236000,
      "operating_income": -12977000,
      "net_income": -4927000,
      "opex": 66213000,
      "cogs": 95165000,
      "rd": 8520000,
      "sga": 73339000,
      "fcf": -22865000,
      "ocf": -14002000,
      "capex": -8863000,
      "gross_margin": 0.358730736315793,
      "op_margin": -0.08744550238879792,
      "fcf_margin": -0.1540757811605043,
      "incr_op_margin_yoy": -2.8942947147357367,
      "rev_growth_yoy": 0.019629802671357114,
      "rev_growth_yoy_accel": -0.25758785264328216,
      "fcf_margin_change": 0.0694085151739989
    },
    {
      "date": "2023-06-30T00:00:00",
      "quarter_label": "2023-06 (Q2)",
      "revenue": 165948000,
      "gross_profit": 68005000,
      "operating_income": -15836000,
      "net_income": -1470000,
      "opex": 83841000,
      "cogs": 97943000,
      "rd": 8968000,
      "sga": 75465000,
      "fcf": 11869000,
      "ocf": 19382000,
      "capex": -7513000,
      "gross_margin": 0.40979704485742524,
      "op_margin": -0.0954274833080242,
      "fcf_margin": 0.0715224046086726,
      "incr_op_margin_yoy": -0.3240598560804504,
      "rev_growth_yoy": 0.2502203638829246,
      "rev_growth_yoy_accel": 0.2305905612115675,
      "op_leverage_ratio": 0.44412607559277606,
      "fcf_margin_change": 0.2255981857691769
    },
    {
      "date": "2023-09-30T00:00:00",
      "quarter_label": "2023-09 (Q3)",
      "revenue": 172357000,
      "gross_profit": 68034000,
      "operating_income": -16628000,
      "net_income": 3375000,
      "opex": 84662000,
      "cogs": 104323000,
      "rd": 8932000,
      "sga": 74926000,
      "fcf": 17256000,
      "ocf": 27474000,
      "capex": -10218000,
      "gross_margin": 0.39472722314730474,
      "op_margin": -0.096474178594429,
      "fcf_margin": 0.10011777879633552,
      "incr_op_margin_yoy": -0.05745903995400977,
      "rev_growth_yoy": 0.2528949530047177,
      "rev_growth_yoy_accel": 0.0026745891217930806,
      "op_leverage_ratio": 3.943951280161224,
      "fcf_margin_change": 0.02859537418766292
    },
    {
      "date": "2023-12-31T00:00:00",
      "quarter_label": "2023-12 (Q4)",
      "revenue": 154317000,
      "gross_profit": 61512000,
      "operating_income": -26677000,
      "net_income": -15724000,
      "opex": 88189000,
      "cogs": 92805000,
      "rd": 8493000,
      "sga": 78576000,
      "fcf": 2326000,
      "ocf": 13617000,
      "capex": -11291000,
      "gross_margin": 0.3986080600322712,
      "op_margin": -0.17287142699767363,
      "fcf_margin": 0.01507286948294744,
      "incr_op_margin_yoy": -0.041914424716204414,
      "rev_growth_yoy": -0.13482950786584888,
      "rev_growth_yoy_accel": -0.38772446087056656,
      "fcf_margin_change": -0.08504490931338808
    },
    {
      "date": "2024-03-31T00:00:00",
      "quarter_label": "2024-03 (Q1)",
      "revenue": 159134000,
      "gross_profit": 63385000,
      "operating_income": -146955000,
      "net_income": -136880000,
      "opex": 210340000,
      "cogs": 95749000,
      "rd": 8707000,
      "sga": 78314000,
      "fcf": 428000,
      "ocf": 8679000,
      "capex": -8251000,
      "gross_margin": 0.39831211431875024,
      "op_margin": -0.9234670152198776,
      "fcf_margin": 0.002689557228499252,
      "incr_op_margin_yoy": -12.482810025156061,
      "rev_growth_yoy": 0.07232431048308299,
      "rev_growth_yoy_accel": 0.20715381834893187,
      "op_leverage_ratio": 0.022536178083054945,
      "fcf_margin_change": -0.012383312254448189
    },
    {
      "date": "2024-06-30T00:00:00",
      "quarter_label": "2024-06 (Q2)",
      "revenue": 172809000,
      "gross_profit": 69056000,
      "operating_income": -14754000,
      "net_income": -6582000,
      "opex": 83810000,
      "cogs": 103753000,
      "rd": 7913000,
      "sga": 73833000,
      "fcf": 1302000,
      "ocf": 9773000,
      "capex": -8471000,
      "gross_margin": 0.399608816670428,
      "op_margin": -0.08537749769977258,
      "fcf_margin": 0.007534329809211326,
      "incr_op_margin_yoy": 0.15770295875236845,
      "rev_growth_yoy": 0.04134427652035577,
      "rev_growth_yoy_accel": -0.03098003396272722,
      "op_leverage_ratio": Infinity,
      "fcf_margin_change": 0.004844772580712074
    },
    {
      "date": "2024-09-30T00:00:00",
      "quarter_label": "2024-09 (Q3)",
      "revenue": 150604000,
      "gross_profit": 68487000,
      "operating_income": -4637000,
      "net_income": -6639000,
      "opex": 73124000,
      "cogs": 82117000,
      "rd": 7539000,
      "sga": 64734000,
      "fcf": 8295000,
      "ocf": 17674000,
      "capex": -9379000,
      "gross_margin": 0.45474887785184986,
      "op_margin": -0.030789354864412633,
      "fcf_margin": 0.05507821837401397,
      "incr_op_margin_yoy": -0.5512343125086195,
      "rev_growth_yoy": -0.12620897323578387,
      "rev_growth_yoy_accel": -0.16755324975613964,
      "fcf_margin_change": 0.04754388856480264
    },
    {
      "date": "2024-12-31T00:00:00",
      "quarter_label": "2024-12 (Q4)",
      "revenue": 147510000,
      "gross_profit": 68671000,
      "operating_income": -11353000,
      "net_income": -13340000,
      "opex": 80024000,
      "cogs": 78839000,
      "rd": 6380000,
      "sga": 73213000,
      "fcf": 22048000,
      "ocf": 29798000,
      "capex": -7750000,
      "gross_margin": 0.46553454003118433,
      "op_margin": -0.07696427360856892,
      "fcf_margin": 0.1494678326893092,
      "incr_op_margin_yoy": -2.251211987659762,
      "rev_growth_yoy": -0.04411049981531523,
      "rev_growth_yoy_accel": 0.08209847342046864,
      "fcf_margin_change": 0.09438961431529522
    },
    {
      "date": "2025-03-31T00:00:00",
      "quarter_label": "2025-03 (Q1)",
      "revenue": 143418000,
      "gross_profit": 65886000,
      "operating_income": -16151000,
      "net_income": -40456000,
      "opex": 82037000,
      "cogs": 77532000,
      "rd": 6869000,
      "sga": 71588000,
      "fcf": 6995000,
      "ocf": 14403000,
      "capex": -7408000,
      "gross_margin": 0.45939840187424175,
      "op_margin": -0.11261487400465771,
      "fcf_margin": 0.04877351517940565,
      "incr_op_margin_yoy": -8.322982947314838,
      "rev_growth_yoy": -0.09875953598853796,
      "rev_growth_yoy_accel": -0.054649036173222726,
      "fcf_margin_change": -0.10069431750990354
    },
    {
      "date": "2025-06-30T00:00:00",
      "quarter_label": "2025-06 (Q2)",
      "revenue": 143942000,
      "gross_profit": 67760000,
      "operating_income": -714000,
      "net_income": -52806000,
      "opex": 68474000,
      "cogs": 76182000,
      "rd": 6685000,
      "sga": 61035000,
      "fcf": 14971000,
      "ocf": 25810000,
      "capex": -10839000,
      "gross_margin": 0.47074516124550164,
      "op_margin": -0.004960331244529046,
      "fcf_margin": 0.10400716955440385,
      "incr_op_margin_yoy": -0.4863685176845533,
      "rev_growth_yoy": -0.16704569785138507,
      "rev_growth_yoy_accel": -0.06828616186284711,
      "fcf_margin_change": 0.0552336543749982
    },
    {
      "date": "2025-09-30T00:00:00",
      "quarter_label": "2025-09 (Q3)",
      "revenue": 159192000,
      "gross_profit": 72274000,
      "operating_income": 1901000,
      "net_income": 50877000,
      "opex": 70373000,
      "cogs": 86918000,
      "rd": 8258000,
      "sga": 61709000,
      "fcf": -5690000,
      "ocf": 2170000,
      "capex": -7860000,
      "gross_margin": 0.4540052263932861,
      "op_margin": 0.011941554852002613,
      "fcf_margin": -0.035743002160912606,
      "incr_op_margin_yoy": 0.7612948299953424,
      "rev_growth_yoy": 0.05702371782953972,
      "rev_growth_yoy_accel": 0.22406941568092478,
      "op_leverage_ratio": 3.8201731229452176,
      "fcf_margin_change": -0.13975017171531645
    }
  ],
  "signals": [
    {
      "quarter": "2025-09 (Q3)",
      "signal": "OPERATING LEVERAGE",
      "detail": "Rev growth +10.6% vs OpEx growth +2.8% (leverage: 3.8x)",
      "severity": "MEDIUM"
    },
    {
      "quarter": "2025-09 (Q3)",
      "signal": "YoY REVENUE GROWTH ACCELERATION",
      "detail": "YoY growth: +5.7% vs prior quarter YoY: -16.7% (accel: +22.4%)",
      "severity": "HIGH"
    },
    {
      "quarter": "2025-09 (Q3)",
      "signal": "OP MARGIN TURNED POSITIVE (YoY)",
      "detail": "Op margin: -3.1% (year-ago) -> +1.2%",
      "severity": "HIGH"
    },
    {
      "quarter": "2025-09 (Q3)",
      "signal": "OP MARGIN TURNED POSITIVE (QoQ)",
      "detail": "Op margin: -0.5% -> +1.2%",
      "severity": "HIGH"
    },
    {
      "quarter": "2025-06 (Q2)",
      "signal": "FCF MARGIN EXPANSION",
      "detail": "FCF margin: +4.9% -> +10.4% (+5.5%)",
      "severity": "MEDIUM"
    },
    {
      "quarter": "2025-06 (Q2)",
      "signal": "YoY REVENUE GROWTH DECELERATION",
      "detail": "YoY growth: -16.7% vs prior quarter YoY: -9.9% (decel: -6.8%)",
      "severity": "WARNING"
    },
    {
      "quarter": "2025-03 (Q1)",
      "signal": "YoY REVENUE GROWTH DECELERATION",
      "detail": "YoY growth: -9.9% vs prior quarter YoY: -4.4% (decel: -5.5%)",
      "severity": "WARNING"
    },
    {
      "quarter": "2024-12 (Q4)",
      "signal": "FCF MARGIN EXPANSION",
      "detail": "FCF margin: +5.5% -> +14.9% (+9.4%)",
      "severity": "MEDIUM"
    },
    {
      "quarter": "2024-12 (Q4)",
      "signal": "YoY REVENUE GROWTH ACCELERATION",
      "detail": "YoY growth: -4.4% vs prior quarter YoY: -12.6% (accel: +8.2%)",
      "severity": "MEDIUM"
    },
    {
      "quarter": "2024-09 (Q3)",
      "signal": "YoY REVENUE GROWTH DECELERATION",
      "detail": "YoY growth: -12.6% vs prior quarter YoY: +4.1% (decel: -16.8%)",
      "severity": "WARNING"
    },
    {
      "quarter": "2024-03 (Q1)",
      "signal": "YoY REVENUE GROWTH ACCELERATION",
      "detail": "YoY growth: +7.2% vs prior quarter YoY: -13.5% (accel: +20.7%)",
      "severity": "HIGH"
    },
    {
      "quarter": "2023-12 (Q4)",
      "signal": "YoY REVENUE GROWTH DECELERATION",
      "detail": "YoY growth: -13.5% vs prior quarter YoY: +25.3% (decel: -38.8%)",
      "severity": "WARNING"
    },
    {
      "quarter": "2023-09 (Q3)",
      "signal": "OPERATING LEVERAGE",
      "detail": "Rev growth +3.9% vs OpEx growth +1.0% (leverage: 3.9x)",
      "severity": "MEDIUM"
    },
    {
      "quarter": "2023-06 (Q2)",
      "signal": "FCF TURNED POSITIVE",
      "detail": "FCF margin: -15.4% -> +7.2%",
      "severity": "HIGH"
    },
    {
      "quarter": "2023-06 (Q2)",
      "signal": "GROSS MARGIN INFLECTION",
      "detail": "GM: +41.4% -> +35.9% -> +41.0% (reversal +5.1%)",
      "severity": "HIGH"
    },
    {
      "quarter": "2023-06 (Q2)",
      "signal": "YoY REVENUE GROWTH ACCELERATION",
      "detail": "YoY growth: +25.0% vs prior quarter YoY: +2.0% (accel: +23.1%)",
      "severity": "HIGH"
    },
    {
      "quarter": "2023-03 (Q1)",
      "signal": "FCF MARGIN EXPANSION",
      "detail": "FCF margin: -22.3% -> -15.4% (+6.9%)",
      "severity": "MEDIUM"
    },
    {
      "quarter": "2023-03 (Q1)",
      "signal": "YoY REVENUE GROWTH DECELERATION",
      "detail": "YoY growth: +2.0% vs prior quarter YoY: +27.7% (decel: -25.8%)",
      "severity": "WARNING"
    },
    {
      "quarter": "2022-12 (Q4)",
      "signal": "YoY REVENUE GROWTH ACCELERATION",
      "detail": "YoY growth: +27.7% vs prior quarter YoY: +0.5% (accel: +27.3%)",
      "severity": "HIGH"
    },
    {
      "quarter": "2022-09 (Q3)",
      "signal": "FCF MARGIN EXPANSION",
      "detail": "FCF margin: -328.0% -> -3.0% (+325.0%)",
      "severity": "MEDIUM"
    },
    {
      "quarter": "2022-09 (Q3)",
      "signal": "YoY REVENUE GROWTH ACCELERATION",
      "detail": "YoY growth: +0.5% vs prior quarter YoY: -57.9% (accel: +58.4%)",
      "severity": "HIGH"
    },
    {
      "quarter": "2022-06 (Q2)",
      "signal": "YoY REVENUE GROWTH DECELERATION",
      "detail": "YoY growth: -57.9% vs prior quarter YoY: -49.2% (decel: -8.7%)",
      "severity": "WARNING"
    },
    {
      "quarter": "2022-03 (Q1)",
      "signal": "YoY REVENUE GROWTH DECELERATION",
      "detail": "YoY growth: -49.2% vs prior quarter YoY: -44.0% (decel: -5.2%)",
      "severity": "WARNING"
    }
  ],
  "data_quality": {
    "n_quarters": 20,
    "coverage": {
      "revenue": [
        20,
        20
      ],
      "gross_profit": [
        20,
        20
      ],
      "op_income": [
        20,
        20
      ],
      "fcf": [
        20,
        20
      ]
    },
    "gaps": [],
    "warnings": []
  },
  "market_cap": null,
  "source": "SEC EDGAR",
  "last_updated": "2026-02-02T21:40:30.240334",
  "sector": "Healthcare",
  "industry": "Medical Instruments & Supplies"
}