{
  "ticker": "AZZ",
  "name": "AZZ Inc.",
  "quarters": [
    {
      "date": "2021-02-28T00:00:00",
      "quarter_label": "2021-02 (Q1)",
      "revenue": 195629000,
      "gross_profit": 45770000,
      "operating_income": 18774000,
      "net_income": 16160000,
      "opex": 26996000,
      "cogs": 149859000,
      "rd": null,
      "sga": 27267000,
      "fcf": 33347000,
      "ocf": 32641000,
      "capex": 706000,
      "gross_margin": 0.23396326720476002,
      "op_margin": 0.09596736680144559,
      "fcf_margin": 0.17046041231105818
    },
    {
      "date": "2021-05-31T00:00:00",
      "quarter_label": "2021-05 (Q2)",
      "revenue": 229826000,
      "gross_profit": 57927000,
      "operating_income": 30712000,
      "net_income": 22337000,
      "opex": 27215000,
      "cogs": 171899000,
      "rd": null,
      "sga": 27215000,
      "fcf": 3571000,
      "ocf": 11060000,
      "capex": -7489000,
      "gross_margin": 0.25204720092591787,
      "op_margin": 0.1336315299400416,
      "fcf_margin": 0.015537841671525415,
      "op_leverage_ratio": 21.548154365717554,
      "fcf_margin_change": -0.15492257063953277
    },
    {
      "date": "2021-08-31T00:00:00",
      "quarter_label": "2021-08 (Q3)",
      "revenue": 216447000,
      "gross_profit": 55115000,
      "operating_income": 26528000,
      "net_income": 18978000,
      "opex": 28587000,
      "cogs": 161332000,
      "rd": null,
      "sga": 28587000,
      "fcf": 23546000,
      "ocf": 26698000,
      "capex": -3152000,
      "gross_margin": 0.2546350838773464,
      "op_margin": 0.12256118125915351,
      "fcf_margin": 0.10878413653226887,
      "fcf_margin_change": 0.09324629486074346
    },
    {
      "date": "2021-11-30T00:00:00",
      "quarter_label": "2021-11 (Q4)",
      "revenue": 231737000,
      "gross_profit": 56964000,
      "operating_income": 30092000,
      "net_income": 21085000,
      "opex": 26872000,
      "cogs": 174773000,
      "rd": null,
      "sga": 26872000,
      "fcf": 6774000,
      "ocf": 11910000,
      "capex": -5136000,
      "gross_margin": 0.24581314162175225,
      "op_margin": 0.12985410184821586,
      "fcf_margin": 0.029231413196856782,
      "op_leverage_ratio": Infinity,
      "fcf_margin_change": -0.07955272333541209
    },
    {
      "date": "2022-02-28T00:00:00",
      "quarter_label": "2022-02 (Q1)",
      "revenue": 224654000,
      "gross_profit": 55217000,
      "operating_income": 26008000,
      "net_income": 21622000,
      "opex": 29209000,
      "cogs": 169437000,
      "rd": null,
      "sga": 31006000,
      "fcf": 28529000,
      "ocf": 36342000,
      "capex": -7813000,
      "gross_margin": 0.24578685445173468,
      "op_margin": 0.11576913831937112,
      "fcf_margin": 0.1269908392461296,
      "incr_op_margin_yoy": 0.2492334194659776,
      "rev_growth_yoy": 0.14836757331479483,
      "fcf_margin_change": 0.09775942604927283
    },
    {
      "date": "2022-05-31T00:00:00",
      "quarter_label": "2022-05 (Q2)",
      "revenue": 314398000,
      "gross_profit": 84456000,
      "operating_income": 39910000,
      "net_income": 24077000,
      "opex": 44546000,
      "cogs": 229942000,
      "rd": null,
      "sga": 44546000,
      "fcf": 16842000,
      "ocf": 23314000,
      "capex": -6472000,
      "gross_margin": 0.26862766302584623,
      "op_margin": 0.12694101107513406,
      "fcf_margin": 0.053569043060070355,
      "incr_op_margin_yoy": 0.10875940027432247,
      "rev_growth_yoy": 0.367982734764561,
      "rev_growth_yoy_accel": 0.21961516144976617,
      "op_leverage_ratio": 0.760794804497805,
      "fcf_margin_change": -0.07342179618605926
    },
    {
      "date": "2022-08-31T00:00:00",
      "quarter_label": "2022-08 (Q3)",
      "revenue": 406710000,
      "gross_profit": 101555000,
      "operating_income": 64141000,
      "net_income": -57570000,
      "opex": 37414000,
      "cogs": 305155000,
      "rd": null,
      "sga": 37414000,
      "fcf": null,
      "ocf": null,
      "capex": -12224000,
      "gross_margin": 0.24969880258660962,
      "op_margin": 0.1577069656512011,
      "fcf_margin": null,
      "incr_op_margin_yoy": 0.19768951398853166,
      "rev_growth_yoy": 0.8790281223578983,
      "rev_growth_yoy_accel": 0.5110453875933373,
      "op_leverage_ratio": Infinity
    },
    {
      "date": "2022-11-30T00:00:00",
      "quarter_label": "2022-11 (Q4)",
      "revenue": 373301000,
      "gross_profit": 73082000,
      "operating_income": 45393000,
      "net_income": -20542000,
      "opex": 27689000,
      "cogs": 300219000,
      "rd": null,
      "sga": 27689000,
      "fcf": null,
      "ocf": null,
      "capex": -16389000,
      "gross_margin": 0.19577231242348667,
      "op_margin": 0.12159892419254167,
      "fcf_margin": null,
      "incr_op_margin_yoy": 0.10808538894069114,
      "rev_growth_yoy": 0.6108821638322753,
      "rev_growth_yoy_accel": -0.26814595852562295
    },
    {
      "date": "2023-02-28T00:00:00",
      "quarter_label": "2023-02 (Q1)",
      "revenue": 336504000,
      "gross_profit": 61253000,
      "operating_income": 36195000,
      "net_income": 1061000,
      "opex": 25058000,
      "cogs": 275251000,
      "rd": null,
      "sga": 25058000,
      "fcf": null,
      "ocf": null,
      "capex": -22035000,
      "gross_margin": 0.18202755390723438,
      "op_margin": 0.10756187147849654,
      "fcf_margin": null,
      "incr_op_margin_yoy": 0.09107733571747877,
      "rev_growth_yoy": 0.49787673489009765,
      "rev_growth_yoy_accel": -0.11300542894217769
    },
    {
      "date": "2023-05-31T00:00:00",
      "quarter_label": "2023-05 (Q2)",
      "revenue": 390873000,
      "gross_profit": 97019000,
      "operating_income": 65496000,
      "net_income": 28522000,
      "opex": 31523000,
      "cogs": 293854000,
      "rd": null,
      "sga": 31523000,
      "fcf": 29857000,
      "ocf": 46893000,
      "capex": -17036000,
      "gross_margin": 0.24821105576491598,
      "op_margin": 0.1675633773629798,
      "fcf_margin": 0.07638542442174312,
      "incr_op_margin_yoy": 0.33456685191238966,
      "rev_growth_yoy": 0.24324264149263036,
      "rev_growth_yoy_accel": -0.2546340933974673,
      "op_leverage_ratio": 0.6262373840631165
    },
    {
      "date": "2023-08-31T00:00:00",
      "quarter_label": "2023-08 (Q3)",
      "revenue": 398542000,
      "gross_profit": 97246000,
      "operating_income": 61007000,
      "net_income": 28332000,
      "opex": 36239000,
      "cogs": 301296000,
      "rd": null,
      "sga": 36239000,
      "fcf": 45758000,
      "ocf": 71448000,
      "capex": -25690000,
      "gross_margin": 0.24400439602350568,
      "op_margin": 0.15307546005188913,
      "fcf_margin": 0.11481349518996743,
      "incr_op_margin_yoy": 0.383692458374143,
      "rev_growth_yoy": -0.020083105898551792,
      "rev_growth_yoy_accel": -0.26332574739118214,
      "op_leverage_ratio": 0.13114653215955227,
      "fcf_margin_change": 0.03842807076822431
    },
    {
      "date": "2023-11-30T00:00:00",
      "quarter_label": "2023-11 (Q4)",
      "revenue": 381605000,
      "gross_profit": 88149000,
      "operating_income": 52824000,
      "net_income": 26890000,
      "opex": 35325000,
      "cogs": 293456000,
      "rd": null,
      "sga": 35325000,
      "fcf": 38413000,
      "ocf": 62587000,
      "capex": -24174000,
      "gross_margin": 0.23099540100365562,
      "op_margin": 0.13842585919995806,
      "fcf_margin": 0.10066167896122954,
      "incr_op_margin_yoy": 0.8948699421965318,
      "rev_growth_yoy": 0.022244783700016875,
      "rev_growth_yoy_accel": 0.04232788959856867,
      "fcf_margin_change": -0.014151816228737887
    },
    {
      "date": "2024-02-29T00:00:00",
      "quarter_label": "2024-02 (Q1)",
      "revenue": 1537589000,
      "gross_profit": 363461000,
      "operating_income": 221600000,
      "net_income": 17863000,
      "opex": 141861000,
      "cogs": 1174128000,
      "rd": null,
      "sga": 141861000,
      "fcf": null,
      "ocf": null,
      "capex": -28219000,
      "gross_margin": 0.23638371502397584,
      "op_margin": 0.144121738644072,
      "fcf_margin": null,
      "incr_op_margin_yoy": 0.15436459534504218,
      "rev_growth_yoy": 3.569303782421606,
      "rev_growth_yoy_accel": 3.547058998721589,
      "op_leverage_ratio": 1.0044389615942546
    },
    {
      "date": "2024-05-31T00:00:00",
      "quarter_label": "2024-05 (Q2)",
      "revenue": 413208000,
      "gross_profit": 102670000,
      "operating_income": 69749000,
      "net_income": 39602000,
      "opex": 32921000,
      "cogs": 310538000,
      "rd": null,
      "sga": 32921000,
      "fcf": 44548000,
      "ocf": 71944000,
      "capex": -27396000,
      "gross_margin": 0.24847050395926507,
      "op_margin": 0.16879876478674177,
      "fcf_margin": 0.10781011016243636,
      "incr_op_margin_yoy": 0.19041862547571076,
      "rev_growth_yoy": 0.057141322117414094,
      "rev_growth_yoy_accel": -3.5121624603041917
    },
    {
      "date": "2024-08-31T00:00:00",
      "quarter_label": "2024-08 (Q3)",
      "revenue": 409007000,
      "gross_profit": 103514000,
      "operating_income": 67646000,
      "net_income": 35419000,
      "opex": 35868000,
      "cogs": 305493000,
      "rd": null,
      "sga": 35868000,
      "fcf": 15381000,
      "ocf": 47486000,
      "capex": -32105000,
      "gross_margin": 0.2530861330001687,
      "op_margin": 0.16539081238218417,
      "fcf_margin": 0.037605713349649274,
      "incr_op_margin_yoy": 0.6344003822264692,
      "rev_growth_yoy": 0.02625821117975019,
      "rev_growth_yoy_accel": -0.030883110937663903,
      "fcf_margin_change": -0.07020439681278709
    },
    {
      "date": "2024-11-30T00:00:00",
      "quarter_label": "2024-11 (Q4)",
      "revenue": 403654000,
      "gross_profit": 97778000,
      "operating_income": 58535000,
      "net_income": 33603000,
      "opex": 39243000,
      "cogs": 305876000,
      "rd": null,
      "sga": 39243000,
      "fcf": 39726000,
      "ocf": 66167000,
      "capex": -26441000,
      "gross_margin": 0.24223220877285992,
      "op_margin": 0.14501280799892977,
      "fcf_margin": 0.09841597011301759,
      "incr_op_margin_yoy": 0.25901401424100867,
      "rev_growth_yoy": 0.05777964125208003,
      "rev_growth_yoy_accel": 0.03152143007232984,
      "fcf_margin_change": 0.06081025676336831
    },
    {
      "date": "2025-02-28T00:00:00",
      "quarter_label": "2025-02 (Q1)",
      "revenue": 351875000,
      "gross_profit": 78718000,
      "operating_income": 40434000,
      "net_income": 20209000,
      "opex": 38284000,
      "cogs": 273157000,
      "rd": null,
      "sga": 38284000,
      "fcf": null,
      "ocf": null,
      "capex": -29941000,
      "gross_margin": 0.2237101243339254,
      "op_margin": 0.1149101243339254,
      "fcf_margin": null,
      "incr_op_margin_yoy": 0.15279063922666006,
      "rev_growth_yoy": -0.7711514585497165,
      "rev_growth_yoy_accel": -0.8289310998017965
    },
    {
      "date": "2025-05-31T00:00:00",
      "quarter_label": "2025-05 (Q2)",
      "revenue": 421962000,
      "gross_profit": 104130000,
      "operating_income": 69549000,
      "net_income": 170908000,
      "opex": 34581000,
      "cogs": 317832000,
      "rd": null,
      "sga": 34581000,
      "fcf": 293886000,
      "ocf": 314782000,
      "capex": -20896000,
      "gross_margin": 0.24677577601774567,
      "op_margin": 0.1648228987444367,
      "fcf_margin": 0.6964750380366005,
      "incr_op_margin_yoy": -0.022846698652044778,
      "rev_growth_yoy": 0.021185456235116456,
      "rev_growth_yoy_accel": 0.7923369147848329,
      "op_leverage_ratio": Infinity
    },
    {
      "date": "2025-08-31T00:00:00",
      "quarter_label": "2025-08 (Q3)",
      "revenue": 417275000,
      "gross_profit": 101292000,
      "operating_income": 68461000,
      "net_income": 89346000,
      "opex": 32831000,
      "cogs": 315983000,
      "rd": null,
      "sga": 32831000,
      "fcf": 39109000,
      "ocf": 58387000,
      "capex": -19278000,
      "gross_margin": 0.2427463902702055,
      "op_margin": 0.16406686238092386,
      "fcf_margin": 0.09372476184770236,
      "incr_op_margin_yoy": 0.09857281083696177,
      "rev_growth_yoy": 0.020214812949411624,
      "rev_growth_yoy_accel": -0.0009706432857048315,
      "fcf_margin_change": -0.6027502761888981
    },
    {
      "date": "2025-11-30T00:00:00",
      "quarter_label": "2025-11 (Q4)",
      "revenue": 425746000,
      "gross_profit": 101941000,
      "operating_income": 69479000,
      "net_income": 41075000,
      "opex": 32462000,
      "cogs": 323805000,
      "rd": null,
      "sga": 32462000,
      "fcf": 61155000,
      "ocf": 79703000,
      "capex": -18548000,
      "gross_margin": 0.2394408872896046,
      "op_margin": 0.16319354732634012,
      "fcf_margin": 0.14364198371799147,
      "incr_op_margin_yoy": 0.49538294405214556,
      "rev_growth_yoy": 0.05473004107478187,
      "rev_growth_yoy_accel": 0.034515228125370244,
      "op_leverage_ratio": Infinity,
      "fcf_margin_change": 0.049917221870289116
    }
  ],
  "signals": [
    {
      "quarter": "2025-11 (Q4)",
      "signal": "INCREMENTAL MARGIN (YoY)",
      "detail": "YoY Incr OPM: +49.5% vs year-ago OPM: +14.5%",
      "severity": "HIGH"
    },
    {
      "quarter": "2025-05 (Q2)",
      "signal": "GROSS MARGIN INFLECTION",
      "detail": "GM: +24.2% -> +22.4% -> +24.7% (reversal +2.3%)",
      "severity": "MEDIUM"
    },
    {
      "quarter": "2025-05 (Q2)",
      "signal": "YoY REVENUE GROWTH ACCELERATION",
      "detail": "YoY growth: +2.1% vs prior quarter YoY: -77.1% (accel: +79.2%)",
      "severity": "HIGH"
    },
    {
      "quarter": "2025-02 (Q1)",
      "signal": "YoY REVENUE GROWTH DECELERATION",
      "detail": "YoY growth: -77.1% vs prior quarter YoY: +5.8% (decel: -82.9%)",
      "severity": "WARNING"
    },
    {
      "quarter": "2024-11 (Q4)",
      "signal": "FCF MARGIN EXPANSION",
      "detail": "FCF margin: +3.8% -> +9.8% (+6.1%)",
      "severity": "MEDIUM"
    },
    {
      "quarter": "2024-11 (Q4)",
      "signal": "INCREMENTAL MARGIN (YoY)",
      "detail": "YoY Incr OPM: +25.9% vs year-ago OPM: +13.8%",
      "severity": "MEDIUM"
    },
    {
      "quarter": "2024-08 (Q3)",
      "signal": "INCREMENTAL MARGIN (YoY)",
      "detail": "YoY Incr OPM: +63.4% vs year-ago OPM: +15.3%",
      "severity": "HIGH"
    },
    {
      "quarter": "2024-05 (Q2)",
      "signal": "YoY REVENUE GROWTH DECELERATION",
      "detail": "YoY growth: +5.7% vs prior quarter YoY: +356.9% (decel: -351.2%)",
      "severity": "WARNING"
    },
    {
      "quarter": "2024-02 (Q1)",
      "signal": "YoY REVENUE GROWTH ACCELERATION",
      "detail": "YoY growth: +356.9% vs prior quarter YoY: +2.2% (accel: +354.7%)",
      "severity": "HIGH"
    },
    {
      "quarter": "2023-11 (Q4)",
      "signal": "INCREMENTAL MARGIN (YoY)",
      "detail": "YoY Incr OPM: +89.5% vs year-ago OPM: +12.2%",
      "severity": "HIGH"
    },
    {
      "quarter": "2023-08 (Q3)",
      "signal": "YoY REVENUE GROWTH DECELERATION",
      "detail": "YoY growth: -2.0% vs prior quarter YoY: +24.3% (decel: -26.3%)",
      "severity": "WARNING"
    },
    {
      "quarter": "2023-08 (Q3)",
      "signal": "INCREMENTAL MARGIN (YoY)",
      "detail": "YoY Incr OPM: +38.4% vs year-ago OPM: +15.8%",
      "severity": "HIGH"
    },
    {
      "quarter": "2023-05 (Q2)",
      "signal": "GROSS MARGIN INFLECTION",
      "detail": "GM: +19.6% -> +18.2% -> +24.8% (reversal +6.6%)",
      "severity": "HIGH"
    },
    {
      "quarter": "2023-05 (Q2)",
      "signal": "YoY REVENUE GROWTH DECELERATION",
      "detail": "YoY growth: +24.3% vs prior quarter YoY: +49.8% (decel: -25.5%)",
      "severity": "WARNING"
    },
    {
      "quarter": "2023-05 (Q2)",
      "signal": "INCREMENTAL MARGIN (YoY)",
      "detail": "YoY Incr OPM: +33.5% vs year-ago OPM: +12.7%",
      "severity": "HIGH"
    },
    {
      "quarter": "2023-02 (Q1)",
      "signal": "YoY REVENUE GROWTH DECELERATION",
      "detail": "YoY growth: +49.8% vs prior quarter YoY: +61.1% (decel: -11.3%)",
      "severity": "WARNING"
    },
    {
      "quarter": "2022-11 (Q4)",
      "signal": "YoY REVENUE GROWTH DECELERATION",
      "detail": "YoY growth: +61.1% vs prior quarter YoY: +87.9% (decel: -26.8%)",
      "severity": "WARNING"
    },
    {
      "quarter": "2022-08 (Q3)",
      "signal": "YoY REVENUE GROWTH ACCELERATION",
      "detail": "YoY growth: +87.9% vs prior quarter YoY: +36.8% (accel: +51.1%)",
      "severity": "HIGH"
    },
    {
      "quarter": "2022-05 (Q2)",
      "signal": "GROSS MARGIN INFLECTION",
      "detail": "GM: +24.6% -> +24.6% -> +26.9% (reversal +2.3%)",
      "severity": "MEDIUM"
    },
    {
      "quarter": "2022-05 (Q2)",
      "signal": "YoY REVENUE GROWTH ACCELERATION",
      "detail": "YoY growth: +36.8% vs prior quarter YoY: +14.8% (accel: +22.0%)",
      "severity": "HIGH"
    },
    {
      "quarter": "2022-02 (Q1)",
      "signal": "FCF MARGIN EXPANSION",
      "detail": "FCF margin: +2.9% -> +12.7% (+9.8%)",
      "severity": "MEDIUM"
    },
    {
      "quarter": "2022-02 (Q1)",
      "signal": "INCREMENTAL MARGIN (YoY)",
      "detail": "YoY Incr OPM: +24.9% vs year-ago OPM: +9.6%",
      "severity": "MEDIUM"
    },
    {
      "quarter": "2021-08 (Q3)",
      "signal": "FCF MARGIN EXPANSION",
      "detail": "FCF margin: +1.6% -> +10.9% (+9.3%)",
      "severity": "MEDIUM"
    },
    {
      "quarter": "2021-05 (Q2)",
      "signal": "OPERATING LEVERAGE",
      "detail": "Rev growth +17.5% vs OpEx growth +0.8% (leverage: 21.5x)",
      "severity": "MEDIUM"
    }
  ],
  "data_quality": {
    "n_quarters": 20,
    "coverage": {
      "revenue": [
        20,
        20
      ],
      "gross_profit": [
        20,
        20
      ],
      "op_income": [
        20,
        20
      ],
      "fcf": [
        15,
        20
      ]
    },
    "gaps": [],
    "warnings": [
      "fcf: 15/20Q"
    ]
  },
  "market_cap": null,
  "source": "SEC EDGAR",
  "last_updated": "2026-02-02T21:15:47.290932"
}