{
  "ticker": "BA",
  "name": "BOEING CO",
  "quarters": [
    {
      "date": "2021-03-31T00:00:00",
      "quarter_label": "2021-03 (Q1)",
      "revenue": 15217000000,
      "gross_profit": 1409000000,
      "operating_income": -83000000,
      "net_income": -537000000,
      "opex": 1492000000,
      "cogs": 13808000000,
      "rd": 499000000,
      "sga": null,
      "fcf": -3678000000,
      "ocf": -3387000000,
      "capex": -291000000,
      "gross_margin": 0.09259380955510285,
      "op_margin": -0.005454425970953539,
      "fcf_margin": -0.2417033580863508
    },
    {
      "date": "2021-06-30T00:00:00",
      "quarter_label": "2021-06 (Q2)",
      "revenue": 16998000000,
      "gross_profit": 2410000000,
      "operating_income": 1023000000,
      "net_income": 587000000,
      "opex": 1387000000,
      "cogs": 14588000000,
      "rd": 497000000,
      "sga": null,
      "fcf": -705000000,
      "ocf": -483000000,
      "capex": -222000000,
      "gross_margin": 0.1417813860454171,
      "op_margin": 0.06018355100600071,
      "fcf_margin": -0.041475467702082595,
      "op_leverage_ratio": Infinity,
      "fcf_margin_change": 0.2002278903842682
    },
    {
      "date": "2021-09-30T00:00:00",
      "quarter_label": "2021-09 (Q3)",
      "revenue": 15278000000,
      "gross_profit": 1712000000,
      "operating_income": 329000000,
      "net_income": -109000000,
      "opex": 1383000000,
      "cogs": 13566000000,
      "rd": 575000000,
      "sga": null,
      "fcf": -507000000,
      "ocf": -262000000,
      "capex": -245000000,
      "gross_margin": 0.11205655190469957,
      "op_margin": 0.02153423222934939,
      "fcf_margin": -0.03318497185495484,
      "fcf_margin_change": 0.008290495847127759
    },
    {
      "date": "2021-12-31T00:00:00",
      "quarter_label": "2021-12 (Q4)",
      "revenue": 14793000000,
      "gross_profit": -2514000000,
      "operating_income": -4171000000,
      "net_income": -4143000000,
      "opex": 1657000000,
      "cogs": 17307000000,
      "rd": 678000000,
      "sga": null,
      "fcf": 494000000,
      "ocf": 716000000,
      "capex": -222000000,
      "gross_margin": -0.16994524437233827,
      "op_margin": -0.2819576826877577,
      "fcf_margin": 0.03339417291962415,
      "fcf_margin_change": 0.06657914477457899
    },
    {
      "date": "2022-03-31T00:00:00",
      "quarter_label": "2022-03 (Q1)",
      "revenue": 13991000000,
      "gross_profit": 346000000,
      "operating_income": -1169000000,
      "net_income": -1219000000,
      "opex": 1515000000,
      "cogs": 13645000000,
      "rd": 633000000,
      "sga": null,
      "fcf": -3565000000,
      "ocf": -3216000000,
      "capex": -349000000,
      "gross_margin": 0.024730183689514688,
      "op_margin": -0.08355371310127939,
      "fcf_margin": -0.2548066614252019,
      "incr_op_margin_yoy": 0.8858075040783034,
      "rev_growth_yoy": -0.0805677860287836,
      "fcf_margin_change": -0.2882008343448261
    },
    {
      "date": "2022-06-30T00:00:00",
      "quarter_label": "2022-06 (Q2)",
      "revenue": 16681000000,
      "gross_profit": 2122000000,
      "operating_income": 774000000,
      "net_income": 193000000,
      "opex": 1348000000,
      "cogs": 14559000000,
      "rd": 698000000,
      "sga": null,
      "fcf": -182000000,
      "ocf": 81000000,
      "capex": -263000000,
      "gross_margin": 0.12721059888495895,
      "op_margin": 0.04640009591751094,
      "fcf_margin": -0.010910616869492237,
      "incr_op_margin_yoy": 0.7854889589905363,
      "rev_growth_yoy": -0.018649252853276857,
      "rev_growth_yoy_accel": 0.061918533175506746,
      "op_leverage_ratio": Infinity,
      "fcf_margin_change": 0.24389604455570968
    },
    {
      "date": "2022-09-30T00:00:00",
      "quarter_label": "2022-09 (Q3)",
      "revenue": 15956000000,
      "gross_profit": -822000000,
      "operating_income": -2799000000,
      "net_income": -3275000000,
      "opex": 1977000000,
      "cogs": 16778000000,
      "rd": 727000000,
      "sga": null,
      "fcf": 2906000000,
      "ocf": 3190000000,
      "capex": -284000000,
      "gross_margin": -0.05151667084482327,
      "op_margin": -0.17541990473802957,
      "fcf_margin": 0.18212584607671095,
      "incr_op_margin_yoy": -4.613569321533923,
      "rev_growth_yoy": 0.044377536326744335,
      "rev_growth_yoy_accel": 0.06302678918002119,
      "fcf_margin_change": 0.1930364629462032
    },
    {
      "date": "2022-12-31T00:00:00",
      "quarter_label": "2022-12 (Q4)",
      "revenue": 19980000000,
      "gross_profit": 1856000000,
      "operating_income": -353000000,
      "net_income": -634000000,
      "opex": 2209000000,
      "cogs": 18124000000,
      "rd": 794000000,
      "sga": null,
      "fcf": 3131000000,
      "ocf": 3457000000,
      "capex": -326000000,
      "gross_margin": 0.09289289289289289,
      "op_margin": -0.01766766766766767,
      "fcf_margin": 0.1567067067067067,
      "incr_op_margin_yoy": 0.7360709465972624,
      "rev_growth_yoy": 0.35063881565605354,
      "rev_growth_yoy_accel": 0.3062612793293092,
      "op_leverage_ratio": 2.14908022925113,
      "fcf_margin_change": -0.025419139370004257
    },
    {
      "date": "2023-03-31T00:00:00",
      "quarter_label": "2023-03 (Q1)",
      "revenue": 17921000000,
      "gross_profit": 1923000000,
      "operating_income": -149000000,
      "net_income": -414000000,
      "opex": 2072000000,
      "cogs": 15998000000,
      "rd": 741000000,
      "sga": null,
      "fcf": -786000000,
      "ocf": -318000000,
      "capex": -468000000,
      "gross_margin": 0.10730427989509514,
      "op_margin": -0.008314268176999052,
      "fcf_margin": -0.04385915964510909,
      "incr_op_margin_yoy": 0.2595419847328244,
      "rev_growth_yoy": 0.2808948609820599,
      "rev_growth_yoy_accel": -0.06974395467399364,
      "fcf_margin_change": -0.20056586635181578
    },
    {
      "date": "2023-06-30T00:00:00",
      "quarter_label": "2023-06 (Q2)",
      "revenue": 19751000000,
      "gross_profit": 1939000000,
      "operating_income": -99000000,
      "net_income": -149000000,
      "opex": 2038000000,
      "cogs": 17812000000,
      "rd": 797000000,
      "sga": null,
      "fcf": 2579000000,
      "ocf": 2875000000,
      "capex": -296000000,
      "gross_margin": 0.09817224444331933,
      "op_margin": -0.00501240443521847,
      "fcf_margin": 0.13057566705483267,
      "incr_op_margin_yoy": -0.28436482084690556,
      "rev_growth_yoy": 0.18404172411725916,
      "rev_growth_yoy_accel": -0.09685313686480074,
      "op_leverage_ratio": Infinity,
      "fcf_margin_change": 0.17443482669994176
    },
    {
      "date": "2023-09-30T00:00:00",
      "quarter_label": "2023-09 (Q3)",
      "revenue": 18104000000,
      "gross_profit": 1165000000,
      "operating_income": -808000000,
      "net_income": -1636000000,
      "opex": 1973000000,
      "cogs": 16939000000,
      "rd": 958000000,
      "sga": null,
      "fcf": -310000000,
      "ocf": 22000000,
      "capex": -332000000,
      "gross_margin": 0.06435041979673001,
      "op_margin": -0.044631020768890854,
      "fcf_margin": -0.017123287671232876,
      "incr_op_margin_yoy": 0.9269087523277467,
      "rev_growth_yoy": 0.1346202055653046,
      "rev_growth_yoy_accel": -0.04942151855195456,
      "fcf_margin_change": -0.14769895472606553
    },
    {
      "date": "2023-12-31T00:00:00",
      "quarter_label": "2023-12 (Q4)",
      "revenue": 22018000000,
      "gross_profit": 2697000000,
      "operating_income": 283000000,
      "net_income": -23000000,
      "opex": 2414000000,
      "cogs": 19321000000,
      "rd": 881000000,
      "sga": null,
      "fcf": 2950000000,
      "ocf": 3381000000,
      "capex": -431000000,
      "gross_margin": 0.12249068943591607,
      "op_margin": 0.012853120174402762,
      "fcf_margin": 0.13398128803706058,
      "incr_op_margin_yoy": 0.3120706575073602,
      "rev_growth_yoy": 0.102002002002002,
      "rev_growth_yoy_accel": -0.0326182035633026,
      "op_leverage_ratio": 0.9672411754508844,
      "fcf_margin_change": 0.15110457570829344
    },
    {
      "date": "2024-03-31T00:00:00",
      "quarter_label": "2024-03 (Q1)",
      "revenue": 16569000000,
      "gross_profit": 1876000000,
      "operating_income": -86000000,
      "net_income": -343000000,
      "opex": 1962000000,
      "cogs": 14693000000,
      "rd": 868000000,
      "sga": null,
      "fcf": -3929000000,
      "ocf": -3362000000,
      "capex": -567000000,
      "gross_margin": 0.11322348964934516,
      "op_margin": -0.005190415836803669,
      "fcf_margin": -0.23712957933490253,
      "incr_op_margin_yoy": -0.04659763313609468,
      "rev_growth_yoy": -0.07544221862619273,
      "rev_growth_yoy_accel": -0.17744422062819473,
      "fcf_margin_change": -0.3711108673719631
    },
    {
      "date": "2024-06-30T00:00:00",
      "quarter_label": "2024-06 (Q2)",
      "revenue": 16866000000,
      "gross_profit": 1229000000,
      "operating_income": -1090000000,
      "net_income": -1439000000,
      "opex": 2319000000,
      "cogs": 15637000000,
      "rd": 954000000,
      "sga": null,
      "fcf": -4327000000,
      "ocf": -3923000000,
      "capex": -404000000,
      "gross_margin": 0.07286849282580339,
      "op_margin": -0.06462706035811693,
      "fcf_margin": -0.2565516423574054,
      "incr_op_margin_yoy": 0.3435008665511265,
      "rev_growth_yoy": -0.14606855349096248,
      "rev_growth_yoy_accel": -0.07062633486476975,
      "op_leverage_ratio": 0.09851240876578769,
      "fcf_margin_change": -0.019422063022502878
    },
    {
      "date": "2024-09-30T00:00:00",
      "quarter_label": "2024-09 (Q3)",
      "revenue": 17840000000,
      "gross_profit": -3507000000,
      "operating_income": -5761000000,
      "net_income": -6170000000,
      "opex": 2254000000,
      "cogs": 21347000000,
      "rd": 1154000000,
      "sga": null,
      "fcf": -1956000000,
      "ocf": -1345000000,
      "capex": -611000000,
      "gross_margin": -0.19658071748878925,
      "op_margin": -0.32292600896860985,
      "fcf_margin": -0.10964125560538117,
      "incr_op_margin_yoy": 18.761363636363637,
      "rev_growth_yoy": -0.014582412726469289,
      "rev_growth_yoy_accel": 0.1314861407644932,
      "op_leverage_ratio": Infinity,
      "fcf_margin_change": 0.14691038675202422
    },
    {
      "date": "2024-12-31T00:00:00",
      "quarter_label": "2024-12 (Q4)",
      "revenue": 15242000000,
      "gross_profit": -1589000000,
      "operating_income": -3770000000,
      "net_income": -3865000000,
      "opex": 2181000000,
      "cogs": 16831000000,
      "rd": 836000000,
      "sga": null,
      "fcf": -4098000000,
      "ocf": -3450000000,
      "capex": -648000000,
      "gross_margin": -0.10425141057603989,
      "op_margin": -0.24734286838997507,
      "fcf_margin": -0.26886235402178194,
      "incr_op_margin_yoy": 0.5981404958677686,
      "rev_growth_yoy": -0.30774820601326186,
      "rev_growth_yoy_accel": -0.2931657932867926,
      "fcf_margin_change": -0.15922109841640075
    },
    {
      "date": "2025-03-31T00:00:00",
      "quarter_label": "2025-03 (Q1)",
      "revenue": 19496000000,
      "gross_profit": 2417000000,
      "operating_income": 461000000,
      "net_income": -37000000,
      "opex": 1956000000,
      "cogs": 17079000000,
      "rd": 844000000,
      "sga": null,
      "fcf": -2290000000,
      "ocf": -1616000000,
      "capex": -674000000,
      "gross_margin": 0.12397414854329093,
      "op_margin": 0.02364587607714403,
      "fcf_margin": -0.11745999179318835,
      "incr_op_margin_yoy": 0.1868807652886915,
      "rev_growth_yoy": 0.1766551994688877,
      "rev_growth_yoy_accel": 0.48440340548214955,
      "op_leverage_ratio": Infinity,
      "fcf_margin_change": 0.1514023622285936
    },
    {
      "date": "2025-06-30T00:00:00",
      "quarter_label": "2025-06 (Q2)",
      "revenue": 22749000000,
      "gross_profit": 2435000000,
      "operating_income": -176000000,
      "net_income": -611000000,
      "opex": 2611000000,
      "cogs": 20314000000,
      "rd": 910000000,
      "sga": null,
      "fcf": -200000000,
      "ocf": 227000000,
      "capex": -427000000,
      "gross_margin": 0.10703767198558178,
      "op_margin": -0.007736603806760737,
      "fcf_margin": -0.008791595234955383,
      "incr_op_margin_yoy": 0.15536291007989123,
      "rev_growth_yoy": 0.3488082532906439,
      "rev_growth_yoy_accel": 0.17215305382175622,
      "op_leverage_ratio": 0.4982715577593525,
      "fcf_margin_change": 0.10866839655823296
    },
    {
      "date": "2025-09-30T00:00:00",
      "quarter_label": "2025-09 (Q3)",
      "revenue": 23270000000,
      "gross_profit": -2375000000,
      "operating_income": -4781000000,
      "net_income": -5337000000,
      "opex": 2406000000,
      "cogs": 25645000000,
      "rd": 897000000,
      "sga": null,
      "fcf": 238000000,
      "ocf": 1123000000,
      "capex": -885000000,
      "gross_margin": -0.1020627417275462,
      "op_margin": -0.2054576708207993,
      "fcf_margin": 0.010227761065749892,
      "incr_op_margin_yoy": 0.18047882136279927,
      "rev_growth_yoy": 0.30437219730941706,
      "rev_growth_yoy_accel": -0.04443605598122685,
      "op_leverage_ratio": Infinity,
      "fcf_margin_change": 0.019019356300705274
    },
    {
      "date": "2025-12-31T00:00:00",
      "quarter_label": "2025-12 (Q4)",
      "revenue": 23948000000,
      "gross_profit": 1812000000,
      "operating_income": 8777000000,
      "net_income": 8220000000,
      "opex": -6965000000,
      "cogs": 22136000000,
      "rd": 964000000,
      "sga": null,
      "fcf": 375000000,
      "ocf": 1331000000,
      "capex": -956000000,
      "gross_margin": 0.07566393853348923,
      "op_margin": 0.36650242191414734,
      "fcf_margin": 0.015658927676632704,
      "incr_op_margin_yoy": 1.4411899839191362,
      "rev_growth_yoy": 0.5711848838735074,
      "rev_growth_yoy_accel": 0.26681268656409035,
      "op_leverage_ratio": Infinity,
      "fcf_margin_change": 0.0054311666108828125
    }
  ],
  "signals": [
    {
      "quarter": "2025-12 (Q4)",
      "signal": "GROSS MARGIN INFLECTION",
      "detail": "GM: +10.7% -> -10.2% -> +7.6% (reversal +17.8%)",
      "severity": "HIGH"
    },
    {
      "quarter": "2025-12 (Q4)",
      "signal": "YoY REVENUE GROWTH ACCELERATION",
      "detail": "YoY growth: +57.1% vs prior quarter YoY: +30.4% (accel: +26.7%)",
      "severity": "HIGH"
    },
    {
      "quarter": "2025-12 (Q4)",
      "signal": "OP MARGIN TURNED POSITIVE (YoY)",
      "detail": "Op margin: -24.7% (year-ago) -> +36.7%",
      "severity": "HIGH"
    },
    {
      "quarter": "2025-12 (Q4)",
      "signal": "OP MARGIN TURNED POSITIVE (QoQ)",
      "detail": "Op margin: -20.5% -> +36.7%",
      "severity": "HIGH"
    },
    {
      "quarter": "2025-09 (Q3)",
      "signal": "FCF TURNED POSITIVE",
      "detail": "FCF margin: -0.9% -> +1.0%",
      "severity": "HIGH"
    },
    {
      "quarter": "2025-06 (Q2)",
      "signal": "FCF MARGIN EXPANSION",
      "detail": "FCF margin: -11.7% -> -0.9% (+10.9%)",
      "severity": "MEDIUM"
    },
    {
      "quarter": "2025-06 (Q2)",
      "signal": "YoY REVENUE GROWTH ACCELERATION",
      "detail": "YoY growth: +34.9% vs prior quarter YoY: +17.7% (accel: +17.2%)",
      "severity": "HIGH"
    },
    {
      "quarter": "2025-03 (Q1)",
      "signal": "FCF MARGIN EXPANSION",
      "detail": "FCF margin: -26.9% -> -11.7% (+15.1%)",
      "severity": "MEDIUM"
    },
    {
      "quarter": "2025-03 (Q1)",
      "signal": "YoY REVENUE GROWTH ACCELERATION",
      "detail": "YoY growth: +17.7% vs prior quarter YoY: -30.8% (accel: +48.4%)",
      "severity": "HIGH"
    },
    {
      "quarter": "2025-03 (Q1)",
      "signal": "OP MARGIN TURNED POSITIVE (YoY)",
      "detail": "Op margin: -0.5% (year-ago) -> +2.4%",
      "severity": "HIGH"
    },
    {
      "quarter": "2025-03 (Q1)",
      "signal": "OP MARGIN TURNED POSITIVE (QoQ)",
      "detail": "Op margin: -24.7% -> +2.4%",
      "severity": "HIGH"
    },
    {
      "quarter": "2024-12 (Q4)",
      "signal": "GROSS MARGIN INFLECTION",
      "detail": "GM: +7.3% -> -19.7% -> -10.4% (reversal +9.2%)",
      "severity": "HIGH"
    },
    {
      "quarter": "2024-12 (Q4)",
      "signal": "YoY REVENUE GROWTH DECELERATION",
      "detail": "YoY growth: -30.8% vs prior quarter YoY: -1.5% (decel: -29.3%)",
      "severity": "WARNING"
    },
    {
      "quarter": "2024-09 (Q3)",
      "signal": "FCF MARGIN EXPANSION",
      "detail": "FCF margin: -25.7% -> -11.0% (+14.7%)",
      "severity": "MEDIUM"
    },
    {
      "quarter": "2024-09 (Q3)",
      "signal": "YoY REVENUE GROWTH ACCELERATION",
      "detail": "YoY growth: -1.5% vs prior quarter YoY: -14.6% (accel: +13.1%)",
      "severity": "MEDIUM"
    },
    {
      "quarter": "2024-06 (Q2)",
      "signal": "YoY REVENUE GROWTH DECELERATION",
      "detail": "YoY growth: -14.6% vs prior quarter YoY: -7.5% (decel: -7.1%)",
      "severity": "WARNING"
    },
    {
      "quarter": "2024-03 (Q1)",
      "signal": "YoY REVENUE GROWTH DECELERATION",
      "detail": "YoY growth: -7.5% vs prior quarter YoY: +10.2% (decel: -17.7%)",
      "severity": "WARNING"
    },
    {
      "quarter": "2023-12 (Q4)",
      "signal": "FCF TURNED POSITIVE",
      "detail": "FCF margin: -1.7% -> +13.4%",
      "severity": "HIGH"
    },
    {
      "quarter": "2023-12 (Q4)",
      "signal": "GROSS MARGIN INFLECTION",
      "detail": "GM: +9.8% -> +6.4% -> +12.2% (reversal +5.8%)",
      "severity": "HIGH"
    },
    {
      "quarter": "2023-12 (Q4)",
      "signal": "OP MARGIN TURNED POSITIVE (YoY)",
      "detail": "Op margin: -1.8% (year-ago) -> +1.3%",
      "severity": "HIGH"
    },
    {
      "quarter": "2023-12 (Q4)",
      "signal": "OP MARGIN TURNED POSITIVE (QoQ)",
      "detail": "Op margin: -4.5% -> +1.3%",
      "severity": "HIGH"
    },
    {
      "quarter": "2023-06 (Q2)",
      "signal": "FCF TURNED POSITIVE",
      "detail": "FCF margin: -4.4% -> +13.1%",
      "severity": "HIGH"
    },
    {
      "quarter": "2023-06 (Q2)",
      "signal": "YoY REVENUE GROWTH DECELERATION",
      "detail": "YoY growth: +18.4% vs prior quarter YoY: +28.1% (decel: -9.7%)",
      "severity": "WARNING"
    },
    {
      "quarter": "2023-03 (Q1)",
      "signal": "YoY REVENUE GROWTH DECELERATION",
      "detail": "YoY growth: +28.1% vs prior quarter YoY: +35.1% (decel: -7.0%)",
      "severity": "WARNING"
    },
    {
      "quarter": "2022-12 (Q4)",
      "signal": "OPERATING LEVERAGE",
      "detail": "Rev growth +25.2% vs OpEx growth +11.7% (leverage: 2.1x)",
      "severity": "MEDIUM"
    },
    {
      "quarter": "2022-12 (Q4)",
      "signal": "GROSS MARGIN INFLECTION",
      "detail": "GM: +12.7% -> -5.2% -> +9.3% (reversal +14.4%)",
      "severity": "HIGH"
    },
    {
      "quarter": "2022-12 (Q4)",
      "signal": "YoY REVENUE GROWTH ACCELERATION",
      "detail": "YoY growth: +35.1% vs prior quarter YoY: +4.4% (accel: +30.6%)",
      "severity": "HIGH"
    },
    {
      "quarter": "2022-09 (Q3)",
      "signal": "FCF TURNED POSITIVE",
      "detail": "FCF margin: -1.1% -> +18.2%",
      "severity": "HIGH"
    },
    {
      "quarter": "2022-09 (Q3)",
      "signal": "YoY REVENUE GROWTH ACCELERATION",
      "detail": "YoY growth: +4.4% vs prior quarter YoY: -1.9% (accel: +6.3%)",
      "severity": "MEDIUM"
    },
    {
      "quarter": "2022-06 (Q2)",
      "signal": "FCF MARGIN EXPANSION",
      "detail": "FCF margin: -25.5% -> -1.1% (+24.4%)",
      "severity": "MEDIUM"
    },
    {
      "quarter": "2022-06 (Q2)",
      "signal": "YoY REVENUE GROWTH ACCELERATION",
      "detail": "YoY growth: -1.9% vs prior quarter YoY: -8.1% (accel: +6.2%)",
      "severity": "MEDIUM"
    },
    {
      "quarter": "2022-06 (Q2)",
      "signal": "INCREMENTAL MARGIN (YoY)",
      "detail": "YoY Incr OPM: +78.5% vs year-ago OPM: +6.0%",
      "severity": "HIGH"
    },
    {
      "quarter": "2022-06 (Q2)",
      "signal": "OP MARGIN TURNED POSITIVE (QoQ)",
      "detail": "Op margin: -8.4% -> +4.6%",
      "severity": "HIGH"
    },
    {
      "quarter": "2022-03 (Q1)",
      "signal": "GROSS MARGIN INFLECTION",
      "detail": "GM: +11.2% -> -17.0% -> +2.5% (reversal +19.5%)",
      "severity": "HIGH"
    },
    {
      "quarter": "2021-12 (Q4)",
      "signal": "FCF TURNED POSITIVE",
      "detail": "FCF margin: -3.3% -> +3.3%",
      "severity": "HIGH"
    },
    {
      "quarter": "2021-06 (Q2)",
      "signal": "FCF MARGIN EXPANSION",
      "detail": "FCF margin: -24.2% -> -4.1% (+20.0%)",
      "severity": "MEDIUM"
    },
    {
      "quarter": "2021-06 (Q2)",
      "signal": "OP MARGIN TURNED POSITIVE (QoQ)",
      "detail": "Op margin: -0.5% -> +6.0%",
      "severity": "HIGH"
    }
  ],
  "data_quality": {
    "n_quarters": 20,
    "coverage": {
      "revenue": [
        20,
        20
      ],
      "gross_profit": [
        20,
        20
      ],
      "op_income": [
        20,
        20
      ],
      "fcf": [
        20,
        20
      ]
    },
    "gaps": [],
    "warnings": []
  },
  "market_cap": null,
  "source": "SEC EDGAR",
  "last_updated": "2026-02-02T19:46:11.670580"
}