{
  "ticker": "BAND",
  "name": "BANDWIDTH INC.",
  "quarters": [
    {
      "date": "2020-12-31T00:00:00",
      "quarter_label": "2020-12 (Q4)",
      "revenue": 113047000,
      "gross_profit": 51690000,
      "operating_income": -12217000,
      "net_income": -19926000,
      "opex": 63907000,
      "cogs": 61357000,
      "rd": 12743000,
      "sga": null,
      "fcf": -9550000,
      "ocf": -6813000,
      "capex": -2737000,
      "gross_margin": 0.4572434474156767,
      "op_margin": -0.10807009473935619,
      "fcf_margin": -0.08447813741187293
    },
    {
      "date": "2021-03-31T00:00:00",
      "quarter_label": "2021-03 (Q1)",
      "revenue": 113479000,
      "gross_profit": 52151000,
      "operating_income": -37000,
      "net_income": -5316000,
      "opex": 52188000,
      "cogs": 61328000,
      "rd": 13333000,
      "sga": null,
      "fcf": 3228000,
      "ocf": 10009000,
      "capex": -6781000,
      "gross_margin": 0.45956520589712635,
      "op_margin": -0.00032605151613955004,
      "fcf_margin": 0.028445791732391014,
      "fcf_margin_change": 0.11292392914426394
    },
    {
      "date": "2021-06-30T00:00:00",
      "quarter_label": "2021-06 (Q2)",
      "revenue": 120658000,
      "gross_profit": 54599000,
      "operating_income": 934000,
      "net_income": -6928000,
      "opex": 53665000,
      "cogs": 66059000,
      "rd": 12817000,
      "sga": null,
      "fcf": -1164000,
      "ocf": -1164000,
      "capex": null,
      "gross_margin": 0.45251040129954084,
      "op_margin": 0.007740887467055645,
      "fcf_margin": -0.009647101725538298,
      "op_leverage_ratio": 2.235314378449449,
      "fcf_margin_change": -0.03809289345792931
    },
    {
      "date": "2021-09-30T00:00:00",
      "quarter_label": "2021-09 (Q3)",
      "revenue": 130638000,
      "gross_profit": 58243000,
      "operating_income": 938000,
      "net_income": -6944000,
      "opex": 57305000,
      "cogs": 72395000,
      "rd": 13359000,
      "sga": null,
      "fcf": 14843000,
      "ocf": 14843000,
      "capex": null,
      "gross_margin": 0.445835055649964,
      "op_margin": 0.007180146664829529,
      "fcf_margin": 0.11361931444143358,
      "op_leverage_ratio": 1.2194504802330226,
      "fcf_margin_change": 0.12326641616697188
    },
    {
      "date": "2021-12-31T00:00:00",
      "quarter_label": "2021-12 (Q4)",
      "revenue": 126132000,
      "gross_profit": 53530000,
      "operating_income": -4072000,
      "net_income": -8174000,
      "opex": 57602000,
      "cogs": 72602000,
      "rd": 15664000,
      "sga": null,
      "fcf": 17115000,
      "ocf": 17115000,
      "capex": null,
      "gross_margin": 0.4243966638125139,
      "op_margin": -0.03228363936193829,
      "fcf_margin": 0.13569118066787175,
      "incr_op_margin_yoy": 0.6224684753534582,
      "rev_growth_yoy": 0.11574831707166046,
      "fcf_margin_change": 0.02207186622643817
    },
    {
      "date": "2022-03-31T00:00:00",
      "quarter_label": "2022-03 (Q1)",
      "revenue": 131364000,
      "gross_profit": 55414000,
      "operating_income": -6870000,
      "net_income": -6814000,
      "opex": 62284000,
      "cogs": 75950000,
      "rd": 22427000,
      "sga": null,
      "fcf": -6695000,
      "ocf": -6695000,
      "capex": null,
      "gross_margin": 0.42183551048993634,
      "op_margin": -0.052297433086690416,
      "fcf_margin": -0.05096525684357967,
      "incr_op_margin_yoy": -0.38205199888174446,
      "rev_growth_yoy": 0.15760625313934737,
      "rev_growth_yoy_accel": 0.04185793606768691,
      "op_leverage_ratio": 0.5103270709544497,
      "fcf_margin_change": -0.18665643751145142
    },
    {
      "date": "2022-06-30T00:00:00",
      "quarter_label": "2022-06 (Q2)",
      "revenue": 136489000,
      "gross_profit": 55404000,
      "operating_income": -9050000,
      "net_income": -6248000,
      "opex": 64454000,
      "cogs": 81085000,
      "rd": 24264000,
      "sga": null,
      "fcf": 7019000,
      "ocf": 7019000,
      "capex": null,
      "gross_margin": 0.40592282161932464,
      "op_margin": -0.06630570961762486,
      "fcf_margin": 0.05142538959183524,
      "incr_op_margin_yoy": -0.6306613606215653,
      "rev_growth_yoy": 0.13120555620016908,
      "rev_growth_yoy_accel": -0.026400696939178292,
      "op_leverage_ratio": 1.1197840257282083,
      "fcf_margin_change": 0.10239064643541491
    },
    {
      "date": "2022-09-30T00:00:00",
      "quarter_label": "2022-09 (Q3)",
      "revenue": 148325000,
      "gross_profit": 63464000,
      "operating_income": -1387000,
      "net_income": -802000,
      "opex": 64851000,
      "cogs": 84861000,
      "rd": 25044000,
      "sga": null,
      "fcf": 24016000,
      "ocf": 24016000,
      "capex": null,
      "gross_margin": 0.42787122872071465,
      "op_margin": -0.009351087139726951,
      "fcf_margin": 0.16191471430979268,
      "incr_op_margin_yoy": -0.1314524792220275,
      "rev_growth_yoy": 0.13538939665334743,
      "rev_growth_yoy_accel": 0.00418384045317835,
      "op_leverage_ratio": 14.078833490479935,
      "fcf_margin_change": 0.11048932471795744
    },
    {
      "date": "2022-12-31T00:00:00",
      "quarter_label": "2022-12 (Q4)",
      "revenue": 156974000,
      "gross_profit": 64071000,
      "operating_income": -7017000,
      "net_income": 33434000,
      "opex": 71088000,
      "cogs": 92903000,
      "rd": 26255000,
      "sga": null,
      "fcf": 10566000,
      "ocf": 10566000,
      "capex": null,
      "gross_margin": 0.4081631352962911,
      "op_margin": -0.04470167034031113,
      "fcf_margin": 0.06731051002076777,
      "incr_op_margin_yoy": -0.09548667401595227,
      "rev_growth_yoy": 0.24452161227919958,
      "rev_growth_yoy_accel": 0.10913221562585215,
      "op_leverage_ratio": 0.606306847823787,
      "fcf_margin_change": -0.09460420428902491
    },
    {
      "date": "2023-03-31T00:00:00",
      "quarter_label": "2023-03 (Q1)",
      "revenue": 137844000,
      "gross_profit": 55653000,
      "operating_income": -11756000,
      "net_income": 3611000,
      "opex": 67409000,
      "cogs": 82191000,
      "rd": 25661000,
      "sga": null,
      "fcf": -6354000,
      "ocf": -6354000,
      "capex": null,
      "gross_margin": 0.40373900931487766,
      "op_margin": -0.08528481471808712,
      "fcf_margin": -0.04609558631496474,
      "incr_op_margin_yoy": -0.7540123456790123,
      "rev_growth_yoy": 0.04932858317347218,
      "rev_growth_yoy_accel": -0.1951930291057274,
      "fcf_margin_change": -0.11340609633573251
    },
    {
      "date": "2023-06-30T00:00:00",
      "quarter_label": "2023-06 (Q2)",
      "revenue": 145874000,
      "gross_profit": 58955000,
      "operating_income": -7519000,
      "net_income": -3890000,
      "opex": 66474000,
      "cogs": 86919000,
      "rd": 24852000,
      "sga": null,
      "fcf": 3086000,
      "ocf": 3086000,
      "capex": null,
      "gross_margin": 0.4041501569847951,
      "op_margin": -0.05154448359543167,
      "fcf_margin": 0.021155243566365493,
      "incr_op_margin_yoy": 0.16313265849760256,
      "rev_growth_yoy": 0.06876011986313915,
      "rev_growth_yoy_accel": 0.01943153668966697,
      "op_leverage_ratio": Infinity,
      "fcf_margin_change": 0.06725082988133024
    },
    {
      "date": "2023-09-30T00:00:00",
      "quarter_label": "2023-09 (Q3)",
      "revenue": 152013000,
      "gross_profit": 59499000,
      "operating_income": -6147000,
      "net_income": -5130000,
      "opex": 65646000,
      "cogs": 92514000,
      "rd": 24792000,
      "sga": null,
      "fcf": 23001000,
      "ocf": 23001000,
      "capex": null,
      "gross_margin": 0.39140731384815775,
      "op_margin": -0.040437331017741905,
      "fcf_margin": 0.15130942748317577,
      "incr_op_margin_yoy": -1.2906724511930585,
      "rev_growth_yoy": 0.024864318220124727,
      "rev_growth_yoy_accel": -0.043895801643014425,
      "op_leverage_ratio": Infinity,
      "fcf_margin_change": 0.13015418391681027
    },
    {
      "date": "2023-12-31T00:00:00",
      "quarter_label": "2023-12 (Q4)",
      "revenue": 165386000,
      "gross_profit": 62050000,
      "operating_income": -10035000,
      "net_income": -10934000,
      "opex": 72085000,
      "cogs": 103336000,
      "rd": 28883000,
      "sga": null,
      "fcf": 19268000,
      "ocf": 19268000,
      "capex": null,
      "gross_margin": 0.3751829054454428,
      "op_margin": -0.06067623619895275,
      "fcf_margin": 0.11650321067079439,
      "incr_op_margin_yoy": -0.3587731811697575,
      "rev_growth_yoy": 0.053588492361792396,
      "rev_growth_yoy_accel": 0.02872417414166767,
      "op_leverage_ratio": 0.8968874725565578,
      "fcf_margin_change": -0.034806216812381385
    },
    {
      "date": "2024-03-31T00:00:00",
      "quarter_label": "2024-03 (Q1)",
      "revenue": 171033000,
      "gross_profit": 65484000,
      "operating_income": -10416000,
      "net_income": -9233000,
      "opex": 75900000,
      "cogs": 105549000,
      "rd": 28912000,
      "sga": null,
      "fcf": 2465000,
      "ocf": 2465000,
      "capex": null,
      "gross_margin": 0.38287348055638387,
      "op_margin": -0.06090052796828682,
      "fcf_margin": 0.014412423333508739,
      "incr_op_margin_yoy": 0.04037482298351863,
      "rev_growth_yoy": 0.24077217724384087,
      "rev_growth_yoy_accel": 0.18718368488204848,
      "op_leverage_ratio": 0.6451629286673398,
      "fcf_margin_change": -0.10209078733728565
    },
    {
      "date": "2024-06-30T00:00:00",
      "quarter_label": "2024-06 (Q2)",
      "revenue": 173602000,
      "gross_profit": 64829000,
      "operating_income": -6074000,
      "net_income": 4055000,
      "opex": 70903000,
      "cogs": 108773000,
      "rd": 28132000,
      "sga": null,
      "fcf": 24436000,
      "ocf": 24436000,
      "capex": null,
      "gross_margin": 0.37343463784979436,
      "op_margin": -0.034988076174237624,
      "fcf_margin": 0.14075874701904356,
      "incr_op_margin_yoy": 0.0521133871898442,
      "rev_growth_yoy": 0.19008185146084977,
      "rev_growth_yoy_accel": -0.0506903257829911,
      "op_leverage_ratio": Infinity,
      "fcf_margin_change": 0.12634632368553483
    },
    {
      "date": "2024-09-30T00:00:00",
      "quarter_label": "2024-09 (Q3)",
      "revenue": 193883000,
      "gross_profit": 73134000,
      "operating_income": -898000,
      "net_income": 413000,
      "opex": 74032000,
      "cogs": 120749000,
      "rd": 30171000,
      "sga": null,
      "fcf": 20464000,
      "ocf": 20464000,
      "capex": null,
      "gross_margin": 0.3772068721858028,
      "op_margin": -0.004631659299680735,
      "fcf_margin": 0.10554819143504073,
      "incr_op_margin_yoy": 0.12536422259374252,
      "rev_growth_yoy": 0.275436969206581,
      "rev_growth_yoy_accel": 0.08535511774573123,
      "op_leverage_ratio": 2.6472422700931264,
      "fcf_margin_change": -0.03521055558400284
    },
    {
      "date": "2024-12-31T00:00:00",
      "quarter_label": "2024-12 (Q4)",
      "revenue": 209969000,
      "gross_profit": 76511000,
      "operating_income": -2671000,
      "net_income": -1759000,
      "opex": 79182000,
      "cogs": 133458000,
      "rd": 31412000,
      "sga": null,
      "fcf": 36518000,
      "ocf": 36518000,
      "capex": null,
      "gross_margin": 0.36439188642132886,
      "op_margin": -0.012720925469950326,
      "fcf_margin": 0.17392091213464844,
      "incr_op_margin_yoy": 0.16517506672947088,
      "rev_growth_yoy": 0.26956937104712614,
      "rev_growth_yoy_accel": -0.005867598159454868,
      "op_leverage_ratio": 1.1926707995098034,
      "fcf_margin_change": 0.06837272069960772
    },
    {
      "date": "2025-03-31T00:00:00",
      "quarter_label": "2025-03 (Q1)",
      "revenue": 174241000,
      "gross_profit": 71512000,
      "operating_income": -4687000,
      "net_income": -3740000,
      "opex": 76199000,
      "cogs": 102729000,
      "rd": 30632000,
      "sga": null,
      "fcf": -3083000,
      "ocf": -3083000,
      "capex": null,
      "gross_margin": 0.4104200503899771,
      "op_margin": -0.02689952422219799,
      "fcf_margin": -0.01769388375870203,
      "incr_op_margin_yoy": 1.785847880299252,
      "rev_growth_yoy": 0.018756614220647477,
      "rev_growth_yoy_accel": -0.25081275682647863,
      "fcf_margin_change": -0.19161479589335048
    },
    {
      "date": "2025-06-30T00:00:00",
      "quarter_label": "2025-06 (Q2)",
      "revenue": 180013000,
      "gross_profit": 71664000,
      "operating_income": -3748000,
      "net_income": -4931000,
      "opex": 75412000,
      "cogs": 108349000,
      "rd": 31749000,
      "sga": null,
      "fcf": 31721000,
      "ocf": 31721000,
      "capex": null,
      "gross_margin": 0.3981045813357924,
      "op_margin": -0.020820718503663623,
      "fcf_margin": 0.17621505113519578,
      "incr_op_margin_yoy": 0.362813913586024,
      "rev_growth_yoy": 0.03692929804956164,
      "rev_growth_yoy_accel": 0.01817268382891416,
      "op_leverage_ratio": Infinity,
      "fcf_margin_change": 0.19390893489389782
    },
    {
      "date": "2025-09-30T00:00:00",
      "quarter_label": "2025-09 (Q3)",
      "revenue": 191895000,
      "gross_profit": 73798000,
      "operating_income": -2008000,
      "net_income": -1241000,
      "opex": 75806000,
      "cogs": 118097000,
      "rd": 33008000,
      "sga": null,
      "fcf": 22239000,
      "ocf": 22239000,
      "capex": null,
      "gross_margin": 0.3845748977305297,
      "op_margin": -0.010464055863883895,
      "fcf_margin": 0.11589150316579379,
      "incr_op_margin_yoy": 0.5583501006036218,
      "rev_growth_yoy": -0.010253606556531517,
      "rev_growth_yoy_accel": -0.04718290460609316,
      "op_leverage_ratio": 12.633681250488367,
      "fcf_margin_change": -0.060323547969401994
    }
  ],
  "signals": [
    {
      "quarter": "2025-09 (Q3)",
      "signal": "OPERATING LEVERAGE",
      "detail": "Rev growth +6.6% vs OpEx growth +0.5% (leverage: 12.6x)",
      "severity": "MEDIUM"
    },
    {
      "quarter": "2025-06 (Q2)",
      "signal": "FCF TURNED POSITIVE",
      "detail": "FCF margin: -1.8% -> +17.6%",
      "severity": "HIGH"
    },
    {
      "quarter": "2025-03 (Q1)",
      "signal": "GROSS MARGIN INFLECTION",
      "detail": "GM: +37.7% -> +36.4% -> +41.0% (reversal +4.6%)",
      "severity": "MEDIUM"
    },
    {
      "quarter": "2025-03 (Q1)",
      "signal": "YoY REVENUE GROWTH DECELERATION",
      "detail": "YoY growth: +1.9% vs prior quarter YoY: +27.0% (decel: -25.1%)",
      "severity": "WARNING"
    },
    {
      "quarter": "2024-12 (Q4)",
      "signal": "FCF MARGIN EXPANSION",
      "detail": "FCF margin: +10.6% -> +17.4% (+6.8%)",
      "severity": "MEDIUM"
    },
    {
      "quarter": "2024-09 (Q3)",
      "signal": "OPERATING LEVERAGE",
      "detail": "Rev growth +11.7% vs OpEx growth +4.4% (leverage: 2.6x)",
      "severity": "MEDIUM"
    },
    {
      "quarter": "2024-09 (Q3)",
      "signal": "YoY REVENUE GROWTH ACCELERATION",
      "detail": "YoY growth: +27.5% vs prior quarter YoY: +19.0% (accel: +8.5%)",
      "severity": "MEDIUM"
    },
    {
      "quarter": "2024-06 (Q2)",
      "signal": "FCF MARGIN EXPANSION",
      "detail": "FCF margin: +1.4% -> +14.1% (+12.6%)",
      "severity": "MEDIUM"
    },
    {
      "quarter": "2024-06 (Q2)",
      "signal": "YoY REVENUE GROWTH DECELERATION",
      "detail": "YoY growth: +19.0% vs prior quarter YoY: +24.1% (decel: -5.1%)",
      "severity": "WARNING"
    },
    {
      "quarter": "2024-03 (Q1)",
      "signal": "YoY REVENUE GROWTH ACCELERATION",
      "detail": "YoY growth: +24.1% vs prior quarter YoY: +5.4% (accel: +18.7%)",
      "severity": "HIGH"
    },
    {
      "quarter": "2023-09 (Q3)",
      "signal": "FCF MARGIN EXPANSION",
      "detail": "FCF margin: +2.1% -> +15.1% (+13.0%)",
      "severity": "MEDIUM"
    },
    {
      "quarter": "2023-06 (Q2)",
      "signal": "FCF TURNED POSITIVE",
      "detail": "FCF margin: -4.6% -> +2.1%",
      "severity": "HIGH"
    },
    {
      "quarter": "2023-03 (Q1)",
      "signal": "YoY REVENUE GROWTH DECELERATION",
      "detail": "YoY growth: +4.9% vs prior quarter YoY: +24.5% (decel: -19.5%)",
      "severity": "WARNING"
    },
    {
      "quarter": "2022-12 (Q4)",
      "signal": "YoY REVENUE GROWTH ACCELERATION",
      "detail": "YoY growth: +24.5% vs prior quarter YoY: +13.5% (accel: +10.9%)",
      "severity": "MEDIUM"
    },
    {
      "quarter": "2022-09 (Q3)",
      "signal": "FCF MARGIN EXPANSION",
      "detail": "FCF margin: +5.1% -> +16.2% (+11.0%)",
      "severity": "MEDIUM"
    },
    {
      "quarter": "2022-09 (Q3)",
      "signal": "OPERATING LEVERAGE",
      "detail": "Rev growth +8.7% vs OpEx growth +0.6% (leverage: 14.1x)",
      "severity": "MEDIUM"
    },
    {
      "quarter": "2022-09 (Q3)",
      "signal": "GROSS MARGIN INFLECTION",
      "detail": "GM: +42.2% -> +40.6% -> +42.8% (reversal +2.2%)",
      "severity": "MEDIUM"
    },
    {
      "quarter": "2022-06 (Q2)",
      "signal": "FCF TURNED POSITIVE",
      "detail": "FCF margin: -5.1% -> +5.1%",
      "severity": "HIGH"
    },
    {
      "quarter": "2021-09 (Q3)",
      "signal": "FCF TURNED POSITIVE",
      "detail": "FCF margin: -1.0% -> +11.4%",
      "severity": "HIGH"
    },
    {
      "quarter": "2021-06 (Q2)",
      "signal": "OPERATING LEVERAGE",
      "detail": "Rev growth +6.3% vs OpEx growth +2.8% (leverage: 2.2x)",
      "severity": "MEDIUM"
    },
    {
      "quarter": "2021-06 (Q2)",
      "signal": "OP MARGIN TURNED POSITIVE (QoQ)",
      "detail": "Op margin: -0.0% -> +0.8%",
      "severity": "HIGH"
    },
    {
      "quarter": "2021-03 (Q1)",
      "signal": "FCF TURNED POSITIVE",
      "detail": "FCF margin: -8.4% -> +2.8%",
      "severity": "HIGH"
    }
  ],
  "data_quality": {
    "n_quarters": 20,
    "coverage": {
      "revenue": [
        20,
        20
      ],
      "gross_profit": [
        20,
        20
      ],
      "op_income": [
        20,
        20
      ],
      "fcf": [
        20,
        20
      ]
    },
    "gaps": [],
    "warnings": []
  },
  "market_cap": null,
  "source": "SEC EDGAR",
  "last_updated": "2026-02-02T22:31:50.952123",
  "sector": "Technology",
  "industry": "Software - Infrastructure"
}