{
  "ticker": "BAX",
  "name": "Baxter International Inc.",
  "sector": "Healthcare",
  "industry": "Medical Instruments & Supplies",
  "quarters": [
    {
      "date": "2021-03-31T00:00:00",
      "quarter_label": "2021-03 (Q1)",
      "revenue": 2946000000,
      "gross_profit": 1145000000,
      "operating_income": 390000000,
      "net_income": 298000000,
      "opex": 755000000,
      "cogs": 1801000000,
      "rd": 128000000,
      "sga": 627000000,
      "fcf": 377000000,
      "ocf": 377000000,
      "capex": null,
      "gross_margin": 0.38866259334691106,
      "op_margin": 0.13238289205702647,
      "fcf_margin": 0.12797012898845891
    },
    {
      "date": "2021-06-30T00:00:00",
      "quarter_label": "2021-06 (Q2)",
      "revenue": 3098000000,
      "gross_profit": 1233000000,
      "operating_income": 424000000,
      "net_income": 298000000,
      "opex": 809000000,
      "cogs": 1865000000,
      "rd": 139000000,
      "sga": 675000000,
      "fcf": 477000000,
      "ocf": 477000000,
      "capex": null,
      "gross_margin": 0.39799870884441574,
      "op_margin": 0.1368624919302776,
      "fcf_margin": 0.1539703034215623,
      "op_leverage_ratio": 0.7213798999270825,
      "fcf_margin_change": 0.026000174433103374
    },
    {
      "date": "2021-09-30T00:00:00",
      "quarter_label": "2021-09 (Q3)",
      "revenue": 3226000000,
      "gross_profit": 1321000000,
      "operating_income": 513000000,
      "net_income": 450000000,
      "opex": 808000000,
      "cogs": 1905000000,
      "rd": 129000000,
      "sga": 680000000,
      "fcf": 675000000,
      "ocf": 675000000,
      "capex": null,
      "gross_margin": 0.40948543087414757,
      "op_margin": 0.15902045877247364,
      "fcf_margin": 0.2092374457532548,
      "op_leverage_ratio": null,
      "fcf_margin_change": 0.055267142331692526
    },
    {
      "date": "2021-12-31T00:00:00",
      "quarter_label": "2021-12 (Q4)",
      "revenue": 3514000000,
      "gross_profit": 1406000000,
      "operating_income": 383000000,
      "net_income": 238000000,
      "opex": 1023000000,
      "cogs": 2108000000,
      "rd": 138000000,
      "sga": 885000000,
      "fcf": 693000000,
      "ocf": 693000000,
      "capex": null,
      "gross_margin": 0.40011383039271486,
      "op_margin": 0.10899260102447353,
      "fcf_margin": 0.19721115537848605,
      "op_leverage_ratio": 0.33550656728038175,
      "fcf_margin_change": -0.012026290374768767
    },
    {
      "date": "2022-03-31T00:00:00",
      "quarter_label": "2022-03 (Q1)",
      "revenue": 3707000000,
      "gross_profit": 1348000000,
      "operating_income": 163000000,
      "net_income": 71000000,
      "opex": 1185000000,
      "cogs": 2359000000,
      "rd": 150000000,
      "sga": 1052000000,
      "fcf": 208000000,
      "ocf": 208000000,
      "capex": null,
      "gross_margin": 0.36363636363636365,
      "op_margin": 0.0439708659293229,
      "fcf_margin": 0.05611006204478015,
      "incr_op_margin_yoy": -0.2982917214191853,
      "rev_growth_yoy": 0.25831636116768497,
      "op_leverage_ratio": 0.3468296127658677,
      "fcf_margin_change": -0.1411010933337059
    },
    {
      "date": "2022-06-30T00:00:00",
      "quarter_label": "2022-06 (Q2)",
      "revenue": 3746000000,
      "gross_profit": 1453000000,
      "operating_income": 340000000,
      "net_income": 252000000,
      "opex": 1113000000,
      "cogs": 2293000000,
      "rd": 148000000,
      "sga": 976000000,
      "fcf": 274000000,
      "ocf": 274000000,
      "capex": null,
      "gross_margin": 0.38788040576615057,
      "op_margin": 0.09076348104644955,
      "fcf_margin": 0.07314468766684463,
      "incr_op_margin_yoy": -0.12962962962962962,
      "rev_growth_yoy": 0.2091672046481601,
      "rev_growth_yoy_accel": -0.04914915651952487,
      "op_leverage_ratio": null,
      "fcf_margin_change": 0.017034625622064488
    },
    {
      "date": "2022-09-30T00:00:00",
      "quarter_label": "2022-09 (Q3)",
      "revenue": 3773000000,
      "gross_profit": 1133000000,
      "operating_income": -2799000000,
      "net_income": -2937000000,
      "opex": 3932000000,
      "cogs": 2640000000,
      "rd": 152000000,
      "sga": 947000000,
      "fcf": 290000000,
      "ocf": 290000000,
      "capex": null,
      "gross_margin": 0.30029154518950435,
      "op_margin": -0.7418499867479459,
      "fcf_margin": 0.07686191359660748,
      "incr_op_margin_yoy": -6.0548446069469835,
      "rev_growth_yoy": 0.16955982641041537,
      "rev_growth_yoy_accel": -0.03960737823774474,
      "fcf_margin_change": 0.0037172259297628407
    },
    {
      "date": "2022-12-31T00:00:00",
      "quarter_label": "2022-12 (Q4)",
      "revenue": 3745000000,
      "gross_profit": 1388000000,
      "operating_income": 353000000,
      "net_income": 181000000,
      "opex": 1035000000,
      "cogs": 2424000000,
      "rd": 155000000,
      "sga": 912000000,
      "fcf": 439000000,
      "ocf": 439000000,
      "capex": null,
      "gross_margin": 0.3706275033377837,
      "op_margin": 0.09425901201602137,
      "fcf_margin": 0.11722296395193592,
      "incr_op_margin_yoy": -0.12987012987012986,
      "rev_growth_yoy": 0.06573705179282868,
      "rev_growth_yoy_accel": -0.10382277461758668,
      "fcf_margin_change": 0.04036105035532844
    },
    {
      "date": "2023-03-31T00:00:00",
      "quarter_label": "2023-03 (Q1)",
      "revenue": 3649000000,
      "gross_profit": 1347000000,
      "operating_income": 186000000,
      "net_income": 44000000,
      "opex": 1161000000,
      "cogs": 2302000000,
      "rd": 164000000,
      "sga": 1010000000,
      "fcf": 479000000,
      "ocf": 479000000,
      "capex": null,
      "gross_margin": 0.36914223074815017,
      "op_margin": 0.05097286927925459,
      "fcf_margin": 0.13126884077829543,
      "incr_op_margin_yoy": -0.39655172413793105,
      "rev_growth_yoy": -0.015646074993256,
      "rev_growth_yoy_accel": -0.08138312678608468,
      "fcf_margin_change": 0.014045876826359507
    },
    {
      "date": "2023-06-30T00:00:00",
      "quarter_label": "2023-06 (Q2)",
      "revenue": 3707000000,
      "gross_profit": 1111000000,
      "operating_income": -17000000,
      "net_income": -141000000,
      "opex": 1128000000,
      "cogs": 2596000000,
      "rd": 165000000,
      "sga": 964000000,
      "fcf": 351000000,
      "ocf": 351000000,
      "capex": null,
      "gross_margin": 0.2997032640949555,
      "op_margin": -0.004585918532506069,
      "fcf_margin": 0.09468572970056649,
      "incr_op_margin_yoy": 9.153846153846153,
      "rev_growth_yoy": -0.010411105178857448,
      "rev_growth_yoy_accel": 0.005234969814398553,
      "op_leverage_ratio": null,
      "fcf_margin_change": -0.036583111077728936
    },
    {
      "date": "2023-09-30T00:00:00",
      "quarter_label": "2023-09 (Q3)",
      "revenue": 3708000000,
      "gross_profit": 1117000000,
      "operating_income": -51000000,
      "net_income": 2508000000,
      "opex": 1168000000,
      "cogs": 2591000000,
      "rd": 166000000,
      "sga": 1002000000,
      "fcf": 365000000,
      "ocf": 365000000,
      "capex": null,
      "gross_margin": 0.3012405609492988,
      "op_margin": -0.013754045307443365,
      "fcf_margin": 0.09843581445523193,
      "incr_op_margin_yoy": -42.276923076923076,
      "rev_growth_yoy": -0.01722767028889478,
      "rev_growth_yoy_accel": -0.006816565110037332,
      "fcf_margin_change": 0.003750084754665442
    },
    {
      "date": "2023-12-31T00:00:00",
      "quarter_label": "2023-12 (Q4)",
      "revenue": 3885000000,
      "gross_profit": 1472000000,
      "operating_income": 329000000,
      "net_income": 245000000,
      "opex": 1143000000,
      "cogs": 2413000000,
      "rd": 172000000,
      "sga": 985000000,
      "fcf": 531000000,
      "ocf": 531000000,
      "capex": null,
      "gross_margin": 0.3788931788931789,
      "op_margin": 0.08468468468468468,
      "fcf_margin": 0.13667953667953667,
      "incr_op_margin_yoy": -0.17142857142857143,
      "rev_growth_yoy": 0.037383177570093455,
      "rev_growth_yoy_accel": 0.05461084785898823,
      "op_leverage_ratio": null,
      "fcf_margin_change": 0.038243722224304735
    },
    {
      "date": "2024-03-31T00:00:00",
      "quarter_label": "2024-03 (Q1)",
      "revenue": 3592000000,
      "gross_profit": 1387000000,
      "operating_income": 187000000,
      "net_income": 37000000,
      "opex": 1200000000,
      "cogs": 2205000000,
      "rd": 176000000,
      "sga": 1027000000,
      "fcf": 163000000,
      "ocf": 163000000,
      "capex": null,
      "gross_margin": 0.3861358574610245,
      "op_margin": 0.05206013363028953,
      "fcf_margin": 0.04537861915367483,
      "incr_op_margin_yoy": -0.017543859649122806,
      "rev_growth_yoy": -0.015620718004932858,
      "rev_growth_yoy_accel": -0.053003895575026314,
      "fcf_margin_change": -0.09130091752586184
    },
    {
      "date": "2024-06-30T00:00:00",
      "quarter_label": "2024-06 (Q2)",
      "revenue": 3812000000,
      "gross_profit": 1431000000,
      "operating_income": -192000000,
      "net_income": -314000000,
      "opex": 1623000000,
      "cogs": 2381000000,
      "rd": 173000000,
      "sga": 1021000000,
      "fcf": 115000000,
      "ocf": 115000000,
      "capex": null,
      "gross_margin": 0.3753934942287513,
      "op_margin": -0.05036726128016789,
      "fcf_margin": 0.030167890870933894,
      "incr_op_margin_yoy": -1.6666666666666667,
      "rev_growth_yoy": 0.0283247909360669,
      "rev_growth_yoy_accel": 0.04394550894099976,
      "op_leverage_ratio": 0.17375096747697802,
      "fcf_margin_change": -0.015210728282740938
    },
    {
      "date": "2024-09-30T00:00:00",
      "quarter_label": "2024-09 (Q3)",
      "revenue": 2699000000,
      "gross_profit": 1033000000,
      "operating_income": 155000000,
      "net_income": 140000000,
      "opex": 878000000,
      "cogs": 1666000000,
      "rd": 129000000,
      "sga": 754000000,
      "fcf": 253000000,
      "ocf": 253000000,
      "capex": null,
      "gross_margin": 0.3827343460540941,
      "op_margin": 0.0574286772878844,
      "fcf_margin": 0.09373842163764357,
      "incr_op_margin_yoy": -0.20416253716551042,
      "rev_growth_yoy": -0.2721143473570658,
      "rev_growth_yoy_accel": -0.3004391382931327,
      "fcf_margin_change": 0.06357053076670967
    },
    {
      "date": "2024-12-31T00:00:00",
      "quarter_label": "2024-12 (Q4)",
      "revenue": 2753000000,
      "gross_profit": 959000000,
      "operating_income": -435000000,
      "net_income": -512000000,
      "opex": 1394000000,
      "cogs": 1794000000,
      "rd": 211000000,
      "sga": 761000000,
      "fcf": 488000000,
      "ocf": 488000000,
      "capex": null,
      "gross_margin": 0.3483472575372321,
      "op_margin": -0.15800944424264438,
      "fcf_margin": 0.1772611696331275,
      "incr_op_margin_yoy": 0.6749116607773852,
      "rev_growth_yoy": -0.2913770913770914,
      "rev_growth_yoy_accel": -0.01926274402002559,
      "op_leverage_ratio": 0.03404361649878939,
      "fcf_margin_change": 0.08352274799548393
    },
    {
      "date": "2025-03-31T00:00:00",
      "quarter_label": "2025-03 (Q1)",
      "revenue": 2625000000,
      "gross_profit": 861000000,
      "operating_income": 58000000,
      "net_income": 126000000,
      "opex": 803000000,
      "cogs": 1764000000,
      "rd": 140000000,
      "sga": 703000000,
      "fcf": -193000000,
      "ocf": -193000000,
      "capex": null,
      "gross_margin": 0.328,
      "op_margin": 0.022095238095238095,
      "fcf_margin": -0.07352380952380952,
      "incr_op_margin_yoy": 0.13340227507755947,
      "rev_growth_yoy": -0.26920935412026725,
      "rev_growth_yoy_accel": 0.022167737256824138,
      "fcf_margin_change": -0.250784979156937
    },
    {
      "date": "2025-06-30T00:00:00",
      "quarter_label": "2025-06 (Q2)",
      "revenue": 2810000000,
      "gross_profit": 991000000,
      "operating_income": 191000000,
      "net_income": 91000000,
      "opex": 800000000,
      "cogs": 1819000000,
      "rd": 134000000,
      "sga": 718000000,
      "fcf": 217000000,
      "ocf": 217000000,
      "capex": null,
      "gross_margin": 0.35266903914590747,
      "op_margin": 0.06797153024911032,
      "fcf_margin": 0.07722419928825623,
      "incr_op_margin_yoy": -0.38223552894211577,
      "rev_growth_yoy": -0.26285414480587616,
      "rev_growth_yoy_accel": 0.006355209314391097,
      "op_leverage_ratio": null,
      "fcf_margin_change": 0.15074800881206574
    },
    {
      "date": "2025-09-30T00:00:00",
      "quarter_label": "2025-09 (Q3)",
      "revenue": 2835000000,
      "gross_profit": 950000000,
      "operating_income": 172000000,
      "net_income": -46000000,
      "opex": 778000000,
      "cogs": 1885000000,
      "rd": 118000000,
      "sga": 708000000,
      "fcf": 237000000,
      "ocf": 237000000,
      "capex": null,
      "gross_margin": 0.3350970017636684,
      "op_margin": 0.060670194003527335,
      "fcf_margin": 0.0835978835978836,
      "incr_op_margin_yoy": 0.125,
      "rev_growth_yoy": 0.05038903297517599,
      "rev_growth_yoy_accel": 0.31324317778105215,
      "fcf_margin_change": 0.00637368430962737
    },
    {
      "date": "2025-12-31T00:00:00",
      "quarter_label": "2025-12 (Q4)",
      "revenue": 2974000000,
      "gross_profit": 577000000,
      "operating_income": -729000000,
      "net_income": -1128000000,
      "opex": 1306000000,
      "cogs": 2397000000,
      "rd": 126000000,
      "sga": 761000000,
      "fcf": 584000000,
      "ocf": 584000000,
      "capex": null,
      "gross_margin": 0.19401479488903833,
      "op_margin": -0.24512441156691325,
      "fcf_margin": 0.19636852723604573,
      "incr_op_margin_yoy": -1.330316742081448,
      "rev_growth_yoy": 0.08027606247729749,
      "rev_growth_yoy_accel": 0.0298870295021215,
      "op_leverage_ratio": 0.07224493613382502,
      "fcf_margin_change": 0.11277064363816212
    }
  ],
  "signals": [
    {
      "quarter": "2025-12 (Q4)",
      "signal": "FCF MARGIN EXPANSION",
      "detail": "FCF margin: +8.4% -> +19.6% (+11.3%)",
      "severity": "MEDIUM"
    },
    {
      "quarter": "2025-09 (Q3)",
      "signal": "YoY REVENUE GROWTH ACCELERATION",
      "detail": "YoY growth: +5.0% vs prior quarter YoY: -26.3% (accel: +31.3%)",
      "severity": "HIGH"
    },
    {
      "quarter": "2025-06 (Q2)",
      "signal": "FCF TURNED POSITIVE",
      "detail": "FCF margin: -7.4% -> +7.7%",
      "severity": "HIGH"
    },
    {
      "quarter": "2025-06 (Q2)",
      "signal": "GROSS MARGIN INFLECTION",
      "detail": "GM: +34.8% -> +32.8% -> +35.3% (reversal +2.5%)",
      "severity": "MEDIUM"
    },
    {
      "quarter": "2025-06 (Q2)",
      "signal": "OP MARGIN TURNED POSITIVE (YoY)",
      "detail": "Op margin: -5.0% (year-ago) -> +6.8%",
      "severity": "HIGH"
    },
    {
      "quarter": "2025-03 (Q1)",
      "signal": "OP MARGIN TURNED POSITIVE (QoQ)",
      "detail": "Op margin: -15.8% -> +2.2%",
      "severity": "HIGH"
    },
    {
      "quarter": "2024-12 (Q4)",
      "signal": "FCF MARGIN EXPANSION",
      "detail": "FCF margin: +9.4% -> +17.7% (+8.4%)",
      "severity": "MEDIUM"
    },
    {
      "quarter": "2024-09 (Q3)",
      "signal": "FCF MARGIN EXPANSION",
      "detail": "FCF margin: +3.0% -> +9.4% (+6.4%)",
      "severity": "MEDIUM"
    },
    {
      "quarter": "2024-09 (Q3)",
      "signal": "YoY REVENUE GROWTH DECELERATION",
      "detail": "YoY growth: -27.2% vs prior quarter YoY: +2.8% (decel: -30.0%)",
      "severity": "WARNING"
    },
    {
      "quarter": "2024-09 (Q3)",
      "signal": "OP MARGIN TURNED POSITIVE (YoY)",
      "detail": "Op margin: -1.4% (year-ago) -> +5.7%",
      "severity": "HIGH"
    },
    {
      "quarter": "2024-09 (Q3)",
      "signal": "OP MARGIN TURNED POSITIVE (QoQ)",
      "detail": "Op margin: -5.0% -> +5.7%",
      "severity": "HIGH"
    },
    {
      "quarter": "2024-03 (Q1)",
      "signal": "YoY REVENUE GROWTH DECELERATION",
      "detail": "YoY growth: -1.6% vs prior quarter YoY: +3.7% (decel: -5.3%)",
      "severity": "WARNING"
    },
    {
      "quarter": "2023-12 (Q4)",
      "signal": "YoY REVENUE GROWTH ACCELERATION",
      "detail": "YoY growth: +3.7% vs prior quarter YoY: -1.7% (accel: +5.5%)",
      "severity": "MEDIUM"
    },
    {
      "quarter": "2023-12 (Q4)",
      "signal": "OP MARGIN TURNED POSITIVE (QoQ)",
      "detail": "Op margin: -1.4% -> +8.5%",
      "severity": "HIGH"
    },
    {
      "quarter": "2023-03 (Q1)",
      "signal": "YoY REVENUE GROWTH DECELERATION",
      "detail": "YoY growth: -1.6% vs prior quarter YoY: +6.6% (decel: -8.1%)",
      "severity": "WARNING"
    },
    {
      "quarter": "2022-12 (Q4)",
      "signal": "GROSS MARGIN INFLECTION",
      "detail": "GM: +38.8% -> +30.0% -> +37.1% (reversal +7.0%)",
      "severity": "HIGH"
    },
    {
      "quarter": "2022-12 (Q4)",
      "signal": "YoY REVENUE GROWTH DECELERATION",
      "detail": "YoY growth: +6.6% vs prior quarter YoY: +17.0% (decel: -10.4%)",
      "severity": "WARNING"
    },
    {
      "quarter": "2022-12 (Q4)",
      "signal": "OP MARGIN TURNED POSITIVE (QoQ)",
      "detail": "Op margin: -74.2% -> +9.4%",
      "severity": "HIGH"
    },
    {
      "quarter": "2022-06 (Q2)",
      "signal": "GROSS MARGIN INFLECTION",
      "detail": "GM: +40.0% -> +36.4% -> +38.8% (reversal +2.4%)",
      "severity": "MEDIUM"
    },
    {
      "quarter": "2021-09 (Q3)",
      "signal": "FCF MARGIN EXPANSION",
      "detail": "FCF margin: +15.4% -> +20.9% (+5.5%)",
      "severity": "MEDIUM"
    }
  ],
  "data_quality": {
    "n_quarters": 20,
    "coverage": {
      "revenue": [
        20,
        20
      ],
      "gross_profit": [
        20,
        20
      ],
      "op_income": [
        20,
        20
      ],
      "fcf": [
        20,
        20
      ]
    },
    "gaps": [],
    "warnings": []
  },
  "market_cap": null,
  "source": "SEC EDGAR",
  "last_updated": "2026-02-24T10:54:55.139096"
}