{
  "ticker": "BB",
  "name": "BlackBerry Limited",
  "quarters": [
    {
      "date": "2021-02-28T00:00:00",
      "quarter_label": "2021-02 (Q1)",
      "revenue": 210000000,
      "gross_profit": 152000000,
      "operating_income": -313000000,
      "net_income": -315000000,
      "opex": 465000000,
      "cogs": 58000000,
      "rd": 48000000,
      "sga": 92000000,
      "fcf": 49000000,
      "ocf": 52000000,
      "capex": -3000000,
      "gross_margin": 0.7238095238095238,
      "op_margin": -1.4904761904761905,
      "fcf_margin": 0.23333333333333334
    },
    {
      "date": "2021-05-31T00:00:00",
      "quarter_label": "2021-05 (Q2)",
      "revenue": 174000000,
      "gross_profit": 114000000,
      "operating_income": -58000000,
      "net_income": -62000000,
      "opex": 172000000,
      "cogs": 60000000,
      "rd": 57000000,
      "sga": 73000000,
      "fcf": -35000000,
      "ocf": -33000000,
      "capex": -2000000,
      "gross_margin": 0.6551724137931034,
      "op_margin": -0.3333333333333333,
      "fcf_margin": -0.20114942528735633,
      "fcf_margin_change": -0.43448275862068964
    },
    {
      "date": "2021-08-31T00:00:00",
      "quarter_label": "2021-08 (Q3)",
      "revenue": 175000000,
      "gross_profit": 112000000,
      "operating_income": -141000000,
      "net_income": -144000000,
      "opex": 253000000,
      "cogs": 63000000,
      "rd": 58000000,
      "sga": 83000000,
      "fcf": 13000000,
      "ocf": 15000000,
      "capex": -2000000,
      "gross_margin": 0.64,
      "op_margin": -0.8057142857142857,
      "fcf_margin": 0.07428571428571429,
      "fcf_margin_change": 0.27543513957307064
    },
    {
      "date": "2021-11-30T00:00:00",
      "quarter_label": "2021-11 (Q4)",
      "revenue": 184000000,
      "gross_profit": 117000000,
      "operating_income": 51000000,
      "net_income": 74000000,
      "opex": 66000000,
      "cogs": 67000000,
      "rd": 57000000,
      "sga": 77000000,
      "fcf": -21000000,
      "ocf": -19000000,
      "capex": -2000000,
      "gross_margin": 0.6358695652173914,
      "op_margin": 0.27717391304347827,
      "fcf_margin": -0.11413043478260869,
      "op_leverage_ratio": Infinity,
      "fcf_margin_change": -0.188416149068323
    },
    {
      "date": "2022-02-28T00:00:00",
      "quarter_label": "2022-02 (Q1)",
      "revenue": 185000000,
      "gross_profit": 124000000,
      "operating_income": 146000000,
      "net_income": 144000000,
      "opex": -22000000,
      "cogs": 61000000,
      "rd": 47000000,
      "sga": 64000000,
      "fcf": 7000000,
      "ocf": 9000000,
      "capex": -2000000,
      "gross_margin": 0.6702702702702703,
      "op_margin": 0.7891891891891892,
      "fcf_margin": 0.03783783783783784,
      "incr_op_margin_yoy": -18.36,
      "rev_growth_yoy": -0.11904761904761904,
      "fcf_margin_change": 0.15196827262044654
    },
    {
      "date": "2022-05-31T00:00:00",
      "quarter_label": "2022-05 (Q2)",
      "revenue": 168000000,
      "gross_profit": 104000000,
      "operating_income": -177000000,
      "net_income": -181000000,
      "opex": 281000000,
      "cogs": 64000000,
      "rd": 53000000,
      "sga": 82000000,
      "fcf": -43000000,
      "ocf": -42000000,
      "capex": -1000000,
      "gross_margin": 0.6190476190476191,
      "op_margin": -1.0535714285714286,
      "fcf_margin": -0.25595238095238093,
      "incr_op_margin_yoy": 19.833333333333332,
      "rev_growth_yoy": -0.034482758620689655,
      "rev_growth_yoy_accel": 0.08456486042692939,
      "fcf_margin_change": -0.29379021879021877
    },
    {
      "date": "2022-08-31T00:00:00",
      "quarter_label": "2022-08 (Q3)",
      "revenue": 168000000,
      "gross_profit": 106000000,
      "operating_income": -47000000,
      "net_income": -54000000,
      "opex": 153000000,
      "cogs": 62000000,
      "rd": 54000000,
      "sga": 86000000,
      "fcf": -27000000,
      "ocf": -24000000,
      "capex": -3000000,
      "gross_margin": 0.6309523809523809,
      "op_margin": -0.27976190476190477,
      "fcf_margin": -0.16071428571428573,
      "incr_op_margin_yoy": -13.428571428571429,
      "rev_growth_yoy": -0.04,
      "rev_growth_yoy_accel": -0.005517241379310346,
      "fcf_margin_change": 0.0952380952380952
    },
    {
      "date": "2022-11-30T00:00:00",
      "quarter_label": "2022-11 (Q4)",
      "revenue": 169000000,
      "gross_profit": 109000000,
      "operating_income": -2000000,
      "net_income": -4000000,
      "opex": 111000000,
      "cogs": 60000000,
      "rd": 52000000,
      "sga": 89000000,
      "fcf": -188000000,
      "ocf": -187000000,
      "capex": -1000000,
      "gross_margin": 0.6449704142011834,
      "op_margin": -0.011834319526627219,
      "fcf_margin": -1.1124260355029585,
      "incr_op_margin_yoy": 3.533333333333333,
      "rev_growth_yoy": -0.08152173913043478,
      "rev_growth_yoy_accel": -0.04152173913043478,
      "fcf_margin_change": -0.9517117497886728
    },
    {
      "date": "2023-02-28T00:00:00",
      "quarter_label": "2023-02 (Q1)",
      "revenue": 151000000,
      "gross_profit": 100000000,
      "operating_income": -499000000,
      "net_income": -495000000,
      "opex": 599000000,
      "cogs": 51000000,
      "rd": 48000000,
      "sga": 83000000,
      "fcf": -11500000,
      "ocf": -9200000,
      "capex": -2300000,
      "gross_margin": 0.6622516556291391,
      "op_margin": -3.3046357615894038,
      "fcf_margin": -0.076158940397351,
      "incr_op_margin_yoy": 18.970588235294116,
      "rev_growth_yoy": -0.1837837837837838,
      "rev_growth_yoy_accel": -0.10226204465334901,
      "fcf_margin_change": 1.0362670951056074
    },
    {
      "date": "2023-05-31T00:00:00",
      "quarter_label": "2023-05 (Q2)",
      "revenue": 373000000,
      "gross_profit": 179000000,
      "operating_income": -11000000,
      "net_income": -11000000,
      "opex": 190000000,
      "cogs": 194000000,
      "rd": 54000000,
      "sga": 99000000,
      "fcf": 97000000,
      "ocf": 99000000,
      "capex": -2000000,
      "gross_margin": 0.47989276139410186,
      "op_margin": -0.029490616621983913,
      "fcf_margin": 0.26005361930294907,
      "incr_op_margin_yoy": 0.8097560975609757,
      "rev_growth_yoy": 1.2202380952380953,
      "rev_growth_yoy_accel": 1.404021879021879,
      "op_leverage_ratio": Infinity,
      "fcf_margin_change": 0.33621255970030006
    },
    {
      "date": "2023-08-31T00:00:00",
      "quarter_label": "2023-08 (Q3)",
      "revenue": 132000000,
      "gross_profit": 85000000,
      "operating_income": -47000000,
      "net_income": -42000000,
      "opex": 132000000,
      "cogs": 47000000,
      "rd": 50000000,
      "sga": 73000000,
      "fcf": -57000000,
      "ocf": -56000000,
      "capex": -1000000,
      "gross_margin": 0.6439393939393939,
      "op_margin": -0.3560606060606061,
      "fcf_margin": -0.4318181818181818,
      "incr_op_margin_yoy": -0.0,
      "rev_growth_yoy": -0.21428571428571427,
      "rev_growth_yoy_accel": -1.4345238095238095,
      "fcf_margin_change": -0.6918718011211309
    },
    {
      "date": "2023-11-30T00:00:00",
      "quarter_label": "2023-11 (Q4)",
      "revenue": 175000000,
      "gross_profit": 127000000,
      "operating_income": -11000000,
      "net_income": -21000000,
      "opex": 138000000,
      "cogs": 48000000,
      "rd": 42000000,
      "sga": 85000000,
      "fcf": -33000000,
      "ocf": -31000000,
      "capex": -2000000,
      "gross_margin": 0.7257142857142858,
      "op_margin": -0.06285714285714286,
      "fcf_margin": -0.18857142857142858,
      "incr_op_margin_yoy": -1.5,
      "rev_growth_yoy": 0.03550295857988166,
      "rev_growth_yoy_accel": 0.24978867286559592,
      "op_leverage_ratio": 7.166666666666666,
      "fcf_margin_change": 0.24324675324675324
    },
    {
      "date": "2024-02-29T00:00:00",
      "quarter_label": "2024-02 (Q1)",
      "revenue": 173000000,
      "gross_profit": 129000000,
      "operating_income": -56000000,
      "net_income": -56000000,
      "opex": 185000000,
      "cogs": 44000000,
      "rd": 40000000,
      "sga": null,
      "fcf": -17600000,
      "ocf": -15500000,
      "capex": -2100000,
      "gross_margin": 0.7456647398843931,
      "op_margin": -0.3236994219653179,
      "fcf_margin": -0.10173410404624278,
      "incr_op_margin_yoy": 20.136363636363637,
      "rev_growth_yoy": 0.1456953642384106,
      "rev_growth_yoy_accel": 0.11019240565852893,
      "fcf_margin_change": 0.0868373245251858
    },
    {
      "date": "2024-05-31T00:00:00",
      "quarter_label": "2024-05 (Q2)",
      "revenue": 144000000,
      "gross_profit": 96000000,
      "operating_income": -39000000,
      "net_income": -42000000,
      "opex": 135000000,
      "cogs": 48000000,
      "rd": 42000000,
      "sga": null,
      "fcf": -16500000,
      "ocf": -15100000,
      "capex": -1400000,
      "gross_margin": 0.6666666666666666,
      "op_margin": -0.2708333333333333,
      "fcf_margin": -0.11458333333333333,
      "incr_op_margin_yoy": 0.1222707423580786,
      "rev_growth_yoy": -0.613941018766756,
      "rev_growth_yoy_accel": -0.7596363830051666,
      "fcf_margin_change": -0.01284922928709055
    },
    {
      "date": "2024-08-31T00:00:00",
      "quarter_label": "2024-08 (Q3)",
      "revenue": 145000000,
      "gross_profit": 94000000,
      "operating_income": -21000000,
      "net_income": -19000000,
      "opex": 115000000,
      "cogs": 51000000,
      "rd": 37000000,
      "sga": null,
      "fcf": -16500000,
      "ocf": -16000000,
      "capex": -500000,
      "gross_margin": 0.6482758620689655,
      "op_margin": -0.14482758620689656,
      "fcf_margin": -0.11379310344827587,
      "incr_op_margin_yoy": 2.0,
      "rev_growth_yoy": 0.09848484848484848,
      "rev_growth_yoy_accel": 0.7124258672516045,
      "fcf_margin_change": 0.0007902298850574613
    },
    {
      "date": "2024-11-30T00:00:00",
      "quarter_label": "2024-11 (Q4)",
      "revenue": 143000000,
      "gross_profit": 112000000,
      "operating_income": 19000000,
      "net_income": -11000000,
      "opex": 93000000,
      "cogs": 31000000,
      "rd": 27000000,
      "sga": null,
      "fcf": 5200000,
      "ocf": 6000000,
      "capex": -800000,
      "gross_margin": 0.7832167832167832,
      "op_margin": 0.13286713286713286,
      "fcf_margin": 0.03636363636363636,
      "incr_op_margin_yoy": -0.9375,
      "rev_growth_yoy": -0.18285714285714286,
      "rev_growth_yoy_accel": -0.28134199134199134,
      "fcf_margin_change": 0.15015673981191224
    },
    {
      "date": "2025-02-28T00:00:00",
      "quarter_label": "2025-02 (Q1)",
      "revenue": 143900000,
      "gross_profit": 105900000,
      "operating_income": -6200000,
      "net_income": -7000000,
      "opex": 112100000,
      "cogs": 38000000,
      "rd": 23800000,
      "sga": null,
      "fcf": 41200000,
      "ocf": 41600000,
      "capex": -400000,
      "gross_margin": 0.7359277275886031,
      "op_margin": -0.043085476025017375,
      "fcf_margin": 0.2863099374565671,
      "incr_op_margin_yoy": -1.711340206185567,
      "rev_growth_yoy": -0.16820809248554913,
      "rev_growth_yoy_accel": 0.014649050371593725,
      "fcf_margin_change": 0.2499463010929307
    },
    {
      "date": "2025-05-31T00:00:00",
      "quarter_label": "2025-05 (Q2)",
      "revenue": 121700000,
      "gross_profit": 90300000,
      "operating_income": 2000000,
      "net_income": 1900000,
      "opex": 88300000,
      "cogs": 31400000,
      "rd": 25000000,
      "sga": null,
      "fcf": -18900000,
      "ocf": -18000000,
      "capex": -900000,
      "gross_margin": 0.741988496302383,
      "op_margin": 0.016433853738701727,
      "fcf_margin": -0.1552999178307313,
      "incr_op_margin_yoy": -1.8385650224215246,
      "rev_growth_yoy": -0.15486111111111112,
      "rev_growth_yoy_accel": 0.013346981374438016,
      "fcf_margin_change": -0.44160985528729835
    },
    {
      "date": "2025-08-31T00:00:00",
      "quarter_label": "2025-08 (Q3)",
      "revenue": 129600000,
      "gross_profit": 96600000,
      "operating_income": 11500000,
      "net_income": 13300000,
      "opex": 85100000,
      "cogs": 33000000,
      "rd": 25600000,
      "sga": null,
      "fcf": 3100000,
      "ocf": 3900000,
      "capex": -800000,
      "gross_margin": 0.7453703703703703,
      "op_margin": 0.08873456790123457,
      "fcf_margin": 0.023919753086419752,
      "incr_op_margin_yoy": -2.1103896103896105,
      "rev_growth_yoy": -0.10620689655172413,
      "rev_growth_yoy_accel": 0.04865421455938698,
      "op_leverage_ratio": Infinity,
      "fcf_margin_change": 0.17921967091715105
    },
    {
      "date": "2025-11-30T00:00:00",
      "quarter_label": "2025-11 (Q4)",
      "revenue": 141800000,
      "gross_profit": 109900000,
      "operating_income": 11900000,
      "net_income": 13700000,
      "opex": 98000000,
      "cogs": 31900000,
      "rd": 29600000,
      "sga": null,
      "fcf": 17400000,
      "ocf": 18300000,
      "capex": -900000,
      "gross_margin": 0.7750352609308886,
      "op_margin": 0.08392101551480959,
      "fcf_margin": 0.1227080394922426,
      "incr_op_margin_yoy": 5.916666666666667,
      "rev_growth_yoy": -0.008391608391608392,
      "rev_growth_yoy_accel": 0.09781528816011574,
      "op_leverage_ratio": 0.6210044023351516,
      "fcf_margin_change": 0.09878828640582285
    }
  ],
  "signals": [
    {
      "quarter": "2025-11 (Q4)",
      "signal": "FCF MARGIN EXPANSION",
      "detail": "FCF margin: +2.4% -> +12.3% (+9.9%)",
      "severity": "MEDIUM"
    },
    {
      "quarter": "2025-11 (Q4)",
      "signal": "YoY REVENUE GROWTH ACCELERATION",
      "detail": "YoY growth: -0.8% vs prior quarter YoY: -10.6% (accel: +9.8%)",
      "severity": "MEDIUM"
    },
    {
      "quarter": "2025-11 (Q4)",
      "signal": "INCREMENTAL MARGIN (YoY)",
      "detail": "YoY Incr OPM: +591.7% vs year-ago OPM: +13.3%",
      "severity": "HIGH"
    },
    {
      "quarter": "2025-08 (Q3)",
      "signal": "FCF TURNED POSITIVE",
      "detail": "FCF margin: -15.5% -> +2.4%",
      "severity": "HIGH"
    },
    {
      "quarter": "2025-08 (Q3)",
      "signal": "OP MARGIN TURNED POSITIVE (YoY)",
      "detail": "Op margin: -14.5% (year-ago) -> +8.9%",
      "severity": "HIGH"
    },
    {
      "quarter": "2025-05 (Q2)",
      "signal": "OP MARGIN TURNED POSITIVE (YoY)",
      "detail": "Op margin: -27.1% (year-ago) -> +1.6%",
      "severity": "HIGH"
    },
    {
      "quarter": "2025-05 (Q2)",
      "signal": "OP MARGIN TURNED POSITIVE (QoQ)",
      "detail": "Op margin: -4.3% -> +1.6%",
      "severity": "HIGH"
    },
    {
      "quarter": "2025-02 (Q1)",
      "signal": "FCF MARGIN EXPANSION",
      "detail": "FCF margin: +3.6% -> +28.6% (+25.0%)",
      "severity": "MEDIUM"
    },
    {
      "quarter": "2024-11 (Q4)",
      "signal": "FCF TURNED POSITIVE",
      "detail": "FCF margin: -11.4% -> +3.6%",
      "severity": "HIGH"
    },
    {
      "quarter": "2024-11 (Q4)",
      "signal": "GROSS MARGIN INFLECTION",
      "detail": "GM: +66.7% -> +64.8% -> +78.3% (reversal +13.5%)",
      "severity": "HIGH"
    },
    {
      "quarter": "2024-11 (Q4)",
      "signal": "YoY REVENUE GROWTH DECELERATION",
      "detail": "YoY growth: -18.3% vs prior quarter YoY: +9.8% (decel: -28.1%)",
      "severity": "WARNING"
    },
    {
      "quarter": "2024-11 (Q4)",
      "signal": "OP MARGIN TURNED POSITIVE (YoY)",
      "detail": "Op margin: -6.3% (year-ago) -> +13.3%",
      "severity": "HIGH"
    },
    {
      "quarter": "2024-11 (Q4)",
      "signal": "OP MARGIN TURNED POSITIVE (QoQ)",
      "detail": "Op margin: -14.5% -> +13.3%",
      "severity": "HIGH"
    },
    {
      "quarter": "2024-08 (Q3)",
      "signal": "YoY REVENUE GROWTH ACCELERATION",
      "detail": "YoY growth: +9.8% vs prior quarter YoY: -61.4% (accel: +71.2%)",
      "severity": "HIGH"
    },
    {
      "quarter": "2024-05 (Q2)",
      "signal": "YoY REVENUE GROWTH DECELERATION",
      "detail": "YoY growth: -61.4% vs prior quarter YoY: +14.6% (decel: -76.0%)",
      "severity": "WARNING"
    },
    {
      "quarter": "2024-02 (Q1)",
      "signal": "FCF MARGIN EXPANSION",
      "detail": "FCF margin: -18.9% -> -10.2% (+8.7%)",
      "severity": "MEDIUM"
    },
    {
      "quarter": "2024-02 (Q1)",
      "signal": "YoY REVENUE GROWTH ACCELERATION",
      "detail": "YoY growth: +14.6% vs prior quarter YoY: +3.6% (accel: +11.0%)",
      "severity": "MEDIUM"
    },
    {
      "quarter": "2023-11 (Q4)",
      "signal": "FCF MARGIN EXPANSION",
      "detail": "FCF margin: -43.2% -> -18.9% (+24.3%)",
      "severity": "MEDIUM"
    },
    {
      "quarter": "2023-11 (Q4)",
      "signal": "OPERATING LEVERAGE",
      "detail": "Rev growth +32.6% vs OpEx growth +4.5% (leverage: 7.2x)",
      "severity": "MEDIUM"
    },
    {
      "quarter": "2023-11 (Q4)",
      "signal": "YoY REVENUE GROWTH ACCELERATION",
      "detail": "YoY growth: +3.6% vs prior quarter YoY: -21.4% (accel: +25.0%)",
      "severity": "HIGH"
    },
    {
      "quarter": "2023-08 (Q3)",
      "signal": "GROSS MARGIN INFLECTION",
      "detail": "GM: +66.2% -> +48.0% -> +64.4% (reversal +16.4%)",
      "severity": "HIGH"
    },
    {
      "quarter": "2023-08 (Q3)",
      "signal": "YoY REVENUE GROWTH DECELERATION",
      "detail": "YoY growth: -21.4% vs prior quarter YoY: +122.0% (decel: -143.5%)",
      "severity": "WARNING"
    },
    {
      "quarter": "2023-05 (Q2)",
      "signal": "FCF TURNED POSITIVE",
      "detail": "FCF margin: -7.6% -> +26.0%",
      "severity": "HIGH"
    },
    {
      "quarter": "2023-05 (Q2)",
      "signal": "YoY REVENUE GROWTH ACCELERATION",
      "detail": "YoY growth: +122.0% vs prior quarter YoY: -18.4% (accel: +140.4%)",
      "severity": "HIGH"
    },
    {
      "quarter": "2023-02 (Q1)",
      "signal": "FCF MARGIN EXPANSION",
      "detail": "FCF margin: -111.2% -> -7.6% (+103.6%)",
      "severity": "MEDIUM"
    },
    {
      "quarter": "2023-02 (Q1)",
      "signal": "YoY REVENUE GROWTH DECELERATION",
      "detail": "YoY growth: -18.4% vs prior quarter YoY: -8.2% (decel: -10.2%)",
      "severity": "WARNING"
    },
    {
      "quarter": "2022-08 (Q3)",
      "signal": "FCF MARGIN EXPANSION",
      "detail": "FCF margin: -25.6% -> -16.1% (+9.5%)",
      "severity": "MEDIUM"
    },
    {
      "quarter": "2022-05 (Q2)",
      "signal": "YoY REVENUE GROWTH ACCELERATION",
      "detail": "YoY growth: -3.4% vs prior quarter YoY: -11.9% (accel: +8.5%)",
      "severity": "MEDIUM"
    },
    {
      "quarter": "2022-02 (Q1)",
      "signal": "FCF TURNED POSITIVE",
      "detail": "FCF margin: -11.4% -> +3.8%",
      "severity": "HIGH"
    },
    {
      "quarter": "2022-02 (Q1)",
      "signal": "GROSS MARGIN INFLECTION",
      "detail": "GM: +64.0% -> +63.6% -> +67.0% (reversal +3.4%)",
      "severity": "MEDIUM"
    },
    {
      "quarter": "2022-02 (Q1)",
      "signal": "OP MARGIN TURNED POSITIVE (YoY)",
      "detail": "Op margin: -149.0% (year-ago) -> +78.9%",
      "severity": "HIGH"
    },
    {
      "quarter": "2021-11 (Q4)",
      "signal": "OP MARGIN TURNED POSITIVE (QoQ)",
      "detail": "Op margin: -80.6% -> +27.7%",
      "severity": "HIGH"
    },
    {
      "quarter": "2021-08 (Q3)",
      "signal": "FCF TURNED POSITIVE",
      "detail": "FCF margin: -20.1% -> +7.4%",
      "severity": "HIGH"
    }
  ],
  "data_quality": {
    "n_quarters": 20,
    "coverage": {
      "revenue": [
        20,
        20
      ],
      "gross_profit": [
        20,
        20
      ],
      "op_income": [
        20,
        20
      ],
      "fcf": [
        20,
        20
      ]
    },
    "gaps": [],
    "warnings": []
  },
  "market_cap": null,
  "source": "SEC EDGAR",
  "last_updated": "2026-02-02T21:32:47.682576",
  "sector": "Technology",
  "industry": "Software - Infrastructure"
}