{
  "ticker": "BBAI",
  "name": "BigBear.ai Holdings, Inc.",
  "quarters": [
    {
      "date": "2021-03-31T00:00:00",
      "quarter_label": "2021-03 (Q1)",
      "revenue": 35570000,
      "gross_profit": 10280000,
      "operating_income": -595106,
      "net_income": -613770,
      "opex": 10875106,
      "cogs": 25290000,
      "rd": 928000,
      "sga": 10114000,
      "fcf": 723000,
      "ocf": 893000,
      "capex": -170000,
      "gross_margin": 0.28900759066629184,
      "op_margin": -0.016730559460219285,
      "fcf_margin": 0.02032611751475963
    },
    {
      "date": "2021-06-30T00:00:00",
      "quarter_label": "2021-06 (Q2)",
      "revenue": 36311000,
      "gross_profit": 9163000,
      "operating_income": -1537939,
      "net_income": -1741439,
      "opex": 10700939,
      "cogs": 27148000,
      "rd": 1867000,
      "sga": 10405000,
      "fcf": -673000,
      "ocf": -561000,
      "capex": -112000,
      "gross_margin": 0.2523477734019994,
      "op_margin": -0.042354630828123706,
      "fcf_margin": -0.018534328440417504,
      "op_leverage_ratio": Infinity,
      "fcf_margin_change": -0.03886044595517713
    },
    {
      "date": "2021-09-30T00:00:00",
      "quarter_label": "2021-09 (Q3)",
      "revenue": 40219000,
      "gross_profit": 10798000,
      "operating_income": -1964218,
      "net_income": -1924883,
      "opex": 12762218,
      "cogs": 29421000,
      "rd": 1363000,
      "sga": 12038000,
      "fcf": 571000,
      "ocf": 890000,
      "capex": -319000,
      "gross_margin": 0.2684800716079465,
      "op_margin": -0.04883806161267063,
      "fcf_margin": 0.014197269947039957,
      "op_leverage_ratio": 0.558729311137076,
      "fcf_margin_change": 0.03273159838745746
    },
    {
      "date": "2021-12-31T00:00:00",
      "quarter_label": "2021-12 (Q4)",
      "revenue": 33478000,
      "gross_profit": 3827000,
      "operating_income": -74374737,
      "net_income": -119271908,
      "opex": 78201737,
      "cogs": 29651000,
      "rd": 1875000,
      "sga": 73950000,
      "fcf": -21048000,
      "ocf": -21004000,
      "capex": -44000,
      "gross_margin": 0.11431387777047614,
      "op_margin": -2.221600364418424,
      "fcf_margin": -0.6287113925563056,
      "fcf_margin_change": -0.6429086625033456
    },
    {
      "date": "2022-03-31T00:00:00",
      "quarter_label": "2022-03 (Q1)",
      "revenue": 36390000,
      "gross_profit": 9867000,
      "operating_income": -16426000,
      "net_income": -18825000,
      "opex": 26293000,
      "cogs": 26523000,
      "rd": 2874000,
      "sga": 22020000,
      "fcf": -7888000,
      "ocf": -7529000,
      "capex": -359000,
      "gross_margin": 0.2711459192085738,
      "op_margin": -0.45138774388568287,
      "fcf_margin": -0.21676284693597142,
      "rev_growth_yoy": 0.023053134664042733,
      "op_leverage_ratio": Infinity,
      "fcf_margin_change": 0.41194854562033417
    },
    {
      "date": "2022-06-30T00:00:00",
      "quarter_label": "2022-06 (Q2)",
      "revenue": 37613000,
      "gross_profit": 9590000,
      "operating_income": -55335000,
      "net_income": -56844000,
      "opex": 64925000,
      "cogs": 28023000,
      "rd": 2535000,
      "sga": 26952000,
      "fcf": -24616000,
      "ocf": -24467000,
      "capex": -149000,
      "gross_margin": 0.2549650386834339,
      "op_margin": -1.471166883790179,
      "fcf_margin": -0.6544545768750166,
      "incr_op_margin_yoy": -41.31878725038403,
      "rev_growth_yoy": 0.03585690286689984,
      "rev_growth_yoy_accel": 0.012803768202857106,
      "op_leverage_ratio": 0.022873748963664214,
      "fcf_margin_change": -0.4376917299390452
    },
    {
      "date": "2022-09-30T00:00:00",
      "quarter_label": "2022-09 (Q3)",
      "revenue": 40651000,
      "gross_profit": 11751000,
      "operating_income": -12395000,
      "net_income": -16110000,
      "opex": 24146000,
      "cogs": 28900000,
      "rd": 1785000,
      "sga": 20233000,
      "fcf": -6622000,
      "ocf": -6394000,
      "capex": -228000,
      "gross_margin": 0.28907037957245824,
      "op_margin": -0.30491254827679515,
      "fcf_margin": -0.16289882167720351,
      "rev_growth_yoy": 0.010741191973942663,
      "rev_growth_yoy_accel": -0.025115710892957176,
      "op_leverage_ratio": Infinity,
      "fcf_margin_change": 0.49155575519781314
    },
    {
      "date": "2022-12-31T00:00:00",
      "quarter_label": "2022-12 (Q4)",
      "revenue": 40357000,
      "gross_profit": 11785000,
      "operating_income": -26371000,
      "net_income": -29895000,
      "opex": 38156000,
      "cogs": 28572000,
      "rd": 1199000,
      "sga": 15570000,
      "fcf": -10561000,
      "ocf": -10528000,
      "capex": -33000,
      "gross_margin": 0.29201873280967366,
      "op_margin": -0.6534430210372426,
      "fcf_margin": -0.2616894219094581,
      "incr_op_margin_yoy": 6.978301642680623,
      "rev_growth_yoy": 0.20547822450564548,
      "rev_growth_yoy_accel": 0.19473703253170283,
      "fcf_margin_change": -0.09879060023225458
    },
    {
      "date": "2023-03-31T00:00:00",
      "quarter_label": "2023-03 (Q1)",
      "revenue": 42154000,
      "gross_profit": 10213000,
      "operating_income": -12032000,
      "net_income": -26214000,
      "opex": 22245000,
      "cogs": 31941000,
      "rd": 1128000,
      "sga": 20362000,
      "fcf": -12017000,
      "ocf": -12017000,
      "capex": null,
      "gross_margin": 0.2422783128528728,
      "op_margin": -0.2854296152203824,
      "fcf_margin": -0.2850737771030033,
      "incr_op_margin_yoy": 0.7623178348369188,
      "rev_growth_yoy": 0.15839516350645783,
      "rev_growth_yoy_accel": -0.04708306099918766,
      "op_leverage_ratio": Infinity,
      "fcf_margin_change": -0.023384355193545203
    },
    {
      "date": "2023-06-30T00:00:00",
      "quarter_label": "2023-06 (Q2)",
      "revenue": 38459000,
      "gross_profit": 8963000,
      "operating_income": -10217000,
      "net_income": -16895000,
      "opex": 19180000,
      "cogs": 29496000,
      "rd": 2225000,
      "sga": 16930000,
      "fcf": -12798000,
      "ocf": -12796000,
      "capex": -2000,
      "gross_margin": 0.23305338152318053,
      "op_margin": -0.26565953352921295,
      "fcf_margin": -0.33276996281754595,
      "rev_growth_yoy": 0.022492223433387394,
      "rev_growth_yoy_accel": -0.13590294007307044,
      "fcf_margin_change": -0.04769618571454265
    },
    {
      "date": "2023-09-30T00:00:00",
      "quarter_label": "2023-09 (Q3)",
      "revenue": 33988000,
      "gross_profit": 8409000,
      "operating_income": -8212000,
      "net_income": 3999000,
      "opex": 16621000,
      "cogs": 25579000,
      "rd": -349000,
      "sga": 15533000,
      "fcf": 6580000,
      "ocf": 6580000,
      "capex": null,
      "gross_margin": 0.2474108508885489,
      "op_margin": -0.24161468753677767,
      "fcf_margin": 0.19359774037895727,
      "incr_op_margin_yoy": -0.6277952874080744,
      "rev_growth_yoy": -0.16390740695185851,
      "rev_growth_yoy_accel": -0.1863996303852459,
      "fcf_margin_change": 0.5263677031965033
    },
    {
      "date": "2023-12-31T00:00:00",
      "quarter_label": "2023-12 (Q4)",
      "revenue": 40563000,
      "gross_profit": 13016000,
      "operating_income": -8573000,
      "net_income": -23522000,
      "opex": 21589000,
      "cogs": 27547000,
      "rd": 2031000,
      "sga": 18232000,
      "fcf": -74000,
      "ocf": -74000,
      "capex": null,
      "gross_margin": 0.32088356383896655,
      "op_margin": -0.21135024529743857,
      "fcf_margin": -0.0018243226585804798,
      "rev_growth_yoy": 0.005104442847585301,
      "rev_growth_yoy_accel": 0.1690118497994438,
      "op_leverage_ratio": 0.647210731712263,
      "fcf_margin_change": -0.19542206303753776
    },
    {
      "date": "2024-03-31T00:00:00",
      "quarter_label": "2024-03 (Q1)",
      "revenue": 33121000,
      "gross_profit": 6986000,
      "operating_income": -98069000,
      "net_income": -125147000,
      "opex": 105055000,
      "cogs": 26135000,
      "rd": 1144000,
      "sga": 16948000,
      "fcf": -14397000,
      "ocf": -14359000,
      "capex": -38000,
      "gross_margin": 0.21092358322514418,
      "op_margin": -2.9609311313064217,
      "fcf_margin": -0.43467890462244496,
      "incr_op_margin_yoy": 9.52474261042843,
      "rev_growth_yoy": -0.21428571428571427,
      "rev_growth_yoy_accel": -0.21939015713329957,
      "fcf_margin_change": -0.4328545819638645
    },
    {
      "date": "2024-06-30T00:00:00",
      "quarter_label": "2024-06 (Q2)",
      "revenue": 39783000,
      "gross_profit": 11063000,
      "operating_income": -16670000,
      "net_income": -11737000,
      "opex": 27733000,
      "cogs": 28720000,
      "rd": 3565000,
      "sga": 23364000,
      "fcf": -7187000,
      "ocf": -7058000,
      "capex": -129000,
      "gross_margin": 0.2780836035492547,
      "op_margin": -0.41902320086469097,
      "fcf_margin": -0.1806550536661388,
      "incr_op_margin_yoy": -4.873867069486405,
      "rev_growth_yoy": 0.03442627213396084,
      "rev_growth_yoy_accel": 0.24871198641967512,
      "op_leverage_ratio": Infinity,
      "fcf_margin_change": 0.2540238509563062
    },
    {
      "date": "2024-09-30T00:00:00",
      "quarter_label": "2024-09 (Q3)",
      "revenue": 41505000,
      "gross_profit": 10766000,
      "operating_income": -10539000,
      "net_income": -12176000,
      "opex": 21305000,
      "cogs": 30739000,
      "rd": 3820000,
      "sga": 17485000,
      "fcf": -2033000,
      "ocf": -1896000,
      "capex": -137000,
      "gross_margin": 0.25939043488736296,
      "op_margin": -0.25392121431152875,
      "fcf_margin": -0.04898205035537887,
      "incr_op_margin_yoy": -0.30956498603166155,
      "rev_growth_yoy": 0.22116629398611273,
      "rev_growth_yoy_accel": 0.18674002185215188,
      "op_leverage_ratio": Infinity,
      "fcf_margin_change": 0.13167300331075993
    },
    {
      "date": "2024-12-31T00:00:00",
      "quarter_label": "2024-12 (Q4)",
      "revenue": 43827000,
      "gross_profit": 16405000,
      "operating_income": -8142000,
      "net_income": -146487000,
      "opex": 24547000,
      "cogs": 27422000,
      "rd": null,
      "sga": 22243000,
      "fcf": -14986000,
      "ocf": -14806000,
      "capex": -180000,
      "gross_margin": 0.37431263832797135,
      "op_margin": -0.18577589157368746,
      "fcf_margin": -0.3419353366646131,
      "incr_op_margin_yoy": 0.13204656862745098,
      "rev_growth_yoy": 0.080467421048739,
      "rev_growth_yoy_accel": -0.14069887293737374,
      "op_leverage_ratio": 0.36764640636638696,
      "fcf_margin_change": -0.29295328630923423
    },
    {
      "date": "2025-03-31T00:00:00",
      "quarter_label": "2025-03 (Q1)",
      "revenue": 34757000,
      "gross_profit": 7388000,
      "operating_income": -21208000,
      "net_income": -61986000,
      "opex": 28596000,
      "cogs": 27369000,
      "rd": null,
      "sga": 22732000,
      "fcf": -6744000,
      "ocf": -6664000,
      "capex": -80000,
      "gross_margin": 0.21256149840319935,
      "op_margin": -0.6101792444687401,
      "fcf_margin": -0.19403285669073855,
      "incr_op_margin_yoy": 46.98105134474328,
      "rev_growth_yoy": 0.04939464388152531,
      "rev_growth_yoy_accel": -0.031072777167213683,
      "fcf_margin_change": 0.14790247997387457
    },
    {
      "date": "2025-06-30T00:00:00",
      "quarter_label": "2025-06 (Q2)",
      "revenue": 32472000,
      "gross_profit": 8113000,
      "operating_income": -90302000,
      "net_income": -228619000,
      "opex": 98415000,
      "cogs": 24359000,
      "rd": 4393000,
      "sga": 21487000,
      "fcf": -3873000,
      "ocf": -3868000,
      "capex": -5000,
      "gross_margin": 0.2498460211874846,
      "op_margin": -2.780918945553092,
      "fcf_margin": -0.1192719881744272,
      "incr_op_margin_yoy": 10.07139926138695,
      "rev_growth_yoy": -0.18377196289872558,
      "rev_growth_yoy_accel": -0.2331666067802509,
      "fcf_margin_change": 0.07476086851631135
    },
    {
      "date": "2025-09-30T00:00:00",
      "quarter_label": "2025-09 (Q3)",
      "revenue": 33143000,
      "gross_profit": 7429000,
      "operating_income": -21861000,
      "net_income": 2521000,
      "opex": 29290000,
      "cogs": 25714000,
      "rd": 3375000,
      "sga": 25255000,
      "fcf": -9773000,
      "ocf": -9585000,
      "capex": -188000,
      "gross_margin": 0.2241498959056211,
      "op_margin": -0.6595962948435568,
      "fcf_margin": -0.29487372899254743,
      "incr_op_margin_yoy": 1.3539823008849559,
      "rev_growth_yoy": -0.2014697024454885,
      "rev_growth_yoy_accel": -0.01769773954676293,
      "op_leverage_ratio": Infinity,
      "fcf_margin_change": -0.17560174081812024
    }
  ],
  "signals": [
    {
      "quarter": "2025-06 (Q2)",
      "signal": "FCF MARGIN EXPANSION",
      "detail": "FCF margin: -19.4% -> -11.9% (+7.5%)",
      "severity": "MEDIUM"
    },
    {
      "quarter": "2025-06 (Q2)",
      "signal": "GROSS MARGIN INFLECTION",
      "detail": "GM: +37.4% -> +21.3% -> +25.0% (reversal +3.7%)",
      "severity": "MEDIUM"
    },
    {
      "quarter": "2025-06 (Q2)",
      "signal": "YoY REVENUE GROWTH DECELERATION",
      "detail": "YoY growth: -18.4% vs prior quarter YoY: +4.9% (decel: -23.3%)",
      "severity": "WARNING"
    },
    {
      "quarter": "2025-03 (Q1)",
      "signal": "FCF MARGIN EXPANSION",
      "detail": "FCF margin: -34.2% -> -19.4% (+14.8%)",
      "severity": "MEDIUM"
    },
    {
      "quarter": "2024-12 (Q4)",
      "signal": "GROSS MARGIN INFLECTION",
      "detail": "GM: +27.8% -> +25.9% -> +37.4% (reversal +11.5%)",
      "severity": "HIGH"
    },
    {
      "quarter": "2024-12 (Q4)",
      "signal": "YoY REVENUE GROWTH DECELERATION",
      "detail": "YoY growth: +8.0% vs prior quarter YoY: +22.1% (decel: -14.1%)",
      "severity": "WARNING"
    },
    {
      "quarter": "2024-09 (Q3)",
      "signal": "FCF MARGIN EXPANSION",
      "detail": "FCF margin: -18.1% -> -4.9% (+13.2%)",
      "severity": "MEDIUM"
    },
    {
      "quarter": "2024-09 (Q3)",
      "signal": "YoY REVENUE GROWTH ACCELERATION",
      "detail": "YoY growth: +22.1% vs prior quarter YoY: +3.4% (accel: +18.7%)",
      "severity": "HIGH"
    },
    {
      "quarter": "2024-06 (Q2)",
      "signal": "FCF MARGIN EXPANSION",
      "detail": "FCF margin: -43.5% -> -18.1% (+25.4%)",
      "severity": "MEDIUM"
    },
    {
      "quarter": "2024-06 (Q2)",
      "signal": "GROSS MARGIN INFLECTION",
      "detail": "GM: +32.1% -> +21.1% -> +27.8% (reversal +6.7%)",
      "severity": "HIGH"
    },
    {
      "quarter": "2024-06 (Q2)",
      "signal": "YoY REVENUE GROWTH ACCELERATION",
      "detail": "YoY growth: +3.4% vs prior quarter YoY: -21.4% (accel: +24.9%)",
      "severity": "HIGH"
    },
    {
      "quarter": "2024-03 (Q1)",
      "signal": "YoY REVENUE GROWTH DECELERATION",
      "detail": "YoY growth: -21.4% vs prior quarter YoY: +0.5% (decel: -21.9%)",
      "severity": "WARNING"
    },
    {
      "quarter": "2023-12 (Q4)",
      "signal": "YoY REVENUE GROWTH ACCELERATION",
      "detail": "YoY growth: +0.5% vs prior quarter YoY: -16.4% (accel: +16.9%)",
      "severity": "HIGH"
    },
    {
      "quarter": "2023-09 (Q3)",
      "signal": "FCF TURNED POSITIVE",
      "detail": "FCF margin: -33.3% -> +19.4%",
      "severity": "HIGH"
    },
    {
      "quarter": "2023-09 (Q3)",
      "signal": "YoY REVENUE GROWTH DECELERATION",
      "detail": "YoY growth: -16.4% vs prior quarter YoY: +2.2% (decel: -18.6%)",
      "severity": "WARNING"
    },
    {
      "quarter": "2023-06 (Q2)",
      "signal": "YoY REVENUE GROWTH DECELERATION",
      "detail": "YoY growth: +2.2% vs prior quarter YoY: +15.8% (decel: -13.6%)",
      "severity": "WARNING"
    },
    {
      "quarter": "2022-12 (Q4)",
      "signal": "YoY REVENUE GROWTH ACCELERATION",
      "detail": "YoY growth: +20.5% vs prior quarter YoY: +1.1% (accel: +19.5%)",
      "severity": "HIGH"
    },
    {
      "quarter": "2022-09 (Q3)",
      "signal": "FCF MARGIN EXPANSION",
      "detail": "FCF margin: -65.4% -> -16.3% (+49.2%)",
      "severity": "MEDIUM"
    },
    {
      "quarter": "2022-09 (Q3)",
      "signal": "GROSS MARGIN INFLECTION",
      "detail": "GM: +27.1% -> +25.5% -> +28.9% (reversal +3.4%)",
      "severity": "MEDIUM"
    },
    {
      "quarter": "2022-03 (Q1)",
      "signal": "FCF MARGIN EXPANSION",
      "detail": "FCF margin: -62.9% -> -21.7% (+41.2%)",
      "severity": "MEDIUM"
    },
    {
      "quarter": "2022-03 (Q1)",
      "signal": "GROSS MARGIN INFLECTION",
      "detail": "GM: +26.8% -> +11.4% -> +27.1% (reversal +15.7%)",
      "severity": "HIGH"
    },
    {
      "quarter": "2021-09 (Q3)",
      "signal": "FCF TURNED POSITIVE",
      "detail": "FCF margin: -1.9% -> +1.4%",
      "severity": "HIGH"
    }
  ],
  "data_quality": {
    "n_quarters": 19,
    "coverage": {
      "revenue": [
        19,
        19
      ],
      "gross_profit": [
        19,
        19
      ],
      "op_income": [
        19,
        19
      ],
      "fcf": [
        19,
        19
      ]
    },
    "gaps": [],
    "warnings": []
  },
  "market_cap": null,
  "source": "SEC EDGAR",
  "last_updated": "2026-02-02T21:25:00.129698",
  "sector": "Technology",
  "industry": "Information Technology Services"
}