{
  "ticker": "BBIO",
  "name": "BridgeBio Pharma, Inc.",
  "quarters": [
    {
      "date": "2020-12-31T00:00:00",
      "quarter_label": "2020-12 (Q4)",
      "revenue": 122000,
      "gross_profit": null,
      "operating_income": -127489000,
      "net_income": null,
      "opex": 127611000,
      "cogs": null,
      "rd": 90174000,
      "sga": 37437000,
      "fcf": -98407000,
      "ocf": -96261000,
      "capex": -2146000,
      "gross_margin": null,
      "op_margin": -1044.9918032786886,
      "fcf_margin": -806.6147540983607
    },
    {
      "date": "2021-03-31T00:00:00",
      "quarter_label": "2021-03 (Q1)",
      "revenue": 462000,
      "gross_profit": null,
      "operating_income": -167504000,
      "net_income": null,
      "opex": 167966000,
      "cogs": null,
      "rd": 122559000,
      "sga": 45407000,
      "fcf": -152726000,
      "ocf": -150765000,
      "capex": -1961000,
      "gross_margin": null,
      "op_margin": -362.56277056277054,
      "fcf_margin": -330.57575757575756,
      "op_leverage_ratio": 8.812717460407734,
      "fcf_margin_change": 476.0389965226031
    },
    {
      "date": "2021-06-30T00:00:00",
      "quarter_label": "2021-06 (Q2)",
      "revenue": 54024000,
      "gross_profit": 53915000,
      "operating_income": -94015000,
      "net_income": null,
      "opex": 148039000,
      "cogs": 109000,
      "rd": 101960000,
      "sga": 45970000,
      "fcf": -94000000,
      "ocf": -91713000,
      "capex": -2287000,
      "gross_margin": 0.9979823782022804,
      "op_margin": -1.740245076262402,
      "fcf_margin": -1.7399674218865688,
      "op_leverage_ratio": Infinity,
      "fcf_margin_change": 328.835790153871
    },
    {
      "date": "2021-09-30T00:00:00",
      "quarter_label": "2021-09 (Q3)",
      "revenue": 2344000,
      "gross_profit": 890000,
      "operating_income": -149499000,
      "net_income": null,
      "opex": 151843000,
      "cogs": 1454000,
      "rd": 104305000,
      "sga": 46084000,
      "fcf": -128023000,
      "ocf": -121561000,
      "capex": -6462000,
      "gross_margin": 0.3796928327645051,
      "op_margin": -63.77943686006826,
      "fcf_margin": -54.61732081911263,
      "fcf_margin_change": -52.87735339722606
    },
    {
      "date": "2021-12-31T00:00:00",
      "quarter_label": "2021-12 (Q4)",
      "revenue": 12886000,
      "gross_profit": 11335000,
      "operating_income": -165614000,
      "net_income": null,
      "opex": 178500000,
      "cogs": 1551000,
      "rd": 122200000,
      "sga": 54749000,
      "fcf": -136431000,
      "ocf": -133895000,
      "capex": -2536000,
      "gross_margin": 0.8796368151482229,
      "op_margin": -12.852242744063325,
      "fcf_margin": -10.587536861710383,
      "incr_op_margin_yoy": -2.986916327170166,
      "rev_growth_yoy": 104.62295081967213,
      "op_leverage_ratio": 25.618217480543183,
      "fcf_margin_change": 44.029783957402245
    },
    {
      "date": "2022-03-31T00:00:00",
      "quarter_label": "2022-03 (Q1)",
      "revenue": 1694000,
      "gross_profit": null,
      "operating_income": -173678000,
      "net_income": null,
      "opex": 175372000,
      "cogs": null,
      "rd": 107649000,
      "sga": 43713000,
      "fcf": -161494000,
      "ocf": -160635000,
      "capex": -859000,
      "gross_margin": null,
      "op_margin": -102.52538370720188,
      "fcf_margin": -95.33293978748524,
      "incr_op_margin_yoy": -5.011363636363637,
      "rev_growth_yoy": 2.6666666666666665,
      "rev_growth_yoy_accel": -101.95628415300546,
      "fcf_margin_change": -84.74540292577487
    },
    {
      "date": "2022-06-30T00:00:00",
      "quarter_label": "2022-06 (Q2)",
      "revenue": 73746000,
      "gross_profit": 73046000,
      "operating_income": -80176000,
      "net_income": null,
      "opex": 153922000,
      "cogs": 700000,
      "rd": 108400000,
      "sga": 36426000,
      "fcf": -32855000,
      "ocf": -30453000,
      "capex": -2402000,
      "gross_margin": 0.9905079597537494,
      "op_margin": -1.0871911696905594,
      "fcf_margin": -0.44551568898652133,
      "incr_op_margin_yoy": 0.7017036811682386,
      "rev_growth_yoy": 0.3650599733451799,
      "rev_growth_yoy_accel": -2.3016066933214865,
      "op_leverage_ratio": Infinity,
      "fcf_margin_change": 94.88742409849873
    },
    {
      "date": "2022-09-30T00:00:00",
      "quarter_label": "2022-09 (Q3)",
      "revenue": 338000,
      "gross_profit": -401000,
      "operating_income": -129116000,
      "net_income": null,
      "opex": 129454000,
      "cogs": 739000,
      "rd": 92511000,
      "sga": 31188000,
      "fcf": -135922000,
      "ocf": -135163000,
      "capex": -759000,
      "gross_margin": -1.1863905325443787,
      "op_margin": -382.0,
      "fcf_margin": -402.1360946745562,
      "incr_op_margin_yoy": -10.161016949152541,
      "rev_growth_yoy": -0.85580204778157,
      "rev_growth_yoy_accel": -1.22086202112675,
      "fcf_margin_change": -401.6905789855697
    },
    {
      "date": "2022-12-31T00:00:00",
      "quarter_label": "2022-12 (Q4)",
      "revenue": 1870000,
      "gross_profit": 1223000,
      "operating_income": -129232000,
      "net_income": null,
      "opex": 131102000,
      "cogs": 647000,
      "rd": 90902000,
      "sga": 31862000,
      "fcf": -94044000,
      "ocf": -93243000,
      "capex": -801000,
      "gross_margin": 0.6540106951871658,
      "op_margin": -69.10802139037433,
      "fcf_margin": -50.29090909090909,
      "incr_op_margin_yoy": -3.302650689905592,
      "rev_growth_yoy": -0.8548812664907651,
      "rev_growth_yoy_accel": 0.0009207812908048618,
      "op_leverage_ratio": 356.0412621359223,
      "fcf_margin_change": 351.8451855836471
    },
    {
      "date": "2023-03-31T00:00:00",
      "quarter_label": "2023-03 (Q1)",
      "revenue": 1826000,
      "gross_profit": 1175000,
      "operating_income": -126163000,
      "net_income": null,
      "opex": 127989000,
      "cogs": 651000,
      "rd": 92861000,
      "sga": 31108000,
      "fcf": -144334000,
      "ocf": -144322000,
      "capex": -12000,
      "gross_margin": 0.6434830230010953,
      "op_margin": -69.09255202628697,
      "fcf_margin": -79.04381161007667,
      "rev_growth_yoy": 0.07792207792207792,
      "rev_growth_yoy_accel": 0.9328033444128431,
      "fcf_margin_change": -28.752902519167584
    },
    {
      "date": "2023-06-30T00:00:00",
      "quarter_label": "2023-06 (Q2)",
      "revenue": 1641000,
      "gross_profit": 1042000,
      "operating_income": -146099000,
      "net_income": null,
      "opex": 147740000,
      "cogs": 599000,
      "rd": 107488000,
      "sga": 36122000,
      "fcf": -113781000,
      "ocf": -113353000,
      "capex": -428000,
      "gross_margin": 0.6349786715417428,
      "op_margin": -89.03046922608166,
      "fcf_margin": -69.33638025594149,
      "incr_op_margin_yoy": 0.9142639206712433,
      "rev_growth_yoy": -0.9777479456512895,
      "rev_growth_yoy_accel": -1.0556700235733674,
      "fcf_margin_change": 9.707431354135181
    },
    {
      "date": "2023-09-30T00:00:00",
      "quarter_label": "2023-09 (Q3)",
      "revenue": 4091000,
      "gross_profit": 3493000,
      "operating_income": -157692000,
      "net_income": null,
      "opex": 161783000,
      "cogs": 598000,
      "rd": 125136000,
      "sga": 35777000,
      "fcf": -145657000,
      "ocf": -145226000,
      "capex": -431000,
      "gross_margin": 0.853825470545099,
      "op_margin": -38.54607675384992,
      "fcf_margin": -35.604253238816916,
      "incr_op_margin_yoy": -7.614175326405542,
      "rev_growth_yoy": 11.103550295857989,
      "rev_growth_yoy_accel": 12.081298241509279,
      "op_leverage_ratio": 15.707088912903227,
      "fcf_margin_change": 33.732127017124576
    },
    {
      "date": "2023-12-31T00:00:00",
      "quarter_label": "2023-12 (Q4)",
      "revenue": 1745000,
      "gross_profit": 1147000,
      "operating_income": -177416000,
      "net_income": null,
      "opex": 179161000,
      "cogs": 598000,
      "rd": 130226000,
      "sga": 47583000,
      "fcf": -125254000,
      "ocf": -124819000,
      "capex": -435000,
      "gross_margin": 0.6573065902578796,
      "op_margin": -101.67106017191978,
      "fcf_margin": -71.77879656160458,
      "rev_growth_yoy": -0.06684491978609626,
      "rev_growth_yoy_accel": -11.170395215644085,
      "fcf_margin_change": -36.17454332278766
    },
    {
      "date": "2024-03-31T00:00:00",
      "quarter_label": "2024-03 (Q1)",
      "revenue": 211120000,
      "gross_profit": 210522000,
      "operating_income": 343000,
      "net_income": null,
      "opex": 210777000,
      "cogs": 598000,
      "rd": 140972000,
      "sga": 65807000,
      "fcf": -220232000,
      "ocf": -219537000,
      "capex": -695000,
      "gross_margin": 0.9971674876847291,
      "op_margin": 0.0016246684350132625,
      "fcf_margin": -1.0431602879878743,
      "incr_op_margin_yoy": 0.6044415988991562,
      "rev_growth_yoy": 114.61883899233297,
      "rev_growth_yoy_accel": 114.68568391211906,
      "op_leverage_ratio": 679.9327310063164,
      "fcf_margin_change": 70.7356362736167
    },
    {
      "date": "2024-06-30T00:00:00",
      "quarter_label": "2024-06 (Q2)",
      "revenue": 2168000,
      "gross_profit": 1570000,
      "operating_income": -175539000,
      "net_income": null,
      "opex": 177707000,
      "cogs": 598000,
      "rd": 114695000,
      "sga": 59523000,
      "fcf": 74649000,
      "ocf": 74703000,
      "capex": -54000,
      "gross_margin": 0.724169741697417,
      "op_margin": -80.96817343173431,
      "fcf_margin": 34.43219557195572,
      "rev_growth_yoy": 0.3211456429006703,
      "rev_growth_yoy_accel": -114.2976933494323,
      "fcf_margin_change": 35.47535585994359
    },
    {
      "date": "2024-09-30T00:00:00",
      "quarter_label": "2024-09 (Q3)",
      "revenue": 2732000,
      "gross_profit": 2134000,
      "operating_income": -191750000,
      "net_income": null,
      "opex": 194482000,
      "cogs": 598000,
      "rd": 120444000,
      "sga": 68819000,
      "fcf": -180703000,
      "ocf": -180566000,
      "capex": -137000,
      "gross_margin": 0.781112737920937,
      "op_margin": -70.18667642752563,
      "fcf_margin": -66.14311859443632,
      "incr_op_margin_yoy": 25.061074319352464,
      "rev_growth_yoy": -0.33219261794182353,
      "rev_growth_yoy_accel": -0.6533382608424938,
      "op_leverage_ratio": 2.7558897058419167,
      "fcf_margin_change": -100.57531416639203
    },
    {
      "date": "2024-12-31T00:00:00",
      "quarter_label": "2024-12 (Q4)",
      "revenue": 5882000,
      "gross_profit": 3798000,
      "operating_income": -226027000,
      "net_income": null,
      "opex": 231909000,
      "cogs": 2084000,
      "rd": 130350000,
      "sga": 94782000,
      "fcf": -195373000,
      "ocf": -195326000,
      "capex": -47000,
      "gross_margin": 0.6456987419245155,
      "op_margin": -38.426895613736825,
      "fcf_margin": -33.21540292417545,
      "incr_op_margin_yoy": -11.75030215131738,
      "rev_growth_yoy": 2.3707736389684815,
      "rev_growth_yoy_accel": 2.702966256910305,
      "op_leverage_ratio": 5.991343969506124,
      "fcf_margin_change": 32.927715670260866
    },
    {
      "date": "2025-03-31T00:00:00",
      "quarter_label": "2025-03 (Q1)",
      "revenue": 116633000,
      "gross_profit": 113994000,
      "operating_income": -104372000,
      "net_income": null,
      "opex": 221005000,
      "cogs": 2639000,
      "rd": 111431000,
      "sga": 106365000,
      "fcf": -199235000,
      "ocf": -199235000,
      "capex": null,
      "gross_margin": 0.9773734706300962,
      "op_margin": -0.8948753783234591,
      "fcf_margin": -1.708221515351573,
      "incr_op_margin_yoy": 1.1082476954501677,
      "rev_growth_yoy": -0.4475511557408109,
      "rev_growth_yoy_accel": -2.818324794709292,
      "op_leverage_ratio": Infinity,
      "fcf_margin_change": 31.507181408823875
    },
    {
      "date": "2025-06-30T00:00:00",
      "quarter_label": "2025-06 (Q2)",
      "revenue": 110565000,
      "gross_profit": 106912000,
      "operating_income": -134278000,
      "net_income": null,
      "opex": 244843000,
      "cogs": 3653000,
      "rd": 111231000,
      "sga": 129154000,
      "fcf": -81275000,
      "ocf": -80681000,
      "capex": -594000,
      "gross_margin": 0.9669606114050558,
      "op_margin": -1.2144711255822367,
      "fcf_margin": -0.7350879573101795,
      "incr_op_margin_yoy": 0.38064706587820696,
      "rev_growth_yoy": 49.99861623616236,
      "rev_growth_yoy_accel": 50.446167391903174,
      "fcf_margin_change": 0.9731335580413935
    },
    {
      "date": "2025-09-30T00:00:00",
      "quarter_label": "2025-09 (Q3)",
      "revenue": 120700000,
      "gross_profit": 114137000,
      "operating_income": -145199000,
      "net_income": null,
      "opex": 265899000,
      "cogs": 6563000,
      "rd": 112874000,
      "sga": 137621000,
      "fcf": -110044000,
      "ocf": -109574000,
      "capex": -470000,
      "gross_margin": 0.9456255178127589,
      "op_margin": -1.2029743164871582,
      "fcf_margin": -0.9117149958574979,
      "incr_op_margin_yoy": 0.39460701207107013,
      "rev_growth_yoy": 43.1800878477306,
      "rev_growth_yoy_accel": -6.818528388431766,
      "op_leverage_ratio": 1.06590353617857,
      "fcf_margin_change": -0.17662703854731843
    }
  ],
  "signals": [
    {
      "quarter": "2025-09 (Q3)",
      "signal": "YoY REVENUE GROWTH DECELERATION",
      "detail": "YoY growth: +4318.0% vs prior quarter YoY: +4999.9% (decel: -681.9%)",
      "severity": "WARNING"
    },
    {
      "quarter": "2025-06 (Q2)",
      "signal": "FCF MARGIN EXPANSION",
      "detail": "FCF margin: -170.8% -> -73.5% (+97.3%)",
      "severity": "MEDIUM"
    },
    {
      "quarter": "2025-06 (Q2)",
      "signal": "YoY REVENUE GROWTH ACCELERATION",
      "detail": "YoY growth: +4999.9% vs prior quarter YoY: -44.8% (accel: +5044.6%)",
      "severity": "HIGH"
    },
    {
      "quarter": "2025-03 (Q1)",
      "signal": "FCF MARGIN EXPANSION",
      "detail": "FCF margin: -3321.5% -> -170.8% (+3150.7%)",
      "severity": "MEDIUM"
    },
    {
      "quarter": "2025-03 (Q1)",
      "signal": "GROSS MARGIN INFLECTION",
      "detail": "GM: +78.1% -> +64.6% -> +97.7% (reversal +33.2%)",
      "severity": "HIGH"
    },
    {
      "quarter": "2025-03 (Q1)",
      "signal": "YoY REVENUE GROWTH DECELERATION",
      "detail": "YoY growth: -44.8% vs prior quarter YoY: +237.1% (decel: -281.8%)",
      "severity": "WARNING"
    },
    {
      "quarter": "2024-12 (Q4)",
      "signal": "FCF MARGIN EXPANSION",
      "detail": "FCF margin: -6614.3% -> -3321.5% (+3292.8%)",
      "severity": "MEDIUM"
    },
    {
      "quarter": "2024-12 (Q4)",
      "signal": "OPERATING LEVERAGE",
      "detail": "Rev growth +115.3% vs OpEx growth +19.2% (leverage: 6.0x)",
      "severity": "MEDIUM"
    },
    {
      "quarter": "2024-12 (Q4)",
      "signal": "YoY REVENUE GROWTH ACCELERATION",
      "detail": "YoY growth: +237.1% vs prior quarter YoY: -33.2% (accel: +270.3%)",
      "severity": "HIGH"
    },
    {
      "quarter": "2024-09 (Q3)",
      "signal": "OPERATING LEVERAGE",
      "detail": "Rev growth +26.0% vs OpEx growth +9.4% (leverage: 2.8x)",
      "severity": "MEDIUM"
    },
    {
      "quarter": "2024-09 (Q3)",
      "signal": "GROSS MARGIN INFLECTION",
      "detail": "GM: +99.7% -> +72.4% -> +78.1% (reversal +5.7%)",
      "severity": "HIGH"
    },
    {
      "quarter": "2024-09 (Q3)",
      "signal": "YoY REVENUE GROWTH DECELERATION",
      "detail": "YoY growth: -33.2% vs prior quarter YoY: +32.1% (decel: -65.3%)",
      "severity": "WARNING"
    },
    {
      "quarter": "2024-06 (Q2)",
      "signal": "FCF TURNED POSITIVE",
      "detail": "FCF margin: -104.3% -> +3443.2%",
      "severity": "HIGH"
    },
    {
      "quarter": "2024-06 (Q2)",
      "signal": "YoY REVENUE GROWTH DECELERATION",
      "detail": "YoY growth: +32.1% vs prior quarter YoY: +11461.9% (decel: -11429.8%)",
      "severity": "WARNING"
    },
    {
      "quarter": "2024-03 (Q1)",
      "signal": "FCF MARGIN EXPANSION",
      "detail": "FCF margin: -7177.9% -> -104.3% (+7073.6%)",
      "severity": "MEDIUM"
    },
    {
      "quarter": "2024-03 (Q1)",
      "signal": "OPERATING LEVERAGE",
      "detail": "Rev growth +11998.6% vs OpEx growth +17.6% (leverage: 679.9x)",
      "severity": "MEDIUM"
    },
    {
      "quarter": "2024-03 (Q1)",
      "signal": "GROSS MARGIN INFLECTION",
      "detail": "GM: +85.4% -> +65.7% -> +99.7% (reversal +34.0%)",
      "severity": "HIGH"
    },
    {
      "quarter": "2024-03 (Q1)",
      "signal": "YoY REVENUE GROWTH ACCELERATION",
      "detail": "YoY growth: +11461.9% vs prior quarter YoY: -6.7% (accel: +11468.6%)",
      "severity": "HIGH"
    },
    {
      "quarter": "2024-03 (Q1)",
      "signal": "OP MARGIN TURNED POSITIVE (YoY)",
      "detail": "Op margin: -6909.3% (year-ago) -> +0.2%",
      "severity": "HIGH"
    },
    {
      "quarter": "2024-03 (Q1)",
      "signal": "OP MARGIN TURNED POSITIVE (QoQ)",
      "detail": "Op margin: -10167.1% -> +0.2%",
      "severity": "HIGH"
    },
    {
      "quarter": "2023-12 (Q4)",
      "signal": "YoY REVENUE GROWTH DECELERATION",
      "detail": "YoY growth: -6.7% vs prior quarter YoY: +1110.4% (decel: -1117.0%)",
      "severity": "WARNING"
    },
    {
      "quarter": "2023-09 (Q3)",
      "signal": "FCF MARGIN EXPANSION",
      "detail": "FCF margin: -6933.6% -> -3560.4% (+3373.2%)",
      "severity": "MEDIUM"
    },
    {
      "quarter": "2023-09 (Q3)",
      "signal": "OPERATING LEVERAGE",
      "detail": "Rev growth +149.3% vs OpEx growth +9.5% (leverage: 15.7x)",
      "severity": "MEDIUM"
    },
    {
      "quarter": "2023-09 (Q3)",
      "signal": "GROSS MARGIN INFLECTION",
      "detail": "GM: +64.3% -> +63.5% -> +85.4% (reversal +21.9%)",
      "severity": "HIGH"
    },
    {
      "quarter": "2023-09 (Q3)",
      "signal": "YoY REVENUE GROWTH ACCELERATION",
      "detail": "YoY growth: +1110.4% vs prior quarter YoY: -97.8% (accel: +1208.1%)",
      "severity": "HIGH"
    },
    {
      "quarter": "2023-06 (Q2)",
      "signal": "FCF MARGIN EXPANSION",
      "detail": "FCF margin: -7904.4% -> -6933.6% (+970.7%)",
      "severity": "MEDIUM"
    },
    {
      "quarter": "2023-06 (Q2)",
      "signal": "YoY REVENUE GROWTH DECELERATION",
      "detail": "YoY growth: -97.8% vs prior quarter YoY: +7.8% (decel: -105.6%)",
      "severity": "WARNING"
    },
    {
      "quarter": "2023-03 (Q1)",
      "signal": "YoY REVENUE GROWTH ACCELERATION",
      "detail": "YoY growth: +7.8% vs prior quarter YoY: -85.5% (accel: +93.3%)",
      "severity": "HIGH"
    },
    {
      "quarter": "2022-12 (Q4)",
      "signal": "FCF MARGIN EXPANSION",
      "detail": "FCF margin: -40213.6% -> -5029.1% (+35184.5%)",
      "severity": "MEDIUM"
    },
    {
      "quarter": "2022-12 (Q4)",
      "signal": "OPERATING LEVERAGE",
      "detail": "Rev growth +453.3% vs OpEx growth +1.3% (leverage: 356.0x)",
      "severity": "MEDIUM"
    },
    {
      "quarter": "2022-12 (Q4)",
      "signal": "GROSS MARGIN INFLECTION",
      "detail": "GM: +99.1% -> -118.6% -> +65.4% (reversal +184.0%)",
      "severity": "HIGH"
    },
    {
      "quarter": "2022-09 (Q3)",
      "signal": "YoY REVENUE GROWTH DECELERATION",
      "detail": "YoY growth: -85.6% vs prior quarter YoY: +36.5% (decel: -122.1%)",
      "severity": "WARNING"
    },
    {
      "quarter": "2022-06 (Q2)",
      "signal": "FCF MARGIN EXPANSION",
      "detail": "FCF margin: -9533.3% -> -44.6% (+9488.7%)",
      "severity": "MEDIUM"
    },
    {
      "quarter": "2022-06 (Q2)",
      "signal": "YoY REVENUE GROWTH DECELERATION",
      "detail": "YoY growth: +36.5% vs prior quarter YoY: +266.7% (decel: -230.2%)",
      "severity": "WARNING"
    },
    {
      "quarter": "2022-03 (Q1)",
      "signal": "YoY REVENUE GROWTH DECELERATION",
      "detail": "YoY growth: +266.7% vs prior quarter YoY: +10462.3% (decel: -10195.6%)",
      "severity": "WARNING"
    },
    {
      "quarter": "2021-12 (Q4)",
      "signal": "FCF MARGIN EXPANSION",
      "detail": "FCF margin: -5461.7% -> -1058.8% (+4403.0%)",
      "severity": "MEDIUM"
    },
    {
      "quarter": "2021-12 (Q4)",
      "signal": "OPERATING LEVERAGE",
      "detail": "Rev growth +449.7% vs OpEx growth +17.6% (leverage: 25.6x)",
      "severity": "MEDIUM"
    },
    {
      "quarter": "2021-12 (Q4)",
      "signal": "GROSS MARGIN INFLECTION",
      "detail": "GM: +99.8% -> +38.0% -> +88.0% (reversal +50.0%)",
      "severity": "HIGH"
    },
    {
      "quarter": "2021-06 (Q2)",
      "signal": "FCF MARGIN EXPANSION",
      "detail": "FCF margin: -33057.6% -> -174.0% (+32883.6%)",
      "severity": "MEDIUM"
    },
    {
      "quarter": "2021-03 (Q1)",
      "signal": "FCF MARGIN EXPANSION",
      "detail": "FCF margin: -80661.5% -> -33057.6% (+47603.9%)",
      "severity": "MEDIUM"
    },
    {
      "quarter": "2021-03 (Q1)",
      "signal": "OPERATING LEVERAGE",
      "detail": "Rev growth +278.7% vs OpEx growth +31.6% (leverage: 8.8x)",
      "severity": "MEDIUM"
    }
  ],
  "data_quality": {
    "n_quarters": 20,
    "coverage": {
      "revenue": [
        20,
        20
      ],
      "gross_profit": [
        17,
        20
      ],
      "op_income": [
        20,
        20
      ],
      "fcf": [
        20,
        20
      ]
    },
    "gaps": [],
    "warnings": []
  },
  "market_cap": null,
  "source": "SEC EDGAR",
  "last_updated": "2026-02-02T20:26:32.165374",
  "sector": "Healthcare",
  "industry": "Biotechnology"
}