{
  "ticker": "BBSI",
  "name": "BARRETT BUSINESS SERVICES, INC.",
  "quarters": [
    {
      "date": "2020-12-31T00:00:00",
      "quarter_label": "2020-12 (Q4)",
      "revenue": 233176000,
      "gross_profit": 50979000,
      "operating_income": 8688000,
      "net_income": 7151000,
      "opex": 42291000,
      "cogs": 182197000,
      "rd": null,
      "sga": 40959000,
      "fcf": 50946000,
      "ocf": 50946000,
      "capex": null,
      "gross_margin": 0.21862884687961026,
      "op_margin": 0.0372594092016331,
      "fcf_margin": 0.2184873228805709
    },
    {
      "date": "2021-03-31T00:00:00",
      "quarter_label": "2021-03 (Q1)",
      "revenue": 218445000,
      "gross_profit": 30865000,
      "operating_income": -7539000,
      "net_income": -4554000,
      "opex": 38404000,
      "cogs": 187580000,
      "rd": null,
      "sga": 37107000,
      "fcf": -7884000,
      "ocf": -7884000,
      "capex": null,
      "gross_margin": 0.1412941472681911,
      "op_margin": -0.03451211975554487,
      "fcf_margin": -0.03609146467074092,
      "fcf_margin_change": -0.2545787875513118
    },
    {
      "date": "2021-06-30T00:00:00",
      "quarter_label": "2021-06 (Q2)",
      "revenue": 233203000,
      "gross_profit": 57473000,
      "operating_income": 20483000,
      "net_income": 17090000,
      "opex": 36990000,
      "cogs": 175730000,
      "rd": null,
      "sga": 35662000,
      "fcf": 10505000,
      "ocf": 10505000,
      "capex": null,
      "gross_margin": 0.24645051736041132,
      "op_margin": 0.08783334691234676,
      "fcf_margin": 0.04504659030973015,
      "op_leverage_ratio": Infinity,
      "fcf_margin_change": 0.08113805498047107
    },
    {
      "date": "2021-09-30T00:00:00",
      "quarter_label": "2021-09 (Q3)",
      "revenue": 246950000,
      "gross_profit": 60235000,
      "operating_income": 17723000,
      "net_income": 14929000,
      "opex": 42512000,
      "cogs": 186715000,
      "rd": null,
      "sga": 41170000,
      "fcf": -62925000,
      "ocf": -62925000,
      "capex": null,
      "gross_margin": 0.24391577242356752,
      "op_margin": 0.07176756428426807,
      "fcf_margin": -0.25480866572180605,
      "op_leverage_ratio": 0.3948769000633001,
      "fcf_margin_change": -0.2998552560315362
    },
    {
      "date": "2021-12-31T00:00:00",
      "quarter_label": "2021-12 (Q4)",
      "revenue": 256568000,
      "gross_profit": 55935000,
      "operating_income": 13256000,
      "net_income": 10614000,
      "opex": 42679000,
      "cogs": 200633000,
      "rd": null,
      "sga": 41320000,
      "fcf": 44845000,
      "ocf": 44845000,
      "capex": null,
      "gross_margin": 0.21801237878457172,
      "op_margin": 0.0516666146986374,
      "fcf_margin": 0.17478797044058494,
      "incr_op_margin_yoy": 0.19528043775649795,
      "rev_growth_yoy": 0.10031907228874326,
      "op_leverage_ratio": 9.91449979571127,
      "fcf_margin_change": 0.42959663616239097
    },
    {
      "date": "2022-03-31T00:00:00",
      "quarter_label": "2022-03 (Q1)",
      "revenue": 246375000,
      "gross_profit": 40353000,
      "operating_income": -1320000,
      "net_income": 288000,
      "opex": 41673000,
      "cogs": 206022000,
      "rd": null,
      "sga": 40165000,
      "fcf": -30209000,
      "ocf": -30209000,
      "capex": null,
      "gross_margin": 0.1637869101978691,
      "op_margin": -0.005357686453576865,
      "fcf_margin": -0.12261390157280569,
      "incr_op_margin_yoy": 0.22266380236305047,
      "rev_growth_yoy": 0.12785827096065372,
      "rev_growth_yoy_accel": 0.02753919867191046,
      "fcf_margin_change": -0.29740187201339063
    },
    {
      "date": "2022-06-30T00:00:00",
      "quarter_label": "2022-06 (Q2)",
      "revenue": 262179000,
      "gross_profit": 66885000,
      "operating_income": 23090000,
      "net_income": 18014000,
      "opex": 43795000,
      "cogs": 195294000,
      "rd": null,
      "sga": 42272000,
      "fcf": -7207000,
      "ocf": -7207000,
      "capex": null,
      "gross_margin": 0.2551119654892268,
      "op_margin": 0.08806960130292663,
      "fcf_margin": -0.027488853035521534,
      "incr_op_margin_yoy": 0.0899710104914412,
      "rev_growth_yoy": 0.12425226090573449,
      "rev_growth_yoy_accel": -0.0036060100549192287,
      "op_leverage_ratio": 1.2597366661071876,
      "fcf_margin_change": 0.09512504853728415
    },
    {
      "date": "2022-09-30T00:00:00",
      "quarter_label": "2022-09 (Q3)",
      "revenue": 273822000,
      "gross_profit": 66901000,
      "operating_income": 22346000,
      "net_income": 17438000,
      "opex": 44555000,
      "cogs": 206921000,
      "rd": null,
      "sga": 43001000,
      "fcf": 34357000,
      "ocf": 34357000,
      "capex": null,
      "gross_margin": 0.24432295432799409,
      "op_margin": 0.08160775978555412,
      "fcf_margin": 0.12547202197047716,
      "incr_op_margin_yoy": 0.172037808871688,
      "rev_growth_yoy": 0.1088155497064183,
      "rev_growth_yoy_accel": -0.015436711199316194,
      "op_leverage_ratio": 2.559045060817228,
      "fcf_margin_change": 0.1529608750059987
    },
    {
      "date": "2022-12-31T00:00:00",
      "quarter_label": "2022-12 (Q4)",
      "revenue": 271950000,
      "gross_profit": 60706000,
      "operating_income": 14859000,
      "net_income": 11528000,
      "opex": 45847000,
      "cogs": 211244000,
      "rd": null,
      "sga": 44204000,
      "fcf": 30837000,
      "ocf": 30837000,
      "capex": null,
      "gross_margin": 0.2232248575105718,
      "op_margin": 0.05463872035300607,
      "fcf_margin": 0.11339216767788196,
      "incr_op_margin_yoy": 0.1042127161617475,
      "rev_growth_yoy": 0.059952916965482834,
      "rev_growth_yoy_accel": -0.04886263274093546,
      "fcf_margin_change": -0.012079854292595199
    },
    {
      "date": "2023-03-31T00:00:00",
      "quarter_label": "2023-03 (Q1)",
      "revenue": 254667000,
      "gross_profit": 41544000,
      "operating_income": -1359000,
      "net_income": 819000,
      "opex": 42903000,
      "cogs": 213123000,
      "rd": null,
      "sga": 41226000,
      "fcf": -26515000,
      "ocf": -26515000,
      "capex": null,
      "gross_margin": 0.1631306765305281,
      "op_margin": -0.0053363804497638095,
      "fcf_margin": -0.10411635586864415,
      "incr_op_margin_yoy": -0.004703328509406657,
      "rev_growth_yoy": 0.03365601217656012,
      "rev_growth_yoy_accel": -0.026296904788922715,
      "fcf_margin_change": -0.2175085235465261
    },
    {
      "date": "2023-06-30T00:00:00",
      "quarter_label": "2023-06 (Q2)",
      "revenue": 264630000,
      "gross_profit": 67046000,
      "operating_income": 21509000,
      "net_income": 17016000,
      "opex": 45537000,
      "cogs": 197584000,
      "rd": null,
      "sga": 43808000,
      "fcf": 3318000,
      "ocf": 3318000,
      "capex": null,
      "gross_margin": 0.25335751804406154,
      "op_margin": 0.08127952235196312,
      "fcf_margin": 0.012538260968144201,
      "incr_op_margin_yoy": -0.6450428396572827,
      "rev_growth_yoy": 0.009348574828647604,
      "rev_growth_yoy_accel": -0.024307437347912516,
      "op_leverage_ratio": 0.6372199273707853,
      "fcf_margin_change": 0.11665461683678835
    },
    {
      "date": "2023-09-30T00:00:00",
      "quarter_label": "2023-09 (Q3)",
      "revenue": 273328000,
      "gross_profit": 68329000,
      "operating_income": 22302000,
      "net_income": 18219000,
      "opex": 46027000,
      "cogs": 204999000,
      "rd": null,
      "sga": 44160000,
      "fcf": 33196000,
      "ocf": 33196000,
      "capex": null,
      "gross_margin": 0.2499890241760815,
      "op_margin": 0.0815942750102441,
      "fcf_margin": 0.12145115026634666,
      "rev_growth_yoy": -0.0018040917092125542,
      "rev_growth_yoy_accel": -0.011152666537860158,
      "op_leverage_ratio": 3.0545600133262694,
      "fcf_margin_change": 0.10891288929820246
    },
    {
      "date": "2023-12-31T00:00:00",
      "quarter_label": "2023-12 (Q4)",
      "revenue": 276682000,
      "gross_profit": 65613000,
      "operating_income": 18198000,
      "net_income": 14558000,
      "opex": 47415000,
      "cogs": 211069000,
      "rd": null,
      "sga": 45578000,
      "fcf": 57223000,
      "ocf": 57223000,
      "capex": null,
      "gross_margin": 0.23714227886165345,
      "op_margin": 0.06577225840495587,
      "fcf_margin": 0.20681865824303713,
      "incr_op_margin_yoy": 0.7056213017751479,
      "rev_growth_yoy": 0.0174002574002574,
      "rev_growth_yoy_accel": 0.019204349109469953,
      "op_leverage_ratio": 0.40691353652897594,
      "fcf_margin_change": 0.08536750797669047
    },
    {
      "date": "2024-03-31T00:00:00",
      "quarter_label": "2024-03 (Q1)",
      "revenue": 265782000,
      "gross_profit": 39567000,
      "operating_income": -4699000,
      "net_income": -136000,
      "opex": 44266000,
      "cogs": 226215000,
      "rd": null,
      "sga": 42414000,
      "fcf": 8979000,
      "ocf": 8979000,
      "capex": null,
      "gross_margin": 0.14887012664514526,
      "op_margin": -0.0176799030784628,
      "fcf_margin": 0.03378332618461747,
      "incr_op_margin_yoy": -0.3004948268106163,
      "rev_growth_yoy": 0.043645230830849695,
      "rev_growth_yoy_accel": 0.026244973430592296,
      "fcf_margin_change": -0.17303533205841967
    },
    {
      "date": "2024-06-30T00:00:00",
      "quarter_label": "2024-06 (Q2)",
      "revenue": 279651000,
      "gross_profit": 67897000,
      "operating_income": 20408000,
      "net_income": 16701000,
      "opex": 47489000,
      "cogs": 211754000,
      "rd": null,
      "sga": 45577000,
      "fcf": -51332000,
      "ocf": -51332000,
      "capex": null,
      "gross_margin": 0.24279190848593427,
      "op_margin": 0.07297667449785626,
      "fcf_margin": -0.18355736256977448,
      "incr_op_margin_yoy": -0.07329738366287197,
      "rev_growth_yoy": 0.05676227185126403,
      "rev_growth_yoy_accel": 0.013117041020414333,
      "op_leverage_ratio": 0.7166870500269068,
      "fcf_margin_change": -0.21734068875439194
    },
    {
      "date": "2024-09-30T00:00:00",
      "quarter_label": "2024-09 (Q3)",
      "revenue": 294278000,
      "gross_profit": 74412000,
      "operating_income": 23453000,
      "net_income": 19628000,
      "opex": 50959000,
      "cogs": 219866000,
      "rd": null,
      "sga": 49060000,
      "fcf": -935000,
      "ocf": -935000,
      "capex": null,
      "gross_margin": 0.2528629391255887,
      "op_margin": 0.07969674933226405,
      "fcf_margin": -0.003177267753620726,
      "incr_op_margin_yoy": 0.05494033412887828,
      "rev_growth_yoy": 0.07664783703096646,
      "rev_growth_yoy_accel": 0.019885565179702434,
      "op_leverage_ratio": 0.7158177024621375,
      "fcf_margin_change": 0.18038009481615375
    },
    {
      "date": "2024-12-31T00:00:00",
      "quarter_label": "2024-12 (Q4)",
      "revenue": 304820000,
      "gross_profit": 71375000,
      "operating_income": 20619000,
      "net_income": 16800000,
      "opex": 50756000,
      "cogs": 233445000,
      "rd": null,
      "sga": 48818000,
      "fcf": 53375000,
      "ocf": 53375000,
      "capex": null,
      "gross_margin": 0.23415458303260941,
      "op_margin": 0.06764319926514008,
      "fcf_margin": 0.1751033396758743,
      "incr_op_margin_yoy": 0.0860402302935532,
      "rev_growth_yoy": 0.10169797818434159,
      "rev_growth_yoy_accel": 0.02505014115337513,
      "op_leverage_ratio": Infinity,
      "fcf_margin_change": 0.17828060742949503
    },
    {
      "date": "2025-03-31T00:00:00",
      "quarter_label": "2025-03 (Q1)",
      "revenue": 292566000,
      "gross_profit": 42624000,
      "operating_income": -4172000,
      "net_income": -1021000,
      "opex": 46796000,
      "cogs": 249942000,
      "rd": null,
      "sga": 44838000,
      "fcf": 5211000,
      "ocf": 5211000,
      "capex": null,
      "gross_margin": 0.14569020323619286,
      "op_margin": -0.014260030215404387,
      "fcf_margin": 0.01781136564057341,
      "incr_op_margin_yoy": 0.019675925925925927,
      "rev_growth_yoy": 0.10077431880262772,
      "rev_growth_yoy_accel": -0.0009236593817138761,
      "fcf_margin_change": -0.15729197403530087
    },
    {
      "date": "2025-06-30T00:00:00",
      "quarter_label": "2025-06 (Q2)",
      "revenue": 307657000,
      "gross_profit": 73259000,
      "operating_income": 23033000,
      "net_income": 18454000,
      "opex": 50226000,
      "cogs": 234398000,
      "rd": null,
      "sga": 48188000,
      "fcf": -53816000,
      "ocf": -53816000,
      "capex": null,
      "gross_margin": 0.2381190741637603,
      "op_margin": 0.07486584085523813,
      "fcf_margin": -0.17492207230779733,
      "incr_op_margin_yoy": 0.09372991501821039,
      "rev_growth_yoy": 0.10014625372339094,
      "rev_growth_yoy_accel": -0.0006280650792367809,
      "op_leverage_ratio": 0.7037343944659049,
      "fcf_margin_change": -0.19273343794837072
    },
    {
      "date": "2025-09-30T00:00:00",
      "quarter_label": "2025-09 (Q3)",
      "revenue": 318949000,
      "gross_profit": 76765000,
      "operating_income": 24782000,
      "net_income": 20619000,
      "opex": 51983000,
      "cogs": 242184000,
      "rd": null,
      "sga": 49886000,
      "fcf": 38428000,
      "ocf": 38428000,
      "capex": null,
      "gross_margin": 0.2406811120273147,
      "op_margin": 0.0776989424641557,
      "fcf_margin": 0.12048321204957532,
      "incr_op_margin_yoy": 0.05386891492035183,
      "rev_growth_yoy": 0.08383569278029618,
      "rev_growth_yoy_accel": -0.016310560943094757,
      "op_leverage_ratio": 1.0492063235741789,
      "fcf_margin_change": 0.2954052843573727
    }
  ],
  "signals": [
    {
      "quarter": "2025-09 (Q3)",
      "signal": "FCF TURNED POSITIVE",
      "detail": "FCF margin: -17.5% -> +12.0%",
      "severity": "HIGH"
    },
    {
      "quarter": "2025-06 (Q2)",
      "signal": "GROSS MARGIN INFLECTION",
      "detail": "GM: +23.4% -> +14.6% -> +23.8% (reversal +9.2%)",
      "severity": "HIGH"
    },
    {
      "quarter": "2025-06 (Q2)",
      "signal": "OP MARGIN TURNED POSITIVE (QoQ)",
      "detail": "Op margin: -1.4% -> +7.5%",
      "severity": "HIGH"
    },
    {
      "quarter": "2024-12 (Q4)",
      "signal": "FCF TURNED POSITIVE",
      "detail": "FCF margin: -0.3% -> +17.5%",
      "severity": "HIGH"
    },
    {
      "quarter": "2024-09 (Q3)",
      "signal": "FCF MARGIN EXPANSION",
      "detail": "FCF margin: -18.4% -> -0.3% (+18.0%)",
      "severity": "MEDIUM"
    },
    {
      "quarter": "2024-06 (Q2)",
      "signal": "GROSS MARGIN INFLECTION",
      "detail": "GM: +23.7% -> +14.9% -> +24.3% (reversal +9.4%)",
      "severity": "HIGH"
    },
    {
      "quarter": "2024-06 (Q2)",
      "signal": "OP MARGIN TURNED POSITIVE (QoQ)",
      "detail": "Op margin: -1.8% -> +7.3%",
      "severity": "HIGH"
    },
    {
      "quarter": "2023-12 (Q4)",
      "signal": "FCF MARGIN EXPANSION",
      "detail": "FCF margin: +12.1% -> +20.7% (+8.5%)",
      "severity": "MEDIUM"
    },
    {
      "quarter": "2023-12 (Q4)",
      "signal": "INCREMENTAL MARGIN (YoY)",
      "detail": "YoY Incr OPM: +70.6% vs year-ago OPM: +5.5%",
      "severity": "HIGH"
    },
    {
      "quarter": "2023-09 (Q3)",
      "signal": "FCF MARGIN EXPANSION",
      "detail": "FCF margin: +1.3% -> +12.1% (+10.9%)",
      "severity": "MEDIUM"
    },
    {
      "quarter": "2023-09 (Q3)",
      "signal": "OPERATING LEVERAGE",
      "detail": "Rev growth +3.3% vs OpEx growth +1.1% (leverage: 3.1x)",
      "severity": "MEDIUM"
    },
    {
      "quarter": "2023-06 (Q2)",
      "signal": "FCF TURNED POSITIVE",
      "detail": "FCF margin: -10.4% -> +1.3%",
      "severity": "HIGH"
    },
    {
      "quarter": "2023-06 (Q2)",
      "signal": "GROSS MARGIN INFLECTION",
      "detail": "GM: +22.3% -> +16.3% -> +25.3% (reversal +9.0%)",
      "severity": "HIGH"
    },
    {
      "quarter": "2023-06 (Q2)",
      "signal": "OP MARGIN TURNED POSITIVE (QoQ)",
      "detail": "Op margin: -0.5% -> +8.1%",
      "severity": "HIGH"
    },
    {
      "quarter": "2022-09 (Q3)",
      "signal": "FCF TURNED POSITIVE",
      "detail": "FCF margin: -2.7% -> +12.5%",
      "severity": "HIGH"
    },
    {
      "quarter": "2022-09 (Q3)",
      "signal": "OPERATING LEVERAGE",
      "detail": "Rev growth +4.4% vs OpEx growth +1.7% (leverage: 2.6x)",
      "severity": "MEDIUM"
    },
    {
      "quarter": "2022-09 (Q3)",
      "signal": "INCREMENTAL MARGIN (YoY)",
      "detail": "YoY Incr OPM: +17.2% vs year-ago OPM: +7.2%",
      "severity": "MEDIUM"
    },
    {
      "quarter": "2022-06 (Q2)",
      "signal": "FCF MARGIN EXPANSION",
      "detail": "FCF margin: -12.3% -> -2.7% (+9.5%)",
      "severity": "MEDIUM"
    },
    {
      "quarter": "2022-06 (Q2)",
      "signal": "GROSS MARGIN INFLECTION",
      "detail": "GM: +21.8% -> +16.4% -> +25.5% (reversal +9.1%)",
      "severity": "HIGH"
    },
    {
      "quarter": "2022-06 (Q2)",
      "signal": "OP MARGIN TURNED POSITIVE (QoQ)",
      "detail": "Op margin: -0.5% -> +8.8%",
      "severity": "HIGH"
    },
    {
      "quarter": "2021-12 (Q4)",
      "signal": "FCF TURNED POSITIVE",
      "detail": "FCF margin: -25.5% -> +17.5%",
      "severity": "HIGH"
    },
    {
      "quarter": "2021-12 (Q4)",
      "signal": "OPERATING LEVERAGE",
      "detail": "Rev growth +3.9% vs OpEx growth +0.4% (leverage: 9.9x)",
      "severity": "MEDIUM"
    },
    {
      "quarter": "2021-12 (Q4)",
      "signal": "INCREMENTAL MARGIN (YoY)",
      "detail": "YoY Incr OPM: +19.5% vs year-ago OPM: +3.7%",
      "severity": "MEDIUM"
    },
    {
      "quarter": "2021-06 (Q2)",
      "signal": "FCF TURNED POSITIVE",
      "detail": "FCF margin: -3.6% -> +4.5%",
      "severity": "HIGH"
    },
    {
      "quarter": "2021-06 (Q2)",
      "signal": "GROSS MARGIN INFLECTION",
      "detail": "GM: +21.9% -> +14.1% -> +24.6% (reversal +10.5%)",
      "severity": "HIGH"
    },
    {
      "quarter": "2021-06 (Q2)",
      "signal": "OP MARGIN TURNED POSITIVE (QoQ)",
      "detail": "Op margin: -3.5% -> +8.8%",
      "severity": "HIGH"
    }
  ],
  "data_quality": {
    "n_quarters": 20,
    "coverage": {
      "revenue": [
        20,
        20
      ],
      "gross_profit": [
        20,
        20
      ],
      "op_income": [
        20,
        20
      ],
      "fcf": [
        20,
        20
      ]
    },
    "gaps": [],
    "warnings": []
  },
  "market_cap": null,
  "source": "SEC EDGAR",
  "last_updated": "2026-02-02T22:02:25.315276"
}