{
  "ticker": "BBWI",
  "name": "BATH & BODY WORKS, INC.",
  "quarters": [
    {
      "date": "2021-01-30T00:00:00",
      "quarter_label": "2021-01 (Q1)",
      "revenue": 4819000000,
      "gross_profit": 2309000000,
      "operating_income": 1273000000,
      "net_income": 859000000,
      "opex": 1036000000,
      "cogs": 2511000000,
      "rd": null,
      "sga": 1034000000,
      "fcf": 1305000000,
      "ocf": 1333000000,
      "capex": -28000000,
      "gross_margin": 0.4791450508404233,
      "op_margin": 0.2641626893546379,
      "fcf_margin": 0.27080307117659264
    },
    {
      "date": "2021-05-01T00:00:00",
      "quarter_label": "2021-05 (Q2)",
      "revenue": 3024000000,
      "gross_profit": 1414000000,
      "operating_income": 572000000,
      "net_income": 277000000,
      "opex": 842000000,
      "cogs": 1610000000,
      "rd": null,
      "sga": 842000000,
      "fcf": 184000000,
      "ocf": 249000000,
      "capex": -65000000,
      "gross_margin": 0.4675925925925926,
      "op_margin": 0.18915343915343916,
      "fcf_margin": 0.06084656084656084,
      "fcf_margin_change": -0.2099565103300318
    },
    {
      "date": "2021-07-31T00:00:00",
      "quarter_label": "2021-07 (Q3)",
      "revenue": 3318000000,
      "gross_profit": 1498000000,
      "operating_income": 599000000,
      "net_income": 374000000,
      "opex": 899000000,
      "cogs": 1820000000,
      "rd": null,
      "sga": 899000000,
      "fcf": 211000000,
      "ocf": 324000000,
      "capex": -113000000,
      "gross_margin": 0.45147679324894513,
      "op_margin": 0.18053044002411092,
      "fcf_margin": 0.06359252561784208,
      "op_leverage_ratio": 1.4361598440545809,
      "fcf_margin_change": 0.002745964771281237
    },
    {
      "date": "2021-10-30T00:00:00",
      "quarter_label": "2021-10 (Q4)",
      "revenue": 1681000000,
      "gross_profit": 839000000,
      "operating_income": 409000000,
      "net_income": 88000000,
      "opex": 430000000,
      "cogs": 842000000,
      "rd": null,
      "sga": 430000000,
      "fcf": -189000000,
      "ocf": -126000000,
      "capex": -63000000,
      "gross_margin": 0.4991076740035693,
      "op_margin": 0.2433075550267698,
      "fcf_margin": -0.1124330755502677,
      "fcf_margin_change": -0.17602560116810978
    },
    {
      "date": "2022-01-29T00:00:00",
      "quarter_label": "2022-01 (Q1)",
      "revenue": 3027000000,
      "gross_profit": 1446000000,
      "operating_income": 879000000,
      "net_income": 594000000,
      "opex": 567000000,
      "cogs": 1582000000,
      "rd": null,
      "sga": 567000000,
      "fcf": 1016000000,
      "ocf": 1045000000,
      "capex": -29000000,
      "gross_margin": 0.47770069375619423,
      "op_margin": 0.29038652130822595,
      "fcf_margin": 0.3356458539808391,
      "incr_op_margin_yoy": 0.21986607142857142,
      "rev_growth_yoy": -0.37186138202946667,
      "op_leverage_ratio": 2.5131894900932275,
      "fcf_margin_change": 0.44807892953110684
    },
    {
      "date": "2022-04-30T00:00:00",
      "quarter_label": "2022-04 (Q2)",
      "revenue": 1450000000,
      "gross_profit": 669000000,
      "operating_income": 280000000,
      "net_income": 155000000,
      "opex": 389000000,
      "cogs": 781000000,
      "rd": null,
      "sga": 389000000,
      "fcf": -22000000,
      "ocf": 66000000,
      "capex": -88000000,
      "gross_margin": 0.4613793103448276,
      "op_margin": 0.19310344827586207,
      "fcf_margin": -0.015172413793103448,
      "incr_op_margin_yoy": 0.1855146124523507,
      "rev_growth_yoy": -0.5205026455026455,
      "rev_growth_yoy_accel": -0.1486412634731788,
      "fcf_margin_change": -0.3508182677739426
    },
    {
      "date": "2022-07-30T00:00:00",
      "quarter_label": "2022-07 (Q3)",
      "revenue": 1618000000,
      "gross_profit": 660000000,
      "operating_income": 242000000,
      "net_income": 120000000,
      "opex": 418000000,
      "cogs": 958000000,
      "rd": null,
      "sga": 418000000,
      "fcf": -58000000,
      "ocf": 15000000,
      "capex": -73000000,
      "gross_margin": 0.4079110012360939,
      "op_margin": 0.14956736711990112,
      "fcf_margin": -0.03584672435105068,
      "incr_op_margin_yoy": 0.21,
      "rev_growth_yoy": -0.5123568414707655,
      "rev_growth_yoy_accel": 0.008145804031879922,
      "op_leverage_ratio": 1.5541498216409038,
      "fcf_margin_change": -0.02067431055794723
    },
    {
      "date": "2022-10-29T00:00:00",
      "quarter_label": "2022-10 (Q4)",
      "revenue": 1604000000,
      "gross_profit": 678000000,
      "operating_income": 202000000,
      "net_income": 91000000,
      "opex": 476000000,
      "cogs": 926000000,
      "rd": null,
      "sga": 476000000,
      "fcf": -105000000,
      "ocf": -14000000,
      "capex": -91000000,
      "gross_margin": 0.4226932668329177,
      "op_margin": 0.1259351620947631,
      "fcf_margin": -0.06546134663341646,
      "incr_op_margin_yoy": 2.688311688311688,
      "rev_growth_yoy": -0.04580606781677573,
      "rev_growth_yoy_accel": 0.46655077365398984,
      "fcf_margin_change": -0.029614622282365784
    },
    {
      "date": "2023-01-28T00:00:00",
      "quarter_label": "2023-01 (Q1)",
      "revenue": 2889000000,
      "gross_profit": 1250000000,
      "operating_income": 653000000,
      "net_income": 434000000,
      "opex": 597000000,
      "cogs": 1639000000,
      "rd": null,
      "sga": 597000000,
      "fcf": 1001000000,
      "ocf": 1077000000,
      "capex": -76000000,
      "gross_margin": 0.4326756663205261,
      "op_margin": 0.22602976808584285,
      "fcf_margin": 0.3464866735894773,
      "incr_op_margin_yoy": 1.6376811594202898,
      "rev_growth_yoy": -0.04558969276511397,
      "rev_growth_yoy_accel": 0.00021637505166175602,
      "op_leverage_ratio": 3.151522021392799,
      "fcf_margin_change": 0.4119480202228938
    },
    {
      "date": "2023-04-29T00:00:00",
      "quarter_label": "2023-04 (Q2)",
      "revenue": 1396000000,
      "gross_profit": 596000000,
      "operating_income": 181000000,
      "net_income": 81000000,
      "opex": 415000000,
      "cogs": 800000000,
      "rd": null,
      "sga": 415000000,
      "fcf": -49000000,
      "ocf": 44000000,
      "capex": -93000000,
      "gross_margin": 0.4269340974212034,
      "op_margin": 0.1296561604584527,
      "fcf_margin": -0.03510028653295129,
      "incr_op_margin_yoy": 1.8333333333333333,
      "rev_growth_yoy": -0.037241379310344824,
      "rev_growth_yoy_accel": 0.008348313454769149,
      "fcf_margin_change": -0.3815869601224286
    },
    {
      "date": "2023-07-29T00:00:00",
      "quarter_label": "2023-07 (Q3)",
      "revenue": 1559000000,
      "gross_profit": 622000000,
      "operating_income": 188000000,
      "net_income": 99000000,
      "opex": 434000000,
      "cogs": 937000000,
      "rd": null,
      "sga": 434000000,
      "fcf": -52000000,
      "ocf": 33000000,
      "capex": -85000000,
      "gross_margin": 0.3989737010904426,
      "op_margin": 0.1205901218729955,
      "fcf_margin": -0.03335471456061578,
      "incr_op_margin_yoy": 0.9152542372881356,
      "rev_growth_yoy": -0.03646477132262052,
      "rev_growth_yoy_accel": 0.0007766079877243037,
      "op_leverage_ratio": 2.55033177499623,
      "fcf_margin_change": 0.001745571972335512
    },
    {
      "date": "2023-10-28T00:00:00",
      "quarter_label": "2023-10 (Q4)",
      "revenue": 1562000000,
      "gross_profit": 682000000,
      "operating_income": 221000000,
      "net_income": 119000000,
      "opex": 461000000,
      "cogs": 880000000,
      "rd": null,
      "sga": 461000000,
      "fcf": -121000000,
      "ocf": -49000000,
      "capex": -72000000,
      "gross_margin": 0.43661971830985913,
      "op_margin": 0.14148527528809218,
      "fcf_margin": -0.07746478873239436,
      "incr_op_margin_yoy": -0.4523809523809524,
      "rev_growth_yoy": -0.026184538653366583,
      "rev_growth_yoy_accel": 0.010280232669253937,
      "fcf_margin_change": -0.044110074171778584
    },
    {
      "date": "2024-02-03T00:00:00",
      "quarter_label": "2024-02 (Q1)",
      "revenue": 2912000000,
      "gross_profit": 1337000000,
      "operating_income": 696000000,
      "net_income": 579000000,
      "opex": 641000000,
      "cogs": 1575000000,
      "rd": null,
      "sga": 641000000,
      "fcf": 878000000,
      "ocf": 926000000,
      "capex": -48000000,
      "gross_margin": 0.45913461538461536,
      "op_margin": 0.23901098901098902,
      "fcf_margin": 0.301510989010989,
      "incr_op_margin_yoy": 1.8695652173913044,
      "rev_growth_yoy": 0.007961232260297681,
      "rev_growth_yoy_accel": 0.03414577091366426,
      "op_leverage_ratio": 2.213508322663252,
      "fcf_margin_change": 0.37897577774338337
    },
    {
      "date": "2024-05-04T00:00:00",
      "quarter_label": "2024-05 (Q2)",
      "revenue": 1384000000,
      "gross_profit": 606000000,
      "operating_income": 187000000,
      "net_income": 87000000,
      "opex": 419000000,
      "cogs": 778000000,
      "rd": null,
      "sga": 419000000,
      "fcf": 30000000,
      "ocf": 76000000,
      "capex": -46000000,
      "gross_margin": 0.43786127167630057,
      "op_margin": 0.1351156069364162,
      "fcf_margin": 0.02167630057803468,
      "incr_op_margin_yoy": -0.5,
      "rev_growth_yoy": -0.008595988538681949,
      "rev_growth_yoy_accel": -0.01655722079897963,
      "fcf_margin_change": -0.27983468843295434
    },
    {
      "date": "2024-08-03T00:00:00",
      "quarter_label": "2024-08 (Q3)",
      "revenue": 1526000000,
      "gross_profit": 626000000,
      "operating_income": 183000000,
      "net_income": 152000000,
      "opex": 443000000,
      "cogs": 900000000,
      "rd": null,
      "sga": 443000000,
      "fcf": -101000000,
      "ocf": -46000000,
      "capex": -55000000,
      "gross_margin": 0.41022280471821754,
      "op_margin": 0.1199213630406291,
      "fcf_margin": -0.06618610747051114,
      "incr_op_margin_yoy": 0.15151515151515152,
      "rev_growth_yoy": -0.021167415009621552,
      "rev_growth_yoy_accel": -0.012571426470939603,
      "op_leverage_ratio": 1.791245183044316,
      "fcf_margin_change": -0.08786240804854582
    },
    {
      "date": "2024-11-02T00:00:00",
      "quarter_label": "2024-11 (Q4)",
      "revenue": 1610000000,
      "gross_profit": 700000000,
      "operating_income": 218000000,
      "net_income": 106000000,
      "opex": 482000000,
      "cogs": 910000000,
      "rd": null,
      "sga": 482000000,
      "fcf": -164000000,
      "ocf": -99000000,
      "capex": -65000000,
      "gross_margin": 0.43478260869565216,
      "op_margin": 0.13540372670807455,
      "fcf_margin": -0.10186335403726708,
      "incr_op_margin_yoy": -0.0625,
      "rev_growth_yoy": 0.030729833546734954,
      "rev_growth_yoy_accel": 0.05189724855635651,
      "op_leverage_ratio": 0.6252646436132675,
      "fcf_margin_change": -0.035677246566755944
    },
    {
      "date": "2025-02-01T00:00:00",
      "quarter_label": "2025-02 (Q1)",
      "revenue": 2787000000,
      "gross_profit": 1301000000,
      "operating_income": 678000000,
      "net_income": 453000000,
      "opex": 623000000,
      "cogs": 1486000000,
      "rd": null,
      "sga": 623000000,
      "fcf": 895000000,
      "ocf": 955000000,
      "capex": -60000000,
      "gross_margin": 0.4668101901686401,
      "op_margin": 0.2432723358449946,
      "fcf_margin": 0.32113383566559023,
      "incr_op_margin_yoy": 0.144,
      "rev_growth_yoy": -0.042925824175824176,
      "rev_growth_yoy_accel": -0.07365565772255914,
      "op_leverage_ratio": 2.4990705255275096,
      "fcf_margin_change": 0.4229971897028573
    },
    {
      "date": "2025-05-03T00:00:00",
      "quarter_label": "2025-05 (Q2)",
      "revenue": 1424000000,
      "gross_profit": 646000000,
      "operating_income": 209000000,
      "net_income": 105000000,
      "opex": 437000000,
      "cogs": 778000000,
      "rd": null,
      "sga": 437000000,
      "fcf": 151000000,
      "ocf": 188000000,
      "capex": -37000000,
      "gross_margin": 0.45365168539325845,
      "op_margin": 0.14676966292134833,
      "fcf_margin": 0.10603932584269662,
      "incr_op_margin_yoy": 0.55,
      "rev_growth_yoy": 0.028901734104046242,
      "rev_growth_yoy_accel": 0.07182755827987042,
      "fcf_margin_change": -0.2150945098228936
    },
    {
      "date": "2025-08-02T00:00:00",
      "quarter_label": "2025-08 (Q3)",
      "revenue": 1549000000,
      "gross_profit": 640000000,
      "operating_income": 157000000,
      "net_income": 64000000,
      "opex": 483000000,
      "cogs": 909000000,
      "rd": null,
      "sga": 483000000,
      "fcf": -99000000,
      "ocf": -43000000,
      "capex": -56000000,
      "gross_margin": 0.4131697869593286,
      "op_margin": 0.1013557133634603,
      "fcf_margin": -0.06391220142027114,
      "incr_op_margin_yoy": -1.1304347826086956,
      "rev_growth_yoy": 0.01507208387942333,
      "rev_growth_yoy_accel": -0.013829650224622913,
      "op_leverage_ratio": 0.8339185393258428,
      "fcf_margin_change": -0.16995152726296775
    },
    {
      "date": "2025-11-01T00:00:00",
      "quarter_label": "2025-11 (Q4)",
      "revenue": 1594000000,
      "gross_profit": 658000000,
      "operating_income": 161000000,
      "net_income": 77000000,
      "opex": 497000000,
      "cogs": 936000000,
      "rd": null,
      "sga": 497000000,
      "fcf": -1000000,
      "ocf": 80000000,
      "capex": -81000000,
      "gross_margin": 0.4127979924717691,
      "op_margin": 0.10100376411543287,
      "fcf_margin": -0.0006273525721455458,
      "incr_op_margin_yoy": 3.5625,
      "rev_growth_yoy": -0.009937888198757764,
      "rev_growth_yoy_accel": -0.025009972078181092,
      "op_leverage_ratio": 1.0022595222724338,
      "fcf_margin_change": 0.06328484884812559
    }
  ],
  "signals": [
    {
      "quarter": "2025-11 (Q4)",
      "signal": "FCF MARGIN EXPANSION",
      "detail": "FCF margin: -6.4% -> -0.1% (+6.3%)",
      "severity": "MEDIUM"
    },
    {
      "quarter": "2025-11 (Q4)",
      "signal": "INCREMENTAL MARGIN (YoY)",
      "detail": "YoY Incr OPM: +356.2% vs year-ago OPM: +13.5%",
      "severity": "HIGH"
    },
    {
      "quarter": "2025-05 (Q2)",
      "signal": "YoY REVENUE GROWTH ACCELERATION",
      "detail": "YoY growth: +2.9% vs prior quarter YoY: -4.3% (accel: +7.2%)",
      "severity": "MEDIUM"
    },
    {
      "quarter": "2025-05 (Q2)",
      "signal": "INCREMENTAL MARGIN (YoY)",
      "detail": "YoY Incr OPM: +55.0% vs year-ago OPM: +13.5%",
      "severity": "HIGH"
    },
    {
      "quarter": "2025-02 (Q1)",
      "signal": "FCF TURNED POSITIVE",
      "detail": "FCF margin: -10.2% -> +32.1%",
      "severity": "HIGH"
    },
    {
      "quarter": "2025-02 (Q1)",
      "signal": "OPERATING LEVERAGE",
      "detail": "Rev growth +73.1% vs OpEx growth +29.3% (leverage: 2.5x)",
      "severity": "MEDIUM"
    },
    {
      "quarter": "2025-02 (Q1)",
      "signal": "YoY REVENUE GROWTH DECELERATION",
      "detail": "YoY growth: -4.3% vs prior quarter YoY: +3.1% (decel: -7.4%)",
      "severity": "WARNING"
    },
    {
      "quarter": "2024-11 (Q4)",
      "signal": "GROSS MARGIN INFLECTION",
      "detail": "GM: +43.8% -> +41.0% -> +43.5% (reversal +2.5%)",
      "severity": "MEDIUM"
    },
    {
      "quarter": "2024-11 (Q4)",
      "signal": "YoY REVENUE GROWTH ACCELERATION",
      "detail": "YoY growth: +3.1% vs prior quarter YoY: -2.1% (accel: +5.2%)",
      "severity": "MEDIUM"
    },
    {
      "quarter": "2024-08 (Q3)",
      "signal": "OPERATING LEVERAGE",
      "detail": "Rev growth +10.3% vs OpEx growth +5.7% (leverage: 1.8x)",
      "severity": "MEDIUM"
    },
    {
      "quarter": "2024-02 (Q1)",
      "signal": "FCF TURNED POSITIVE",
      "detail": "FCF margin: -7.7% -> +30.2%",
      "severity": "HIGH"
    },
    {
      "quarter": "2024-02 (Q1)",
      "signal": "OPERATING LEVERAGE",
      "detail": "Rev growth +86.4% vs OpEx growth +39.0% (leverage: 2.2x)",
      "severity": "MEDIUM"
    },
    {
      "quarter": "2024-02 (Q1)",
      "signal": "INCREMENTAL MARGIN (YoY)",
      "detail": "YoY Incr OPM: +187.0% vs year-ago OPM: +22.6%",
      "severity": "HIGH"
    },
    {
      "quarter": "2023-10 (Q4)",
      "signal": "GROSS MARGIN INFLECTION",
      "detail": "GM: +42.7% -> +39.9% -> +43.7% (reversal +3.8%)",
      "severity": "MEDIUM"
    },
    {
      "quarter": "2023-07 (Q3)",
      "signal": "OPERATING LEVERAGE",
      "detail": "Rev growth +11.7% vs OpEx growth +4.6% (leverage: 2.6x)",
      "severity": "MEDIUM"
    },
    {
      "quarter": "2023-07 (Q3)",
      "signal": "INCREMENTAL MARGIN (YoY)",
      "detail": "YoY Incr OPM: +91.5% vs year-ago OPM: +15.0%",
      "severity": "HIGH"
    },
    {
      "quarter": "2023-04 (Q2)",
      "signal": "INCREMENTAL MARGIN (YoY)",
      "detail": "YoY Incr OPM: +183.3% vs year-ago OPM: +19.3%",
      "severity": "HIGH"
    },
    {
      "quarter": "2023-01 (Q1)",
      "signal": "FCF TURNED POSITIVE",
      "detail": "FCF margin: -6.5% -> +34.6%",
      "severity": "HIGH"
    },
    {
      "quarter": "2023-01 (Q1)",
      "signal": "OPERATING LEVERAGE",
      "detail": "Rev growth +80.1% vs OpEx growth +25.4% (leverage: 3.2x)",
      "severity": "MEDIUM"
    },
    {
      "quarter": "2023-01 (Q1)",
      "signal": "INCREMENTAL MARGIN (YoY)",
      "detail": "YoY Incr OPM: +163.8% vs year-ago OPM: +29.0%",
      "severity": "HIGH"
    },
    {
      "quarter": "2022-10 (Q4)",
      "signal": "YoY REVENUE GROWTH ACCELERATION",
      "detail": "YoY growth: -4.6% vs prior quarter YoY: -51.2% (accel: +46.7%)",
      "severity": "HIGH"
    },
    {
      "quarter": "2022-10 (Q4)",
      "signal": "INCREMENTAL MARGIN (YoY)",
      "detail": "YoY Incr OPM: +268.8% vs year-ago OPM: +24.3%",
      "severity": "HIGH"
    },
    {
      "quarter": "2022-07 (Q3)",
      "signal": "OPERATING LEVERAGE",
      "detail": "Rev growth +11.6% vs OpEx growth +7.5% (leverage: 1.6x)",
      "severity": "MEDIUM"
    },
    {
      "quarter": "2022-04 (Q2)",
      "signal": "YoY REVENUE GROWTH DECELERATION",
      "detail": "YoY growth: -52.1% vs prior quarter YoY: -37.2% (decel: -14.9%)",
      "severity": "WARNING"
    },
    {
      "quarter": "2022-01 (Q1)",
      "signal": "FCF TURNED POSITIVE",
      "detail": "FCF margin: -11.2% -> +33.6%",
      "severity": "HIGH"
    },
    {
      "quarter": "2022-01 (Q1)",
      "signal": "OPERATING LEVERAGE",
      "detail": "Rev growth +80.1% vs OpEx growth +31.9% (leverage: 2.5x)",
      "severity": "MEDIUM"
    },
    {
      "quarter": "2021-10 (Q4)",
      "signal": "GROSS MARGIN INFLECTION",
      "detail": "GM: +46.8% -> +45.1% -> +49.9% (reversal +4.8%)",
      "severity": "MEDIUM"
    }
  ],
  "data_quality": {
    "n_quarters": 20,
    "coverage": {
      "revenue": [
        20,
        20
      ],
      "gross_profit": [
        20,
        20
      ],
      "op_income": [
        20,
        20
      ],
      "fcf": [
        20,
        20
      ]
    },
    "gaps": [],
    "warnings": []
  },
  "market_cap": null,
  "source": "SEC EDGAR",
  "last_updated": "2026-02-02T21:09:54.446420",
  "sector": "Consumer Cyclical",
  "industry": "Specialty Retail"
}