{
  "ticker": "BBY",
  "name": "BEST BUY CO., INC.",
  "quarters": [
    {
      "date": "2021-01-30T00:00:00",
      "quarter_label": "2021-01 (Q1)",
      "revenue": 16937000000,
      "gross_profit": 3543000000,
      "operating_income": 1033000000,
      "net_income": 816000000,
      "opex": 2510000000,
      "cogs": 13394000000,
      "rd": null,
      "sga": 2368000000,
      "fcf": 841000000,
      "ocf": 1020000000,
      "capex": -179000000,
      "gross_margin": 0.209186987069729,
      "op_margin": 0.06099073035366358,
      "fcf_margin": 0.04965460234988487
    },
    {
      "date": "2021-05-01T00:00:00",
      "quarter_label": "2021-05 (Q2)",
      "revenue": 11637000000,
      "gross_profit": 2715000000,
      "operating_income": 769000000,
      "net_income": 595000000,
      "opex": 1946000000,
      "cogs": 8922000000,
      "rd": null,
      "sga": 1988000000,
      "fcf": -56000000,
      "ocf": 105000000,
      "capex": -161000000,
      "gross_margin": 0.23330755349316834,
      "op_margin": 0.06608232362292688,
      "fcf_margin": -0.004812236830798316,
      "fcf_margin_change": -0.05446683918068319
    },
    {
      "date": "2021-07-31T00:00:00",
      "quarter_label": "2021-07 (Q3)",
      "revenue": 11849000000,
      "gross_profit": 2810000000,
      "operating_income": 797000000,
      "net_income": 734000000,
      "opex": 2013000000,
      "cogs": 9039000000,
      "rd": null,
      "sga": 2009000000,
      "fcf": 597000000,
      "ocf": 759000000,
      "capex": -162000000,
      "gross_margin": 0.23715081441471855,
      "op_margin": 0.06726306017385433,
      "fcf_margin": 0.05038399864967508,
      "op_leverage_ratio": 0.5291305780968835,
      "fcf_margin_change": 0.05519623548047339
    },
    {
      "date": "2021-10-30T00:00:00",
      "quarter_label": "2021-10 (Q4)",
      "revenue": 11910000000,
      "gross_profit": 2802000000,
      "operating_income": 670000000,
      "net_income": 499000000,
      "opex": 2132000000,
      "cogs": 9108000000,
      "rd": null,
      "sga": 2133000000,
      "fcf": -28000000,
      "ocf": 197000000,
      "capex": -225000000,
      "gross_margin": 0.23526448362720404,
      "op_margin": 0.056255247691015954,
      "fcf_margin": -0.0023509655751469353,
      "fcf_margin_change": -0.05273496422482201
    },
    {
      "date": "2022-01-29T00:00:00",
      "quarter_label": "2022-01 (Q1)",
      "revenue": 16365000000,
      "gross_profit": 3313000000,
      "operating_income": 803000000,
      "net_income": 626000000,
      "opex": 2510000000,
      "cogs": 13052000000,
      "rd": null,
      "sga": 2505000000,
      "fcf": 2002000000,
      "ocf": 2191000000,
      "capex": -189000000,
      "gross_margin": 0.20244424075771464,
      "op_margin": 0.049068133211121294,
      "fcf_margin": 0.12233424992361748,
      "incr_op_margin_yoy": 0.4020979020979021,
      "rev_growth_yoy": -0.03377221467792407,
      "op_leverage_ratio": 2.1097517092479308,
      "fcf_margin_change": 0.12468521549876442
    },
    {
      "date": "2022-04-30T00:00:00",
      "quarter_label": "2022-04 (Q2)",
      "revenue": 10647000000,
      "gross_profit": 2353000000,
      "operating_income": 462000000,
      "net_income": 341000000,
      "opex": 1891000000,
      "cogs": 8294000000,
      "rd": null,
      "sga": 1890000000,
      "fcf": -1599000000,
      "ocf": -1384000000,
      "capex": -215000000,
      "gross_margin": 0.221001221001221,
      "op_margin": 0.04339250493096647,
      "fcf_margin": -0.15018315018315018,
      "incr_op_margin_yoy": 0.3101010101010101,
      "rev_growth_yoy": -0.08507347254447023,
      "rev_growth_yoy_accel": -0.05130125786654616,
      "fcf_margin_change": -0.27251740010676767
    },
    {
      "date": "2022-07-30T00:00:00",
      "quarter_label": "2022-07 (Q3)",
      "revenue": 10329000000,
      "gross_profit": 2287000000,
      "operating_income": 371000000,
      "net_income": 306000000,
      "opex": 1916000000,
      "cogs": 8042000000,
      "rd": null,
      "sga": 1882000000,
      "fcf": 449000000,
      "ocf": 675000000,
      "capex": -226000000,
      "gross_margin": 0.22141543227805208,
      "op_margin": 0.03591828831445445,
      "fcf_margin": 0.04346984219188692,
      "incr_op_margin_yoy": 0.2802631578947368,
      "rev_growth_yoy": -0.12828086758376234,
      "rev_growth_yoy_accel": -0.04320739503929211,
      "fcf_margin_change": 0.19365299237503708
    },
    {
      "date": "2022-10-29T00:00:00",
      "quarter_label": "2022-10 (Q4)",
      "revenue": 10587000000,
      "gross_profit": 2332000000,
      "operating_income": 365000000,
      "net_income": 277000000,
      "opex": 1967000000,
      "cogs": 8255000000,
      "rd": null,
      "sga": 1941000000,
      "fcf": 346000000,
      "ocf": 601000000,
      "capex": -255000000,
      "gross_margin": 0.22027014262775102,
      "op_margin": 0.034476244450741475,
      "fcf_margin": 0.032681590630017944,
      "incr_op_margin_yoy": 0.23053665910808768,
      "rev_growth_yoy": -0.1110831234256927,
      "rev_growth_yoy_accel": 0.01719774415806964,
      "op_leverage_ratio": 0.9383973165217293,
      "fcf_margin_change": -0.010788251561868974
    },
    {
      "date": "2023-01-28T00:00:00",
      "quarter_label": "2023-01 (Q1)",
      "revenue": 14735000000,
      "gross_profit": 2940000000,
      "operating_income": 597000000,
      "net_income": 495000000,
      "opex": 2343000000,
      "cogs": 11795000000,
      "rd": null,
      "sga": 2257000000,
      "fcf": 1698000000,
      "ocf": 1932000000,
      "capex": -234000000,
      "gross_margin": 0.1995249406175772,
      "op_margin": 0.04051577875805904,
      "fcf_margin": 0.11523583305055989,
      "incr_op_margin_yoy": 0.1263803680981595,
      "rev_growth_yoy": -0.09960281087687137,
      "rev_growth_yoy_accel": 0.011480312548821328,
      "op_leverage_ratio": 2.0496624724421157,
      "fcf_margin_change": 0.08255424242054193
    },
    {
      "date": "2023-04-29T00:00:00",
      "quarter_label": "2023-04 (Q2)",
      "revenue": 9467000000,
      "gross_profit": 2150000000,
      "operating_income": 311000000,
      "net_income": 244000000,
      "opex": 1839000000,
      "cogs": 7317000000,
      "rd": null,
      "sga": 1848000000,
      "fcf": -535000000,
      "ocf": -331000000,
      "capex": -204000000,
      "gross_margin": 0.22710467941269674,
      "op_margin": 0.0328509559522552,
      "fcf_margin": -0.05651209464455477,
      "incr_op_margin_yoy": 0.12796610169491526,
      "rev_growth_yoy": -0.11082934159857237,
      "rev_growth_yoy_accel": -0.011226530721701003,
      "fcf_margin_change": -0.17174792769511465
    },
    {
      "date": "2023-07-29T00:00:00",
      "quarter_label": "2023-07 (Q3)",
      "revenue": 9583000000,
      "gross_profit": 2220000000,
      "operating_income": 348000000,
      "net_income": 274000000,
      "opex": 1872000000,
      "cogs": 7363000000,
      "rd": null,
      "sga": 1879000000,
      "fcf": 321000000,
      "ocf": 512000000,
      "capex": -191000000,
      "gross_margin": 0.23166023166023167,
      "op_margin": 0.03631430658457686,
      "fcf_margin": 0.03349681728060106,
      "incr_op_margin_yoy": 0.030831099195710455,
      "rev_growth_yoy": -0.07222383580211056,
      "rev_growth_yoy_accel": 0.03860550579646181,
      "op_leverage_ratio": 0.6828312703457945,
      "fcf_margin_change": 0.09000891192515584
    },
    {
      "date": "2023-10-28T00:00:00",
      "quarter_label": "2023-10 (Q4)",
      "revenue": 9756000000,
      "gross_profit": 2232000000,
      "operating_income": 354000000,
      "net_income": 263000000,
      "opex": 1878000000,
      "cogs": 7524000000,
      "rd": null,
      "sga": 1878000000,
      "fcf": -108000000,
      "ocf": 109000000,
      "capex": -217000000,
      "gross_margin": 0.22878228782287824,
      "op_margin": 0.03628536285362854,
      "fcf_margin": -0.01107011070110701,
      "incr_op_margin_yoy": 0.013237063778580024,
      "rev_growth_yoy": -0.07849249079059224,
      "rev_growth_yoy_accel": -0.006268654988481684,
      "op_leverage_ratio": 5.632474173014714,
      "fcf_margin_change": -0.04456692798170807
    },
    {
      "date": "2024-02-03T00:00:00",
      "quarter_label": "2024-02 (Q1)",
      "revenue": 14646000000,
      "gross_profit": 3001000000,
      "operating_income": 561000000,
      "net_income": 460000000,
      "opex": 2440000000,
      "cogs": 11645000000,
      "rd": null,
      "sga": 2271000000,
      "fcf": 997000000,
      "ocf": 1180000000,
      "capex": -183000000,
      "gross_margin": 0.2049023624197733,
      "op_margin": 0.0383039737812372,
      "fcf_margin": 0.06807319404615594,
      "incr_op_margin_yoy": 0.4044943820224719,
      "rev_growth_yoy": -0.006040040719375636,
      "rev_growth_yoy_accel": 0.0724524500712166,
      "op_leverage_ratio": 1.6749287599637561,
      "fcf_margin_change": 0.07914330474726296
    },
    {
      "date": "2024-05-04T00:00:00",
      "quarter_label": "2024-05 (Q2)",
      "revenue": 8847000000,
      "gross_profit": 2064000000,
      "operating_income": 312000000,
      "net_income": 246000000,
      "opex": 1752000000,
      "cogs": 6783000000,
      "rd": null,
      "sga": 1737000000,
      "fcf": 4000000,
      "ocf": 156000000,
      "capex": -152000000,
      "gross_margin": 0.23329942353340116,
      "op_margin": 0.035266191929467616,
      "fcf_margin": 0.00045213066576240535,
      "incr_op_margin_yoy": -0.0016129032258064516,
      "rev_growth_yoy": -0.06549065173761487,
      "rev_growth_yoy_accel": -0.05945061101823923,
      "fcf_margin_change": -0.06762106338039355
    },
    {
      "date": "2024-08-03T00:00:00",
      "quarter_label": "2024-08 (Q3)",
      "revenue": 9288000000,
      "gross_profit": 2186000000,
      "operating_income": 383000000,
      "net_income": 291000000,
      "opex": 1803000000,
      "cogs": 7102000000,
      "rd": null,
      "sga": 1810000000,
      "fcf": 478000000,
      "ocf": 661000000,
      "capex": -183000000,
      "gross_margin": 0.23535745047372955,
      "op_margin": 0.04123600344530577,
      "fcf_margin": 0.05146425495262705,
      "incr_op_margin_yoy": -0.11864406779661017,
      "rev_growth_yoy": -0.03078367943232808,
      "rev_growth_yoy_accel": 0.034706972305286785,
      "op_leverage_ratio": 1.7124050026928372,
      "fcf_margin_change": 0.05101212428686464
    },
    {
      "date": "2024-11-02T00:00:00",
      "quarter_label": "2024-11 (Q4)",
      "revenue": 9445000000,
      "gross_profit": 2217000000,
      "operating_income": 350000000,
      "net_income": 273000000,
      "opex": 1867000000,
      "cogs": 7228000000,
      "rd": null,
      "sga": 1871000000,
      "fcf": -449000000,
      "ocf": -256000000,
      "capex": -193000000,
      "gross_margin": 0.23472736897829538,
      "op_margin": 0.037056643726839596,
      "fcf_margin": -0.04753838009528851,
      "incr_op_margin_yoy": 0.012861736334405145,
      "rev_growth_yoy": -0.03187781877818778,
      "rev_growth_yoy_accel": -0.0010941393458596994,
      "op_leverage_ratio": 0.476204174741602,
      "fcf_margin_change": -0.09900263504791557
    },
    {
      "date": "2025-02-01T00:00:00",
      "quarter_label": "2025-02 (Q1)",
      "revenue": 13948000000,
      "gross_profit": 2918000000,
      "operating_income": 217000000,
      "net_income": 117000000,
      "opex": 2701000000,
      "cogs": 11030000000,
      "rd": null,
      "sga": 2233000000,
      "fcf": 1359000000,
      "ocf": 1537000000,
      "capex": -178000000,
      "gross_margin": 0.20920562087754516,
      "op_margin": 0.015557786062517924,
      "fcf_margin": 0.09743332377401778,
      "incr_op_margin_yoy": 0.49283667621776506,
      "rev_growth_yoy": -0.04765806363512222,
      "rev_growth_yoy_accel": -0.01578024485693444,
      "op_leverage_ratio": 1.0672797072030042,
      "fcf_margin_change": 0.1449717038693063
    },
    {
      "date": "2025-05-03T00:00:00",
      "quarter_label": "2025-05 (Q2)",
      "revenue": 8767000000,
      "gross_profit": 2049000000,
      "operating_income": 219000000,
      "net_income": 202000000,
      "opex": 1830000000,
      "cogs": 6718000000,
      "rd": null,
      "sga": 1721000000,
      "fcf": -132000000,
      "ocf": 34000000,
      "capex": -166000000,
      "gross_margin": 0.23371734915022244,
      "op_margin": 0.024980038781795368,
      "fcf_margin": -0.015056461731493099,
      "incr_op_margin_yoy": 1.1625,
      "rev_growth_yoy": -0.009042613315248107,
      "rev_growth_yoy_accel": 0.03861545031987411,
      "fcf_margin_change": -0.11248978550551088
    },
    {
      "date": "2025-08-02T00:00:00",
      "quarter_label": "2025-08 (Q3)",
      "revenue": 9438000000,
      "gross_profit": 2194000000,
      "operating_income": 251000000,
      "net_income": 186000000,
      "opex": 1943000000,
      "cogs": 7244000000,
      "rd": null,
      "sga": 1829000000,
      "fcf": 574000000,
      "ocf": 749000000,
      "capex": -175000000,
      "gross_margin": 0.23246450519177791,
      "op_margin": 0.026594617503708413,
      "fcf_margin": 0.060817969908879,
      "incr_op_margin_yoy": -0.88,
      "rev_growth_yoy": 0.01614987080103359,
      "rev_growth_yoy_accel": 0.025192484116281697,
      "op_leverage_ratio": 1.2394932323647307,
      "fcf_margin_change": 0.0758744316403721
    },
    {
      "date": "2025-11-01T00:00:00",
      "quarter_label": "2025-11 (Q4)",
      "revenue": 9672000000,
      "gross_profit": 2248000000,
      "operating_income": 198000000,
      "net_income": 140000000,
      "opex": 2050000000,
      "cogs": 7424000000,
      "rd": null,
      "sga": 1884000000,
      "fcf": -287000000,
      "ocf": -99000000,
      "capex": -188000000,
      "gross_margin": 0.23242349048800662,
      "op_margin": 0.020471464019851116,
      "fcf_margin": -0.02967328370554177,
      "incr_op_margin_yoy": -0.6696035242290749,
      "rev_growth_yoy": 0.024033880359978825,
      "rev_growth_yoy_accel": 0.007884009558945235,
      "op_leverage_ratio": 0.4502201282150305,
      "fcf_margin_change": -0.09049125361442077
    }
  ],
  "signals": [
    {
      "quarter": "2025-08 (Q3)",
      "signal": "FCF TURNED POSITIVE",
      "detail": "FCF margin: -1.5% -> +6.1%",
      "severity": "HIGH"
    },
    {
      "quarter": "2025-05 (Q2)",
      "signal": "GROSS MARGIN INFLECTION",
      "detail": "GM: +23.5% -> +20.9% -> +23.4% (reversal +2.5%)",
      "severity": "MEDIUM"
    },
    {
      "quarter": "2025-05 (Q2)",
      "signal": "INCREMENTAL MARGIN (YoY)",
      "detail": "YoY Incr OPM: +116.3% vs year-ago OPM: +3.5%",
      "severity": "HIGH"
    },
    {
      "quarter": "2025-02 (Q1)",
      "signal": "FCF TURNED POSITIVE",
      "detail": "FCF margin: -4.8% -> +9.7%",
      "severity": "HIGH"
    },
    {
      "quarter": "2025-02 (Q1)",
      "signal": "INCREMENTAL MARGIN (YoY)",
      "detail": "YoY Incr OPM: +49.3% vs year-ago OPM: +3.8%",
      "severity": "HIGH"
    },
    {
      "quarter": "2024-08 (Q3)",
      "signal": "FCF MARGIN EXPANSION",
      "detail": "FCF margin: +0.0% -> +5.1% (+5.1%)",
      "severity": "MEDIUM"
    },
    {
      "quarter": "2024-08 (Q3)",
      "signal": "OPERATING LEVERAGE",
      "detail": "Rev growth +5.0% vs OpEx growth +2.9% (leverage: 1.7x)",
      "severity": "MEDIUM"
    },
    {
      "quarter": "2024-05 (Q2)",
      "signal": "GROSS MARGIN INFLECTION",
      "detail": "GM: +22.9% -> +20.5% -> +23.3% (reversal +2.8%)",
      "severity": "MEDIUM"
    },
    {
      "quarter": "2024-05 (Q2)",
      "signal": "YoY REVENUE GROWTH DECELERATION",
      "detail": "YoY growth: -6.5% vs prior quarter YoY: -0.6% (decel: -5.9%)",
      "severity": "WARNING"
    },
    {
      "quarter": "2024-02 (Q1)",
      "signal": "FCF TURNED POSITIVE",
      "detail": "FCF margin: -1.1% -> +6.8%",
      "severity": "HIGH"
    },
    {
      "quarter": "2024-02 (Q1)",
      "signal": "OPERATING LEVERAGE",
      "detail": "Rev growth +50.1% vs OpEx growth +29.9% (leverage: 1.7x)",
      "severity": "MEDIUM"
    },
    {
      "quarter": "2024-02 (Q1)",
      "signal": "YoY REVENUE GROWTH ACCELERATION",
      "detail": "YoY growth: -0.6% vs prior quarter YoY: -7.8% (accel: +7.2%)",
      "severity": "MEDIUM"
    },
    {
      "quarter": "2024-02 (Q1)",
      "signal": "INCREMENTAL MARGIN (YoY)",
      "detail": "YoY Incr OPM: +40.4% vs year-ago OPM: +4.1%",
      "severity": "HIGH"
    },
    {
      "quarter": "2023-10 (Q4)",
      "signal": "OPERATING LEVERAGE",
      "detail": "Rev growth +1.8% vs OpEx growth +0.3% (leverage: 5.6x)",
      "severity": "MEDIUM"
    },
    {
      "quarter": "2023-07 (Q3)",
      "signal": "FCF TURNED POSITIVE",
      "detail": "FCF margin: -5.7% -> +3.3%",
      "severity": "HIGH"
    },
    {
      "quarter": "2023-04 (Q2)",
      "signal": "GROSS MARGIN INFLECTION",
      "detail": "GM: +22.0% -> +20.0% -> +22.7% (reversal +2.8%)",
      "severity": "MEDIUM"
    },
    {
      "quarter": "2023-01 (Q1)",
      "signal": "FCF MARGIN EXPANSION",
      "detail": "FCF margin: +3.3% -> +11.5% (+8.3%)",
      "severity": "MEDIUM"
    },
    {
      "quarter": "2023-01 (Q1)",
      "signal": "OPERATING LEVERAGE",
      "detail": "Rev growth +39.2% vs OpEx growth +19.1% (leverage: 2.0x)",
      "severity": "MEDIUM"
    },
    {
      "quarter": "2022-10 (Q4)",
      "signal": "INCREMENTAL MARGIN (YoY)",
      "detail": "YoY Incr OPM: +23.1% vs year-ago OPM: +5.6%",
      "severity": "MEDIUM"
    },
    {
      "quarter": "2022-07 (Q3)",
      "signal": "FCF TURNED POSITIVE",
      "detail": "FCF margin: -15.0% -> +4.3%",
      "severity": "HIGH"
    },
    {
      "quarter": "2022-07 (Q3)",
      "signal": "INCREMENTAL MARGIN (YoY)",
      "detail": "YoY Incr OPM: +28.0% vs year-ago OPM: +6.7%",
      "severity": "HIGH"
    },
    {
      "quarter": "2022-04 (Q2)",
      "signal": "YoY REVENUE GROWTH DECELERATION",
      "detail": "YoY growth: -8.5% vs prior quarter YoY: -3.4% (decel: -5.1%)",
      "severity": "WARNING"
    },
    {
      "quarter": "2022-04 (Q2)",
      "signal": "INCREMENTAL MARGIN (YoY)",
      "detail": "YoY Incr OPM: +31.0% vs year-ago OPM: +6.6%",
      "severity": "HIGH"
    },
    {
      "quarter": "2022-01 (Q1)",
      "signal": "FCF TURNED POSITIVE",
      "detail": "FCF margin: -0.2% -> +12.2%",
      "severity": "HIGH"
    },
    {
      "quarter": "2022-01 (Q1)",
      "signal": "OPERATING LEVERAGE",
      "detail": "Rev growth +37.4% vs OpEx growth +17.7% (leverage: 2.1x)",
      "severity": "MEDIUM"
    },
    {
      "quarter": "2022-01 (Q1)",
      "signal": "INCREMENTAL MARGIN (YoY)",
      "detail": "YoY Incr OPM: +40.2% vs year-ago OPM: +6.1%",
      "severity": "HIGH"
    },
    {
      "quarter": "2021-07 (Q3)",
      "signal": "FCF TURNED POSITIVE",
      "detail": "FCF margin: -0.5% -> +5.0%",
      "severity": "HIGH"
    }
  ],
  "data_quality": {
    "n_quarters": 20,
    "coverage": {
      "revenue": [
        20,
        20
      ],
      "gross_profit": [
        20,
        20
      ],
      "op_income": [
        20,
        20
      ],
      "fcf": [
        20,
        20
      ]
    },
    "gaps": [],
    "warnings": []
  },
  "market_cap": null,
  "source": "SEC EDGAR",
  "last_updated": "2026-02-02T20:28:44.680017",
  "sector": "Consumer Cyclical",
  "industry": "Specialty Retail"
}