{
  "ticker": "BC-PC",
  "name": "BRUNSWICK CORPORATION",
  "quarters": [
    {
      "date": "2020-12-31T00:00:00",
      "quarter_label": "2020-12 (Q4)",
      "revenue": 1161100000,
      "gross_profit": 336300000,
      "operating_income": 136500000,
      "net_income": 95100000,
      "opex": 199800000,
      "cogs": 824800000,
      "rd": 38100000,
      "sga": 161900000,
      "fcf": 95600000,
      "ocf": 157400000,
      "capex": -61800000,
      "gross_margin": 0.28963913530273017,
      "op_margin": 0.11756093359745069,
      "fcf_margin": 0.08233571613125484
    },
    {
      "date": "2021-04-03T00:00:00",
      "quarter_label": "2021-04 (Q2)",
      "revenue": 1433200000,
      "gross_profit": 417300000,
      "operating_income": 231900000,
      "net_income": 169300000,
      "opex": 185400000,
      "cogs": 1015900000,
      "rd": 34100000,
      "sga": 150800000,
      "fcf": -34600000,
      "ocf": 8300000,
      "capex": -42900000,
      "gross_margin": 0.2911666201507117,
      "op_margin": 0.1618057493720346,
      "fcf_margin": -0.024141780630756348,
      "op_leverage_ratio": Infinity,
      "fcf_margin_change": -0.1064774967620112
    },
    {
      "date": "2021-07-03T00:00:00",
      "quarter_label": "2021-07 (Q3)",
      "revenue": 1554800000,
      "gross_profit": 461500000,
      "operating_income": 250200000,
      "net_income": 179400000,
      "opex": 211300000,
      "cogs": 1093300000,
      "rd": 37500000,
      "sga": 173600000,
      "fcf": 265700000,
      "ocf": 333100000,
      "capex": -67400000,
      "gross_margin": 0.2968227424749164,
      "op_margin": 0.16092101878055054,
      "fcf_margin": 0.170890146642655,
      "op_leverage_ratio": 0.6073467909917812,
      "fcf_margin_change": 0.19503192727341134
    },
    {
      "date": "2021-10-02T00:00:00",
      "quarter_label": "2021-10 (Q4)",
      "revenue": 1427200000,
      "gross_profit": 410400000,
      "operating_income": 209000000,
      "net_income": 143100000,
      "opex": 201400000,
      "cogs": 1016800000,
      "rd": 35500000,
      "sga": 165900000,
      "fcf": 53300000,
      "ocf": 123200000,
      "capex": -69900000,
      "gross_margin": 0.2875560538116592,
      "op_margin": 0.14644058295964127,
      "fcf_margin": 0.03734585201793722,
      "fcf_margin_change": -0.13354429462471779
    },
    {
      "date": "2021-12-31T00:00:00",
      "quarter_label": "2021-12 (Q4)",
      "revenue": 1431000000,
      "gross_profit": 376800000,
      "operating_income": 121800000,
      "net_income": 101500000,
      "opex": 255000000,
      "cogs": 1054200000,
      "rd": 47400000,
      "sga": 207500000,
      "fcf": 22500000,
      "ocf": 109400000,
      "capex": -86900000,
      "gross_margin": 0.26331236897274635,
      "op_margin": 0.08511530398322852,
      "fcf_margin": 0.015723270440251572,
      "incr_op_margin_yoy": -0.054464616524638756,
      "rev_growth_yoy": 0.23245198518646112,
      "fcf_margin_change": -0.021622581577685648
    },
    {
      "date": "2022-04-02T00:00:00",
      "quarter_label": "2022-04 (Q2)",
      "revenue": 1695700000,
      "gross_profit": 483600000,
      "operating_income": 239500000,
      "net_income": 174200000,
      "opex": 244100000,
      "cogs": 1212100000,
      "rd": 51400000,
      "sga": 192700000,
      "fcf": -242800000,
      "ocf": -141900000,
      "capex": -100900000,
      "gross_margin": 0.2851919561243144,
      "op_margin": 0.1412396060623931,
      "fcf_margin": -0.1431857050185764,
      "incr_op_margin_yoy": 0.02895238095238095,
      "rev_growth_yoy": 0.1831565727044376,
      "rev_growth_yoy_accel": -0.049295412482023515,
      "op_leverage_ratio": Infinity,
      "fcf_margin_change": -0.15890897545882796
    },
    {
      "date": "2022-07-02T00:00:00",
      "quarter_label": "2022-07 (Q3)",
      "revenue": 1835600000,
      "gross_profit": 536400000,
      "operating_income": 279000000,
      "net_income": 197300000,
      "opex": 257400000,
      "cogs": 1299200000,
      "rd": 50200000,
      "sga": 207200000,
      "fcf": 193200000,
      "ocf": 288800000,
      "capex": -95600000,
      "gross_margin": 0.2922205273480061,
      "op_margin": 0.15199389845282196,
      "fcf_margin": 0.10525168882109392,
      "incr_op_margin_yoy": 0.10256410256410256,
      "rev_growth_yoy": 0.1806020066889632,
      "rev_growth_yoy_accel": -0.0025545660154744076,
      "op_leverage_ratio": 1.5142055468919393,
      "fcf_margin_change": 0.2484373938396703
    },
    {
      "date": "2022-10-01T00:00:00",
      "quarter_label": "2022-10 (Q4)",
      "revenue": 1698200000,
      "gross_profit": 498900000,
      "operating_income": 237700000,
      "net_income": 163800000,
      "opex": 261200000,
      "cogs": 1199300000,
      "rd": 50400000,
      "sga": 186200000,
      "fcf": 61700000,
      "ocf": 164500000,
      "capex": -102800000,
      "gross_margin": 0.29378165116005184,
      "op_margin": 0.13997173477800023,
      "fcf_margin": 0.03633258744553056,
      "incr_op_margin_yoy": 0.1059040590405904,
      "rev_growth_yoy": 0.1898822869955157,
      "rev_growth_yoy_accel": 0.009280280306552507,
      "fcf_margin_change": -0.06891910137556337
    },
    {
      "date": "2022-12-31T00:00:00",
      "quarter_label": "2022-12 (Q4)",
      "revenue": 1582700000,
      "gross_profit": 428300000,
      "operating_income": 191600000,
      "net_income": 141700000,
      "opex": 236700000,
      "cogs": 1154400000,
      "rd": 50900000,
      "sga": 185300000,
      "fcf": 185700000,
      "ocf": 274700000,
      "capex": -89000000,
      "gross_margin": 0.27061350856131927,
      "op_margin": 0.12105894989574777,
      "fcf_margin": 0.11733114298350919,
      "incr_op_margin_yoy": 0.46011865524060647,
      "rev_growth_yoy": 0.10600978336827394,
      "rev_growth_yoy_accel": -0.08387250362724177,
      "fcf_margin_change": 0.08099855553797863
    },
    {
      "date": "2023-04-01T00:00:00",
      "quarter_label": "2023-04 (Q2)",
      "revenue": 1743600000,
      "gross_profit": 505600000,
      "operating_income": 236100000,
      "net_income": 112300000,
      "opex": 269500000,
      "cogs": 1238000000,
      "rd": 48700000,
      "sga": 211300000,
      "fcf": -109300000,
      "ocf": -15800000,
      "capex": -93500000,
      "gross_margin": 0.2899747648543244,
      "op_margin": 0.13540949759119064,
      "fcf_margin": -0.0626863959623767,
      "incr_op_margin_yoy": -0.0709812108559499,
      "rev_growth_yoy": 0.028247921212478624,
      "rev_growth_yoy_accel": -0.07776186215579531,
      "op_leverage_ratio": 0.7336380636978796,
      "fcf_margin_change": -0.1800175389458859
    },
    {
      "date": "2023-07-01T00:00:00",
      "quarter_label": "2023-07 (Q3)",
      "revenue": 1702300000,
      "gross_profit": 472300000,
      "operating_income": 194400000,
      "net_income": 134700000,
      "opex": 277900000,
      "cogs": 1230000000,
      "rd": 48900000,
      "sga": 215100000,
      "fcf": 188000000,
      "ocf": 267900000,
      "capex": -79900000,
      "gross_margin": 0.27744815837396464,
      "op_margin": 0.11419843740821242,
      "fcf_margin": 0.11043881806967044,
      "incr_op_margin_yoy": 0.6346586646661665,
      "rev_growth_yoy": -0.07261930703857049,
      "rev_growth_yoy_accel": -0.10086722825104912,
      "fcf_margin_change": 0.17312521403204714
    },
    {
      "date": "2023-09-30T00:00:00",
      "quarter_label": "2023-09 (Q3)",
      "revenue": 1593600000,
      "gross_profit": 444700000,
      "operating_income": 196100000,
      "net_income": 112500000,
      "opex": 248600000,
      "cogs": 1148900000,
      "rd": 45200000,
      "sga": 187100000,
      "fcf": 138500000,
      "ocf": 198200000,
      "capex": -59700000,
      "gross_margin": 0.27905371485943775,
      "op_margin": 0.12305471887550201,
      "fcf_margin": 0.086910140562249,
      "incr_op_margin_yoy": 0.3977055449330784,
      "rev_growth_yoy": -0.06159462960782004,
      "rev_growth_yoy_accel": 0.011024677430750446,
      "fcf_margin_change": -0.02352867750742145
    },
    {
      "date": "2023-12-31T00:00:00",
      "quarter_label": "2023-12 (Q4)",
      "revenue": 1361900000,
      "gross_profit": 364400000,
      "operating_income": 108300000,
      "net_income": 60900000,
      "opex": 256100000,
      "cogs": 997500000,
      "rd": 42400000,
      "sga": 198700000,
      "fcf": 227100000,
      "ocf": 283300000,
      "capex": -56200000,
      "gross_margin": 0.2675673691166752,
      "op_margin": 0.0795212570673324,
      "fcf_margin": 0.1667523313018577,
      "incr_op_margin_yoy": 0.37726449275362317,
      "rev_growth_yoy": -0.13950843495292853,
      "rev_growth_yoy_accel": -0.07791380534510849,
      "fcf_margin_change": 0.07984219073960871
    },
    {
      "date": "2024-03-30T00:00:00",
      "quarter_label": "2024-03 (Q1)",
      "revenue": 1365000000,
      "gross_profit": 373600000,
      "operating_income": 110600000,
      "net_income": 68000000,
      "opex": 259400000,
      "cogs": 991400000,
      "rd": 45800000,
      "sga": 203700000,
      "fcf": -207400000,
      "ocf": -153400000,
      "capex": -54000000,
      "gross_margin": 0.2736996336996337,
      "op_margin": 0.08102564102564103,
      "fcf_margin": -0.15194139194139195,
      "incr_op_margin_yoy": 0.33148441627047015,
      "rev_growth_yoy": -0.217136958017894,
      "rev_growth_yoy_accel": -0.07762852306496548,
      "fcf_margin_change": -0.3186937232432496
    },
    {
      "date": "2024-06-29T00:00:00",
      "quarter_label": "2024-06 (Q2)",
      "revenue": 1443900000,
      "gross_profit": 391000000,
      "operating_income": 158300000,
      "net_income": 100000000,
      "opex": 226400000,
      "cogs": 1052900000,
      "rd": 43000000,
      "sga": 181800000,
      "fcf": 163900000,
      "ocf": 211000000,
      "capex": -47100000,
      "gross_margin": 0.27079437634185194,
      "op_margin": 0.10963363113789043,
      "fcf_margin": 0.11351201606759471,
      "incr_op_margin_yoy": 0.13970588235294118,
      "rev_growth_yoy": -0.15179463079363215,
      "rev_growth_yoy_accel": 0.06534232722426186,
      "op_leverage_ratio": Infinity,
      "fcf_margin_change": 0.26545340800898665
    },
    {
      "date": "2024-09-28T00:00:00",
      "quarter_label": "2024-09 (Q3)",
      "revenue": 1273300000,
      "gross_profit": 333000000,
      "operating_income": 98400000,
      "net_income": 44600000,
      "opex": 229700000,
      "cogs": 940300000,
      "rd": 41700000,
      "sga": 180700000,
      "fcf": 31400000,
      "ocf": 67400000,
      "capex": -36000000,
      "gross_margin": 0.26152517081598997,
      "op_margin": 0.07727950993481504,
      "fcf_margin": 0.02466033142228854,
      "incr_op_margin_yoy": 0.3050265376209803,
      "rev_growth_yoy": -0.20099146586345382,
      "rev_growth_yoy_accel": -0.04919683506982167,
      "fcf_margin_change": -0.08885168464530617
    },
    {
      "date": "2024-12-31T00:00:00",
      "quarter_label": "2024-12 (Q4)",
      "revenue": 1154900000,
      "gross_profit": 253200000,
      "operating_income": -55700000,
      "net_income": -82500000,
      "opex": 309000000,
      "cogs": 901700000,
      "rd": 39100000,
      "sga": 181700000,
      "fcf": 276100000,
      "ocf": 306400000,
      "capex": -30300000,
      "gross_margin": 0.21923976101826997,
      "op_margin": -0.048229283920685775,
      "fcf_margin": 0.2390683176032557,
      "incr_op_margin_yoy": 0.7922705314009661,
      "rev_growth_yoy": -0.15199353843894559,
      "rev_growth_yoy_accel": 0.04899792742450823,
      "fcf_margin_change": 0.21440798618096715
    },
    {
      "date": "2025-03-29T00:00:00",
      "quarter_label": "2025-03 (Q1)",
      "revenue": 1221800000,
      "gross_profit": 303900000,
      "operating_income": 56300000,
      "net_income": 20200000,
      "opex": 246900000,
      "cogs": 917900000,
      "rd": 38500000,
      "sga": 208000000,
      "fcf": -65100000,
      "ocf": -27400000,
      "capex": -37700000,
      "gross_margin": 0.24873137993124897,
      "op_margin": 0.0460795547552791,
      "fcf_margin": -0.05328204288754297,
      "incr_op_margin_yoy": 0.3791899441340782,
      "rev_growth_yoy": -0.1049084249084249,
      "rev_growth_yoy_accel": 0.04708511353052068,
      "op_leverage_ratio": Infinity,
      "fcf_margin_change": -0.29235036049079866
    },
    {
      "date": "2025-06-28T00:00:00",
      "quarter_label": "2025-06 (Q2)",
      "revenue": 1447000000,
      "gross_profit": 369700000,
      "operating_income": 103300000,
      "net_income": 59300000,
      "opex": 264300000,
      "cogs": 1077300000,
      "rd": 41800000,
      "sga": 216600000,
      "fcf": 271300000,
      "ocf": 316200000,
      "capex": -44900000,
      "gross_margin": 0.2554941257774706,
      "op_margin": 0.07138908085694541,
      "fcf_margin": 0.18749136143745682,
      "incr_op_margin_yoy": -17.741935483870968,
      "rev_growth_yoy": 0.002146963086086294,
      "rev_growth_yoy_accel": 0.1070553879945112,
      "op_leverage_ratio": 2.6154119699030827,
      "fcf_margin_change": 0.24077340432499977
    },
    {
      "date": "2025-09-27T00:00:00",
      "quarter_label": "2025-09 (Q3)",
      "revenue": 1360200000,
      "gross_profit": 350800000,
      "operating_income": -242200000,
      "net_income": -235500000,
      "opex": 584400000,
      "cogs": 1009400000,
      "rd": 43400000,
      "sga": 215800000,
      "fcf": 106500000,
      "ocf": 140400000,
      "capex": -33900000,
      "gross_margin": 0.2579032495221291,
      "op_margin": -0.17806204969857373,
      "fcf_margin": 0.07829730921923246,
      "incr_op_margin_yoy": -3.919447640966628,
      "rev_growth_yoy": 0.0682478598916202,
      "rev_growth_yoy_accel": 0.06610089680553391,
      "fcf_margin_change": -0.10919405221822436
    }
  ],
  "signals": [
    {
      "quarter": "2025-09 (Q3)",
      "signal": "YoY REVENUE GROWTH ACCELERATION",
      "detail": "YoY growth: +6.8% vs prior quarter YoY: +0.2% (accel: +6.6%)",
      "severity": "MEDIUM"
    },
    {
      "quarter": "2025-06 (Q2)",
      "signal": "FCF TURNED POSITIVE",
      "detail": "FCF margin: -5.3% -> +18.7%",
      "severity": "HIGH"
    },
    {
      "quarter": "2025-06 (Q2)",
      "signal": "OPERATING LEVERAGE",
      "detail": "Rev growth +18.4% vs OpEx growth +7.0% (leverage: 2.6x)",
      "severity": "MEDIUM"
    },
    {
      "quarter": "2025-06 (Q2)",
      "signal": "YoY REVENUE GROWTH ACCELERATION",
      "detail": "YoY growth: +0.2% vs prior quarter YoY: -10.5% (accel: +10.7%)",
      "severity": "MEDIUM"
    },
    {
      "quarter": "2025-03 (Q1)",
      "signal": "GROSS MARGIN INFLECTION",
      "detail": "GM: +26.2% -> +21.9% -> +24.9% (reversal +2.9%)",
      "severity": "MEDIUM"
    },
    {
      "quarter": "2025-03 (Q1)",
      "signal": "INCREMENTAL MARGIN (YoY)",
      "detail": "YoY Incr OPM: +37.9% vs year-ago OPM: +8.1%",
      "severity": "HIGH"
    },
    {
      "quarter": "2025-03 (Q1)",
      "signal": "OP MARGIN TURNED POSITIVE (QoQ)",
      "detail": "Op margin: -4.8% -> +4.6%",
      "severity": "HIGH"
    },
    {
      "quarter": "2024-12 (Q4)",
      "signal": "FCF MARGIN EXPANSION",
      "detail": "FCF margin: +2.5% -> +23.9% (+21.4%)",
      "severity": "MEDIUM"
    },
    {
      "quarter": "2024-09 (Q3)",
      "signal": "INCREMENTAL MARGIN (YoY)",
      "detail": "YoY Incr OPM: +30.5% vs year-ago OPM: +12.3%",
      "severity": "MEDIUM"
    },
    {
      "quarter": "2024-06 (Q2)",
      "signal": "FCF TURNED POSITIVE",
      "detail": "FCF margin: -15.2% -> +11.4%",
      "severity": "HIGH"
    },
    {
      "quarter": "2024-06 (Q2)",
      "signal": "YoY REVENUE GROWTH ACCELERATION",
      "detail": "YoY growth: -15.2% vs prior quarter YoY: -21.7% (accel: +6.5%)",
      "severity": "MEDIUM"
    },
    {
      "quarter": "2024-03 (Q1)",
      "signal": "YoY REVENUE GROWTH DECELERATION",
      "detail": "YoY growth: -21.7% vs prior quarter YoY: -14.0% (decel: -7.8%)",
      "severity": "WARNING"
    },
    {
      "quarter": "2024-03 (Q1)",
      "signal": "INCREMENTAL MARGIN (YoY)",
      "detail": "YoY Incr OPM: +33.1% vs year-ago OPM: +13.5%",
      "severity": "MEDIUM"
    },
    {
      "quarter": "2023-12 (Q4)",
      "signal": "FCF MARGIN EXPANSION",
      "detail": "FCF margin: +8.7% -> +16.7% (+8.0%)",
      "severity": "MEDIUM"
    },
    {
      "quarter": "2023-12 (Q4)",
      "signal": "YoY REVENUE GROWTH DECELERATION",
      "detail": "YoY growth: -14.0% vs prior quarter YoY: -6.2% (decel: -7.8%)",
      "severity": "WARNING"
    },
    {
      "quarter": "2023-12 (Q4)",
      "signal": "INCREMENTAL MARGIN (YoY)",
      "detail": "YoY Incr OPM: +37.7% vs year-ago OPM: +12.1%",
      "severity": "HIGH"
    },
    {
      "quarter": "2023-09 (Q3)",
      "signal": "INCREMENTAL MARGIN (YoY)",
      "detail": "YoY Incr OPM: +39.8% vs year-ago OPM: +14.0%",
      "severity": "HIGH"
    },
    {
      "quarter": "2023-07 (Q3)",
      "signal": "FCF TURNED POSITIVE",
      "detail": "FCF margin: -6.3% -> +11.0%",
      "severity": "HIGH"
    },
    {
      "quarter": "2023-07 (Q3)",
      "signal": "YoY REVENUE GROWTH DECELERATION",
      "detail": "YoY growth: -7.3% vs prior quarter YoY: +2.8% (decel: -10.1%)",
      "severity": "WARNING"
    },
    {
      "quarter": "2023-07 (Q3)",
      "signal": "INCREMENTAL MARGIN (YoY)",
      "detail": "YoY Incr OPM: +63.5% vs year-ago OPM: +15.2%",
      "severity": "HIGH"
    },
    {
      "quarter": "2023-04 (Q2)",
      "signal": "YoY REVENUE GROWTH DECELERATION",
      "detail": "YoY growth: +2.8% vs prior quarter YoY: +10.6% (decel: -7.8%)",
      "severity": "WARNING"
    },
    {
      "quarter": "2022-12 (Q4)",
      "signal": "FCF MARGIN EXPANSION",
      "detail": "FCF margin: +3.6% -> +11.7% (+8.1%)",
      "severity": "MEDIUM"
    },
    {
      "quarter": "2022-12 (Q4)",
      "signal": "YoY REVENUE GROWTH DECELERATION",
      "detail": "YoY growth: +10.6% vs prior quarter YoY: +19.0% (decel: -8.4%)",
      "severity": "WARNING"
    },
    {
      "quarter": "2022-12 (Q4)",
      "signal": "INCREMENTAL MARGIN (YoY)",
      "detail": "YoY Incr OPM: +46.0% vs year-ago OPM: +8.5%",
      "severity": "HIGH"
    },
    {
      "quarter": "2022-07 (Q3)",
      "signal": "FCF TURNED POSITIVE",
      "detail": "FCF margin: -14.3% -> +10.5%",
      "severity": "HIGH"
    },
    {
      "quarter": "2022-07 (Q3)",
      "signal": "OPERATING LEVERAGE",
      "detail": "Rev growth +8.3% vs OpEx growth +5.4% (leverage: 1.5x)",
      "severity": "MEDIUM"
    },
    {
      "quarter": "2022-04 (Q2)",
      "signal": "GROSS MARGIN INFLECTION",
      "detail": "GM: +28.8% -> +26.3% -> +28.5% (reversal +2.2%)",
      "severity": "MEDIUM"
    },
    {
      "quarter": "2021-07 (Q3)",
      "signal": "FCF TURNED POSITIVE",
      "detail": "FCF margin: -2.4% -> +17.1%",
      "severity": "HIGH"
    }
  ],
  "data_quality": {
    "n_quarters": 20,
    "coverage": {
      "revenue": [
        20,
        20
      ],
      "gross_profit": [
        20,
        20
      ],
      "op_income": [
        20,
        20
      ],
      "fcf": [
        20,
        20
      ]
    },
    "gaps": [],
    "warnings": []
  },
  "market_cap": null,
  "source": "SEC EDGAR",
  "last_updated": "2026-02-03T01:13:52.973209"
}