{
  "ticker": "BCC",
  "name": "Boise Cascade Company",
  "quarters": [
    {
      "date": "2020-12-31T00:00:00",
      "quarter_label": "2020-12 (Q4)",
      "revenue": 1472200000,
      "gross_profit": 239018000,
      "operating_income": 99100000,
      "net_income": null,
      "opex": 1373091000,
      "cogs": 1233182000,
      "rd": null,
      "sga": null,
      "fcf": -31690000,
      "ocf": 745000,
      "capex": -32435000,
      "gross_margin": 0.16235429968754245,
      "op_margin": 0.06731422361092243,
      "fcf_margin": -0.02152560793370466
    },
    {
      "date": "2021-03-31T00:00:00",
      "quarter_label": "2021-03 (Q1)",
      "revenue": 1821316000,
      "gross_profit": 370882000,
      "operating_income": 205261000,
      "net_income": null,
      "opex": 1616055000,
      "cogs": 1450434000,
      "rd": null,
      "sga": null,
      "fcf": 58950000,
      "ocf": 72251000,
      "capex": -13301000,
      "gross_margin": 0.2036340755805143,
      "op_margin": 0.1126992789828893,
      "fcf_margin": 0.032366706271728794,
      "op_leverage_ratio": 1.340171355670256,
      "fcf_margin_change": 0.05389231420543346
    },
    {
      "date": "2021-06-30T00:00:00",
      "quarter_label": "2021-06 (Q2)",
      "revenue": 2443161000,
      "gross_profit": 578638000,
      "operating_income": 409775000,
      "net_income": null,
      "opex": 2033386000,
      "cogs": 1864523000,
      "rd": null,
      "sga": null,
      "fcf": 200727000,
      "ocf": 218928000,
      "capex": -18201000,
      "gross_margin": 0.23683989716600748,
      "op_margin": 0.16772328962356553,
      "fcf_margin": 0.08215872797576582,
      "op_leverage_ratio": 1.3221244452506167,
      "fcf_margin_change": 0.04979202170403702
    },
    {
      "date": "2021-09-30T00:00:00",
      "quarter_label": "2021-09 (Q3)",
      "revenue": 1879451000,
      "gross_profit": 285046000,
      "operating_income": 129386000,
      "net_income": null,
      "opex": 1750065000,
      "cogs": 1594405000,
      "rd": null,
      "sga": null,
      "fcf": 215954000,
      "ocf": 235912000,
      "capex": -19958000,
      "gross_margin": 0.15166450202745377,
      "op_margin": 0.06884244388387886,
      "fcf_margin": 0.11490270297017587,
      "fcf_margin_change": 0.03274397499441005
    },
    {
      "date": "2021-12-31T00:00:00",
      "quarter_label": "2021-12 (Q4)",
      "revenue": 1782183000,
      "gross_profit": 391469000,
      "operating_income": 227381000,
      "net_income": null,
      "opex": 1554802000,
      "cogs": 1390714000,
      "rd": null,
      "sga": null,
      "fcf": 84835000,
      "ocf": 139893000,
      "capex": -55058000,
      "gross_margin": 0.21965701614256225,
      "op_margin": 0.12758566320069264,
      "fcf_margin": 0.04760173337979321,
      "incr_op_margin_yoy": 0.413832371452628,
      "rev_growth_yoy": 0.21055766879500068,
      "fcf_margin_change": -0.06730096959038265
    },
    {
      "date": "2022-03-31T00:00:00",
      "quarter_label": "2022-03 (Q1)",
      "revenue": 2326282000,
      "gross_profit": 596386000,
      "operating_income": 405628000,
      "net_income": null,
      "opex": 1920654000,
      "cogs": 1729896000,
      "rd": null,
      "sga": null,
      "fcf": 181497000,
      "ocf": 198945000,
      "capex": -17448000,
      "gross_margin": 0.25636874635147416,
      "op_margin": 0.17436751004392417,
      "fcf_margin": 0.07802020563285104,
      "incr_op_margin_yoy": 0.39679305141336246,
      "rev_growth_yoy": 0.2772533706396913,
      "rev_growth_yoy_accel": 0.06669570184469062,
      "op_leverage_ratio": 1.297463915020736,
      "fcf_margin_change": 0.030418472253057834
    },
    {
      "date": "2022-06-30T00:00:00",
      "quarter_label": "2022-06 (Q2)",
      "revenue": 2278072000,
      "gross_profit": 480124000,
      "operating_income": 297075000,
      "net_income": null,
      "opex": 1980997000,
      "cogs": 1797948000,
      "rd": null,
      "sga": null,
      "fcf": 213751000,
      "ocf": 237111000,
      "capex": -23360000,
      "gross_margin": 0.21075892245723576,
      "op_margin": 0.13040632605115202,
      "fcf_margin": 0.09382978237737877,
      "incr_op_margin_yoy": 0.6826620792421058,
      "rev_growth_yoy": -0.06757188740324523,
      "rev_growth_yoy_accel": -0.3448252580429365,
      "fcf_margin_change": 0.015809576744527723
    },
    {
      "date": "2022-09-30T00:00:00",
      "quarter_label": "2022-09 (Q3)",
      "revenue": 2154647000,
      "gross_profit": 498668000,
      "operating_income": 299370000,
      "net_income": null,
      "opex": 1855277000,
      "cogs": 1655979000,
      "rd": null,
      "sga": null,
      "fcf": 357042000,
      "ocf": 378069000,
      "capex": -21027000,
      "gross_margin": 0.23143837482427515,
      "op_margin": 0.13894155283904974,
      "fcf_margin": 0.16570788625700636,
      "incr_op_margin_yoy": 0.6176833965609966,
      "rev_growth_yoy": 0.14642360987330874,
      "rev_growth_yoy_accel": 0.21399549727655398,
      "fcf_margin_change": 0.07187810387962759
    },
    {
      "date": "2022-12-31T00:00:00",
      "quarter_label": "2022-12 (Q4)",
      "revenue": 1628306000,
      "gross_profit": 339589000,
      "operating_income": 155776000,
      "net_income": null,
      "opex": 1472530000,
      "cogs": 1288717000,
      "rd": null,
      "sga": null,
      "fcf": 174812000,
      "ocf": 227094000,
      "capex": -52282000,
      "gross_margin": 0.20855355197364622,
      "op_margin": 0.09566752195226204,
      "fcf_margin": 0.10735819925738774,
      "incr_op_margin_yoy": 0.4653391994905022,
      "rev_growth_yoy": -0.08634186276044603,
      "rev_growth_yoy_accel": -0.23276547263375477,
      "fcf_margin_change": -0.05834968699961862
    },
    {
      "date": "2023-03-31T00:00:00",
      "quarter_label": "2023-03 (Q1)",
      "revenue": 1544329000,
      "gross_profit": 313694000,
      "operating_income": 127602000,
      "net_income": 96733000,
      "opex": 1416727000,
      "cogs": 1230635000,
      "rd": null,
      "sga": null,
      "fcf": 17929000,
      "ocf": 47992000,
      "capex": -30063000,
      "gross_margin": 0.20312640635512252,
      "op_margin": 0.08262617615805959,
      "fcf_margin": 0.011609572830659788,
      "incr_op_margin_yoy": 0.355553338883539,
      "rev_growth_yoy": -0.33613852490798624,
      "rev_growth_yoy_accel": -0.2497966621475402,
      "fcf_margin_change": -0.09574862642672795
    },
    {
      "date": "2023-06-30T00:00:00",
      "quarter_label": "2023-06 (Q2)",
      "revenue": 1815219000,
      "gross_profit": 388783000,
      "operating_income": 189975000,
      "net_income": 146320000,
      "opex": 1625244000,
      "cogs": 1426436000,
      "rd": null,
      "sga": null,
      "fcf": 204002000,
      "ocf": 242226000,
      "capex": -38224000,
      "gross_margin": 0.21417966647550515,
      "op_margin": 0.10465679347781177,
      "fcf_margin": 0.112384235731336,
      "incr_op_margin_yoy": 0.23139095998081463,
      "rev_growth_yoy": -0.2031775115097328,
      "rev_growth_yoy_accel": 0.13296101339825345,
      "op_leverage_ratio": 1.1917848191780203,
      "fcf_margin_change": 0.10077466290067622
    },
    {
      "date": "2023-09-30T00:00:00",
      "quarter_label": "2023-09 (Q3)",
      "revenue": 1834441000,
      "gross_profit": 392263000,
      "operating_income": 185633000,
      "net_income": 143068000,
      "opex": 1648808000,
      "cogs": 1442178000,
      "rd": null,
      "sga": null,
      "fcf": 199947000,
      "ocf": 230911000,
      "capex": -30964000,
      "gross_margin": 0.2138324426896259,
      "op_margin": 0.10119322452997943,
      "fcf_margin": 0.10899614651002676,
      "incr_op_margin_yoy": 0.3551994653441847,
      "rev_growth_yoy": -0.14861181437144924,
      "rev_growth_yoy_accel": 0.05456569713828355,
      "op_leverage_ratio": 0.7303635679752801,
      "fcf_margin_change": -0.0033880892213092456
    },
    {
      "date": "2023-12-31T00:00:00",
      "quarter_label": "2023-12 (Q4)",
      "revenue": 1644256000,
      "gross_profit": 334194000,
      "operating_income": 121176000,
      "net_income": 97535000,
      "opex": 1523080000,
      "cogs": 1310062000,
      "rd": null,
      "sga": null,
      "fcf": 50142000,
      "ocf": 166329000,
      "capex": -116187000,
      "gross_margin": 0.20324937236050833,
      "op_margin": 0.07369655333476052,
      "fcf_margin": 0.03049525134772201,
      "incr_op_margin_yoy": -2.169278996865204,
      "rev_growth_yoy": 0.00979545613662297,
      "rev_growth_yoy_accel": 0.1584072705080722,
      "fcf_margin_change": -0.07850089516230475
    },
    {
      "date": "2024-03-31T00:00:00",
      "quarter_label": "2024-03 (Q1)",
      "revenue": 1645420000,
      "gross_profit": 337981000,
      "operating_income": 132982000,
      "net_income": 104124000,
      "opex": 1512438000,
      "cogs": 1307439000,
      "rd": null,
      "sga": null,
      "fcf": -6868000,
      "ocf": 27462000,
      "capex": -34330000,
      "gross_margin": 0.20540713009444397,
      "op_margin": 0.0808194868179553,
      "fcf_margin": -0.004174010283088816,
      "incr_op_margin_yoy": 0.05321937660128003,
      "rev_growth_yoy": 0.06545949729623675,
      "rev_growth_yoy_accel": 0.05566404115961378,
      "fcf_margin_change": -0.03466926163081083
    },
    {
      "date": "2024-06-30T00:00:00",
      "quarter_label": "2024-06 (Q2)",
      "revenue": 1797670000,
      "gross_profit": 356990000,
      "operating_income": 146981000,
      "net_income": 112292000,
      "opex": 1650689000,
      "cogs": 1440680000,
      "rd": null,
      "sga": null,
      "fcf": 101934000,
      "ocf": 141703000,
      "capex": -39769000,
      "gross_margin": 0.19858483481395361,
      "op_margin": 0.08176194740970257,
      "fcf_margin": 0.05670339940033488,
      "incr_op_margin_yoy": 2.4499401675309134,
      "rev_growth_yoy": -0.009667704007064713,
      "rev_growth_yoy_accel": -0.07512720130330146,
      "op_leverage_ratio": 1.012254762222091,
      "fcf_margin_change": 0.06087740968342369
    },
    {
      "date": "2024-09-30T00:00:00",
      "quarter_label": "2024-09 (Q3)",
      "revenue": 1713724000,
      "gross_profit": 338005000,
      "operating_income": 117356000,
      "net_income": 91038000,
      "opex": 1596368000,
      "cogs": 1375719000,
      "rd": null,
      "sga": null,
      "fcf": 112926000,
      "ocf": 174587000,
      "capex": -61661000,
      "gross_margin": 0.1972342104096109,
      "op_margin": 0.06848010531450806,
      "fcf_margin": 0.06589509162502247,
      "incr_op_margin_yoy": 0.5655955664902209,
      "rev_growth_yoy": -0.06580587764883145,
      "rev_growth_yoy_accel": -0.056138173641766737,
      "fcf_margin_change": 0.00919169222468759
    },
    {
      "date": "2024-12-31T00:00:00",
      "quarter_label": "2024-12 (Q4)",
      "revenue": 1567480000,
      "gross_profit": 297711000,
      "operating_income": 92719000,
      "net_income": 68900000,
      "opex": 1474761000,
      "cogs": 1269769000,
      "rd": null,
      "sga": null,
      "fcf": 759000,
      "ocf": 94568000,
      "capex": -93809000,
      "gross_margin": 0.18992969607267715,
      "op_margin": 0.059151631918748566,
      "fcf_margin": 0.0004842167045193559,
      "incr_op_margin_yoy": 0.3706496821923518,
      "rev_growth_yoy": -0.046693458926103965,
      "rev_growth_yoy_accel": 0.01911241872272748,
      "fcf_margin_change": -0.06541087492050311
    },
    {
      "date": "2025-03-31T00:00:00",
      "quarter_label": "2025-03 (Q1)",
      "revenue": 1536494000,
      "gross_profit": 260311000,
      "operating_income": 54519000,
      "net_income": 40348000,
      "opex": 1481975000,
      "cogs": 1276183000,
      "rd": null,
      "sga": null,
      "fcf": -81681000,
      "ocf": -28476000,
      "capex": -53205000,
      "gross_margin": 0.16941881972855086,
      "op_margin": 0.03548272886194154,
      "fcf_margin": -0.053160637138836855,
      "incr_op_margin_yoy": 0.7203330701577217,
      "rev_growth_yoy": -0.06619951137095696,
      "rev_growth_yoy_accel": -0.019506052444852998,
      "fcf_margin_change": -0.05364485384335621
    },
    {
      "date": "2025-06-30T00:00:00",
      "quarter_label": "2025-06 (Q2)",
      "revenue": 1740114000,
      "gross_profit": 298655000,
      "operating_income": 80530000,
      "net_income": 61985000,
      "opex": 1659584000,
      "cogs": 1441459000,
      "rd": null,
      "sga": null,
      "fcf": -45882000,
      "ocf": 33170000,
      "capex": -79052000,
      "gross_margin": 0.1716295599023972,
      "op_margin": 0.046278577150692425,
      "fcf_margin": -0.026367238008544267,
      "incr_op_margin_yoy": 1.154545138647578,
      "rev_growth_yoy": -0.03201699978305251,
      "rev_growth_yoy_accel": 0.03418251158790445,
      "op_leverage_ratio": 1.1057717049762763,
      "fcf_margin_change": 0.026793399130292588
    },
    {
      "date": "2025-09-30T00:00:00",
      "quarter_label": "2025-09 (Q3)",
      "revenue": 1667806000,
      "gross_profit": 263495000,
      "operating_income": 32329000,
      "net_income": 21769000,
      "opex": 1635477000,
      "cogs": 1404311000,
      "rd": null,
      "sga": null,
      "fcf": 63248000,
      "ocf": 118438000,
      "capex": -55190000,
      "gross_margin": 0.15798899872047467,
      "op_margin": 0.019384148995746506,
      "fcf_margin": 0.037922875922019705,
      "incr_op_margin_yoy": 1.8517139248225096,
      "rev_growth_yoy": -0.026794279592279736,
      "rev_growth_yoy_accel": 0.005222720190772773,
      "fcf_margin_change": 0.06429011393056397
    }
  ],
  "signals": [
    {
      "quarter": "2025-09 (Q3)",
      "signal": "FCF TURNED POSITIVE",
      "detail": "FCF margin: -2.6% -> +3.8%",
      "severity": "HIGH"
    },
    {
      "quarter": "2025-09 (Q3)",
      "signal": "INCREMENTAL MARGIN (YoY)",
      "detail": "YoY Incr OPM: +185.2% vs year-ago OPM: +6.8%",
      "severity": "HIGH"
    },
    {
      "quarter": "2025-06 (Q2)",
      "signal": "INCREMENTAL MARGIN (YoY)",
      "detail": "YoY Incr OPM: +115.5% vs year-ago OPM: +8.2%",
      "severity": "HIGH"
    },
    {
      "quarter": "2025-03 (Q1)",
      "signal": "INCREMENTAL MARGIN (YoY)",
      "detail": "YoY Incr OPM: +72.0% vs year-ago OPM: +8.1%",
      "severity": "HIGH"
    },
    {
      "quarter": "2024-12 (Q4)",
      "signal": "INCREMENTAL MARGIN (YoY)",
      "detail": "YoY Incr OPM: +37.1% vs year-ago OPM: +7.4%",
      "severity": "HIGH"
    },
    {
      "quarter": "2024-09 (Q3)",
      "signal": "YoY REVENUE GROWTH DECELERATION",
      "detail": "YoY growth: -6.6% vs prior quarter YoY: -1.0% (decel: -5.6%)",
      "severity": "WARNING"
    },
    {
      "quarter": "2024-09 (Q3)",
      "signal": "INCREMENTAL MARGIN (YoY)",
      "detail": "YoY Incr OPM: +56.6% vs year-ago OPM: +10.1%",
      "severity": "HIGH"
    },
    {
      "quarter": "2024-06 (Q2)",
      "signal": "FCF TURNED POSITIVE",
      "detail": "FCF margin: -0.4% -> +5.7%",
      "severity": "HIGH"
    },
    {
      "quarter": "2024-06 (Q2)",
      "signal": "YoY REVENUE GROWTH DECELERATION",
      "detail": "YoY growth: -1.0% vs prior quarter YoY: +6.5% (decel: -7.5%)",
      "severity": "WARNING"
    },
    {
      "quarter": "2024-06 (Q2)",
      "signal": "INCREMENTAL MARGIN (YoY)",
      "detail": "YoY Incr OPM: +245.0% vs year-ago OPM: +10.5%",
      "severity": "HIGH"
    },
    {
      "quarter": "2024-03 (Q1)",
      "signal": "YoY REVENUE GROWTH ACCELERATION",
      "detail": "YoY growth: +6.5% vs prior quarter YoY: +1.0% (accel: +5.6%)",
      "severity": "MEDIUM"
    },
    {
      "quarter": "2023-12 (Q4)",
      "signal": "YoY REVENUE GROWTH ACCELERATION",
      "detail": "YoY growth: +1.0% vs prior quarter YoY: -14.9% (accel: +15.8%)",
      "severity": "HIGH"
    },
    {
      "quarter": "2023-09 (Q3)",
      "signal": "YoY REVENUE GROWTH ACCELERATION",
      "detail": "YoY growth: -14.9% vs prior quarter YoY: -20.3% (accel: +5.5%)",
      "severity": "MEDIUM"
    },
    {
      "quarter": "2023-09 (Q3)",
      "signal": "INCREMENTAL MARGIN (YoY)",
      "detail": "YoY Incr OPM: +35.5% vs year-ago OPM: +13.9%",
      "severity": "HIGH"
    },
    {
      "quarter": "2023-06 (Q2)",
      "signal": "FCF MARGIN EXPANSION",
      "detail": "FCF margin: +1.2% -> +11.2% (+10.1%)",
      "severity": "MEDIUM"
    },
    {
      "quarter": "2023-06 (Q2)",
      "signal": "YoY REVENUE GROWTH ACCELERATION",
      "detail": "YoY growth: -20.3% vs prior quarter YoY: -33.6% (accel: +13.3%)",
      "severity": "MEDIUM"
    },
    {
      "quarter": "2023-06 (Q2)",
      "signal": "INCREMENTAL MARGIN (YoY)",
      "detail": "YoY Incr OPM: +23.1% vs year-ago OPM: +13.0%",
      "severity": "MEDIUM"
    },
    {
      "quarter": "2023-03 (Q1)",
      "signal": "YoY REVENUE GROWTH DECELERATION",
      "detail": "YoY growth: -33.6% vs prior quarter YoY: -8.6% (decel: -25.0%)",
      "severity": "WARNING"
    },
    {
      "quarter": "2023-03 (Q1)",
      "signal": "INCREMENTAL MARGIN (YoY)",
      "detail": "YoY Incr OPM: +35.6% vs year-ago OPM: +17.4%",
      "severity": "MEDIUM"
    },
    {
      "quarter": "2022-12 (Q4)",
      "signal": "YoY REVENUE GROWTH DECELERATION",
      "detail": "YoY growth: -8.6% vs prior quarter YoY: +14.6% (decel: -23.3%)",
      "severity": "WARNING"
    },
    {
      "quarter": "2022-12 (Q4)",
      "signal": "INCREMENTAL MARGIN (YoY)",
      "detail": "YoY Incr OPM: +46.5% vs year-ago OPM: +12.8%",
      "severity": "HIGH"
    },
    {
      "quarter": "2022-09 (Q3)",
      "signal": "FCF MARGIN EXPANSION",
      "detail": "FCF margin: +9.4% -> +16.6% (+7.2%)",
      "severity": "MEDIUM"
    },
    {
      "quarter": "2022-09 (Q3)",
      "signal": "GROSS MARGIN INFLECTION",
      "detail": "GM: +25.6% -> +21.1% -> +23.1% (reversal +2.1%)",
      "severity": "MEDIUM"
    },
    {
      "quarter": "2022-09 (Q3)",
      "signal": "YoY REVENUE GROWTH ACCELERATION",
      "detail": "YoY growth: +14.6% vs prior quarter YoY: -6.8% (accel: +21.4%)",
      "severity": "HIGH"
    },
    {
      "quarter": "2022-09 (Q3)",
      "signal": "INCREMENTAL MARGIN (YoY)",
      "detail": "YoY Incr OPM: +61.8% vs year-ago OPM: +6.9%",
      "severity": "HIGH"
    },
    {
      "quarter": "2022-06 (Q2)",
      "signal": "YoY REVENUE GROWTH DECELERATION",
      "detail": "YoY growth: -6.8% vs prior quarter YoY: +27.7% (decel: -34.5%)",
      "severity": "WARNING"
    },
    {
      "quarter": "2022-06 (Q2)",
      "signal": "INCREMENTAL MARGIN (YoY)",
      "detail": "YoY Incr OPM: +68.3% vs year-ago OPM: +16.8%",
      "severity": "HIGH"
    },
    {
      "quarter": "2022-03 (Q1)",
      "signal": "YoY REVENUE GROWTH ACCELERATION",
      "detail": "YoY growth: +27.7% vs prior quarter YoY: +21.1% (accel: +6.7%)",
      "severity": "MEDIUM"
    },
    {
      "quarter": "2022-03 (Q1)",
      "signal": "INCREMENTAL MARGIN (YoY)",
      "detail": "YoY Incr OPM: +39.7% vs year-ago OPM: +11.3%",
      "severity": "HIGH"
    },
    {
      "quarter": "2021-12 (Q4)",
      "signal": "GROSS MARGIN INFLECTION",
      "detail": "GM: +23.7% -> +15.2% -> +22.0% (reversal +6.8%)",
      "severity": "HIGH"
    },
    {
      "quarter": "2021-12 (Q4)",
      "signal": "INCREMENTAL MARGIN (YoY)",
      "detail": "YoY Incr OPM: +41.4% vs year-ago OPM: +6.7%",
      "severity": "HIGH"
    },
    {
      "quarter": "2021-03 (Q1)",
      "signal": "FCF TURNED POSITIVE",
      "detail": "FCF margin: -2.2% -> +3.2%",
      "severity": "HIGH"
    }
  ],
  "data_quality": {
    "n_quarters": 20,
    "coverage": {
      "revenue": [
        20,
        20
      ],
      "gross_profit": [
        20,
        20
      ],
      "op_income": [
        20,
        20
      ],
      "fcf": [
        20,
        20
      ]
    },
    "gaps": [],
    "warnings": []
  },
  "market_cap": null,
  "source": "SEC EDGAR",
  "last_updated": "2026-02-02T21:22:00.404692",
  "sector": "Basic Materials",
  "industry": "Lumber & Wood Production"
}