{
  "ticker": "BCHTD",
  "name": "BIRCHTECH CORP.",
  "quarters": [
    {
      "date": "2020-12-31T00:00:00",
      "quarter_label": "2020-12 (Q4)",
      "revenue": 2346073,
      "gross_profit": 1103803,
      "operating_income": null,
      "net_income": -2022847,
      "opex": 4358920,
      "cogs": 1242270,
      "rd": null,
      "sga": 2358721,
      "fcf": 298492,
      "ocf": 298492,
      "capex": null,
      "gross_margin": 0.4704896224456784,
      "op_margin": null,
      "fcf_margin": 0.1272304825979413
    },
    {
      "date": "2021-03-31T00:00:00",
      "quarter_label": "2021-03 (Q1)",
      "revenue": 3026638,
      "gross_profit": 1535905,
      "operating_income": null,
      "net_income": -417934,
      "opex": 3441332,
      "cogs": 1490733,
      "rd": null,
      "sga": 1453225,
      "fcf": 888197,
      "ocf": 888197,
      "capex": null,
      "gross_margin": 0.507462405480933,
      "op_margin": null,
      "fcf_margin": 0.293459938056682,
      "op_leverage_ratio": Infinity,
      "fcf_margin_change": 0.1662294554587407
    },
    {
      "date": "2021-06-30T00:00:00",
      "quarter_label": "2021-06 (Q2)",
      "revenue": 2270696,
      "gross_profit": 780863,
      "operating_income": null,
      "net_income": -1729683,
      "opex": 3999101,
      "cogs": 1489833,
      "rd": null,
      "sga": 1260411,
      "fcf": -386442,
      "ocf": -386442,
      "capex": null,
      "gross_margin": 0.34388707250992645,
      "op_margin": null,
      "fcf_margin": -0.17018658596307035,
      "fcf_margin_change": -0.46364652401975237
    },
    {
      "date": "2021-09-30T00:00:00",
      "quarter_label": "2021-09 (Q3)",
      "revenue": 5019717,
      "gross_profit": 1779210,
      "operating_income": null,
      "net_income": -206648,
      "opex": 5224810,
      "cogs": 3240507,
      "rd": null,
      "sga": 1340585,
      "fcf": -807788,
      "ocf": -807788,
      "capex": null,
      "gross_margin": 0.3544442844088621,
      "op_margin": null,
      "fcf_margin": -0.16092301617800367,
      "op_leverage_ratio": 3.949972392492075,
      "fcf_margin_change": 0.009263569785066678
    },
    {
      "date": "2021-12-31T00:00:00",
      "quarter_label": "2021-12 (Q4)",
      "revenue": 2694998,
      "gross_profit": 977124,
      "operating_income": null,
      "net_income": -1278418,
      "opex": 3956489,
      "cogs": 1717874,
      "rd": null,
      "sga": 1879911,
      "fcf": 89078,
      "ocf": 100053,
      "capex": -10975,
      "gross_margin": 0.3625694712945984,
      "op_margin": null,
      "fcf_margin": 0.033053085753681447,
      "rev_growth_yoy": 0.14872725614249854,
      "fcf_margin_change": 0.19397610193168513
    },
    {
      "date": "2022-03-31T00:00:00",
      "quarter_label": "2022-03 (Q1)",
      "revenue": 3341585,
      "gross_profit": 999554,
      "operating_income": null,
      "net_income": -1148181,
      "opex": 4475524,
      "cogs": 2342031,
      "rd": null,
      "sga": 1486177,
      "fcf": -1008935,
      "ocf": -1008935,
      "capex": null,
      "gross_margin": 0.29912571429426454,
      "op_margin": null,
      "fcf_margin": -0.30193306469833925,
      "rev_growth_yoy": 0.10405836442944283,
      "rev_growth_yoy_accel": -0.044668891713055714,
      "op_leverage_ratio": 1.828865803558866,
      "fcf_margin_change": -0.3349861504520207
    },
    {
      "date": "2022-06-30T00:00:00",
      "quarter_label": "2022-06 (Q2)",
      "revenue": 5128882,
      "gross_profit": 1765435,
      "operating_income": null,
      "net_income": -356667,
      "opex": 5485549,
      "cogs": 3363447,
      "rd": null,
      "sga": 1459759,
      "fcf": -118081,
      "ocf": -118081,
      "capex": null,
      "gross_margin": 0.34421439214238114,
      "op_margin": null,
      "fcf_margin": -0.023022756226405677,
      "rev_growth_yoy": 1.2587268397002505,
      "rev_growth_yoy_accel": 1.1546684752708076,
      "op_leverage_ratio": 2.370041662726177,
      "fcf_margin_change": 0.27891030847193354
    },
    {
      "date": "2022-09-30T00:00:00",
      "quarter_label": "2022-09 (Q3)",
      "revenue": 7485972,
      "gross_profit": 2381085,
      "operating_income": null,
      "net_income": 569379,
      "opex": 6916593,
      "cogs": 5104887,
      "rd": null,
      "sga": 1325460,
      "fcf": 759261,
      "ocf": 759261,
      "capex": null,
      "gross_margin": 0.3180729235962945,
      "op_margin": null,
      "fcf_margin": 0.1014245043930167,
      "rev_growth_yoy": 0.4913135541306412,
      "rev_growth_yoy_accel": -0.7674132855696092,
      "op_leverage_ratio": 1.7616538189497577,
      "fcf_margin_change": 0.12444726061942238
    },
    {
      "date": "2022-12-31T00:00:00",
      "quarter_label": "2022-12 (Q4)",
      "revenue": 5663714,
      "gross_profit": 1875334,
      "operating_income": null,
      "net_income": -646007,
      "opex": -10774487,
      "cogs": 3788380,
      "rd": null,
      "sga": 1831783,
      "fcf": 438744,
      "ocf": 438744,
      "capex": null,
      "gross_margin": 0.33111382389718125,
      "op_margin": null,
      "fcf_margin": 0.07746577599080745,
      "rev_growth_yoy": 1.1015651959667503,
      "rev_growth_yoy_accel": 0.610251641836109,
      "fcf_margin_change": -0.02395872840220925
    },
    {
      "date": "2023-03-31T00:00:00",
      "quarter_label": "2023-03 (Q1)",
      "revenue": 3012749,
      "gross_profit": 1017332,
      "operating_income": -900576,
      "net_income": -1446984,
      "opex": 1917908,
      "cogs": 1995417,
      "rd": null,
      "sga": 1917908,
      "fcf": 777564,
      "ocf": 777564,
      "capex": null,
      "gross_margin": 0.3376756576800789,
      "op_margin": -0.2989216824899784,
      "fcf_margin": 0.25809119843704204,
      "rev_growth_yoy": -0.09840719299374398,
      "rev_growth_yoy_accel": -1.1999723889604943,
      "fcf_margin_change": 0.18062542244623458
    },
    {
      "date": "2023-06-30T00:00:00",
      "quarter_label": "2023-06 (Q2)",
      "revenue": 4111721,
      "gross_profit": 1460644,
      "operating_income": -301854,
      "net_income": -764470,
      "opex": -1762498,
      "cogs": 2651077,
      "rd": null,
      "sga": 1762498,
      "fcf": -545072,
      "ocf": -545072,
      "capex": null,
      "gross_margin": 0.355239083585681,
      "op_margin": -0.07341305502002689,
      "fcf_margin": -0.1325654148226497,
      "rev_growth_yoy": -0.1983202187143319,
      "rev_growth_yoy_accel": -0.09991302572058791,
      "op_leverage_ratio": Infinity,
      "fcf_margin_change": -0.3906566132596917
    },
    {
      "date": "2023-09-30T00:00:00",
      "quarter_label": "2023-09 (Q3)",
      "revenue": 6747256,
      "gross_profit": 2275468,
      "operating_income": -183761,
      "net_income": -827502,
      "opex": -2459229,
      "cogs": 4471788,
      "rd": null,
      "sga": 2459229,
      "fcf": 550911,
      "ocf": 553652,
      "capex": -2741,
      "gross_margin": 0.3372434660845831,
      "op_margin": -0.027234923352545095,
      "fcf_margin": 0.08164963653372571,
      "rev_growth_yoy": -0.09868003780938533,
      "rev_growth_yoy_accel": 0.09964018090494656,
      "op_leverage_ratio": 1.6214689946624945,
      "fcf_margin_change": 0.21421505135637542
    },
    {
      "date": "2023-12-31T00:00:00",
      "quarter_label": "2023-12 (Q4)",
      "revenue": 4068645,
      "gross_profit": 1014550,
      "operating_income": -7252178,
      "net_income": 8942969,
      "opex": 20586208,
      "cogs": 3054095,
      "rd": null,
      "sga": 8047021,
      "fcf": 18442634,
      "ocf": 18439893,
      "capex": 2741,
      "gross_margin": 0.24935820156341976,
      "op_margin": -1.7824553383251671,
      "fcf_margin": 4.532868805216479,
      "rev_growth_yoy": -0.28162951024716293,
      "rev_growth_yoy_accel": -0.1829494724377776,
      "fcf_margin_change": 4.451219168682753
    },
    {
      "date": "2024-03-31T00:00:00",
      "quarter_label": "2024-03 (Q1)",
      "revenue": 3556766,
      "gross_profit": 1443284,
      "operating_income": -2083492,
      "net_income": -2558991,
      "opex": 3526776,
      "cogs": 2113482,
      "rd": 0,
      "sga": 3526776,
      "fcf": -439220,
      "ocf": -439220,
      "capex": null,
      "gross_margin": 0.40578548040551443,
      "op_margin": -0.5857827026011833,
      "fcf_margin": -0.12348858485489346,
      "rev_growth_yoy": 0.1805716307598144,
      "rev_growth_yoy_accel": 0.4622011410069773,
      "fcf_margin_change": -4.656357390071372
    },
    {
      "date": "2024-06-30T00:00:00",
      "quarter_label": "2024-06 (Q2)",
      "revenue": 3361433,
      "gross_profit": 1060600,
      "operating_income": -3573510,
      "net_income": -6159322,
      "opex": -4634110,
      "cogs": 2300833,
      "rd": 0,
      "sga": 4634110,
      "fcf": -2749673,
      "ocf": -2683399,
      "capex": -66274,
      "gross_margin": 0.31552019629723393,
      "op_margin": -1.0630912470961045,
      "fcf_margin": -0.8180061896221046,
      "rev_growth_yoy": -0.1824754160119327,
      "rev_growth_yoy_accel": -0.3630470467717471,
      "fcf_margin_change": -0.6945176047672111
    },
    {
      "date": "2024-09-30T00:00:00",
      "quarter_label": "2024-09 (Q3)",
      "revenue": 5236990,
      "gross_profit": 1594919,
      "operating_income": -1107431,
      "net_income": -470236,
      "opex": -2702350,
      "cogs": 3642071,
      "rd": 0,
      "sga": 2702350,
      "fcf": -787916,
      "ocf": -152166,
      "capex": -635750,
      "gross_margin": 0.30454879615962605,
      "op_margin": -0.21146326420329234,
      "fcf_margin": -0.15045207266005856,
      "incr_op_margin_yoy": 0.6115942489601169,
      "rev_growth_yoy": -0.2238341038193897,
      "rev_growth_yoy_accel": -0.041358687807456995,
      "op_leverage_ratio": Infinity,
      "fcf_margin_change": 0.667554116962046
    },
    {
      "date": "2024-12-31T00:00:00",
      "quarter_label": "2024-12 (Q4)",
      "revenue": 5250996,
      "gross_profit": 3002306,
      "operating_income": -393835,
      "net_income": null,
      "opex": 25122613,
      "cogs": 2248690,
      "rd": null,
      "sga": 3353141,
      "fcf": -937790,
      "ocf": -830382,
      "capex": -107408,
      "gross_margin": 0.5717593386092847,
      "op_margin": -0.07500196153263114,
      "fcf_margin": -0.17859278506401452,
      "incr_op_margin_yoy": 5.8005981303352385,
      "rev_growth_yoy": 0.29060067909586607,
      "rev_growth_yoy_accel": 0.5144347829152558,
      "fcf_margin_change": -0.028140712403955964
    },
    {
      "date": "2025-03-31T00:00:00",
      "quarter_label": "2025-03 (Q1)",
      "revenue": 3221011,
      "gross_profit": 1234346,
      "operating_income": -1342953,
      "net_income": -1679220,
      "opex": -2577299,
      "cogs": 1986665,
      "rd": 406676,
      "sga": 2170623,
      "fcf": -268488,
      "ocf": -254335,
      "capex": -14153,
      "gross_margin": 0.3832169464804684,
      "op_margin": -0.41693524176104957,
      "fcf_margin": -0.08335519499933405,
      "rev_growth_yoy": -0.09439895680514265,
      "rev_growth_yoy_accel": -0.3849996359010087,
      "fcf_margin_change": 0.09523759006468047
    },
    {
      "date": "2025-06-30T00:00:00",
      "quarter_label": "2025-06 (Q2)",
      "revenue": 3253911,
      "gross_profit": 968078,
      "operating_income": -1185347,
      "net_income": -1541916,
      "opex": 2153425,
      "cogs": 2285833,
      "rd": 455485,
      "sga": 1697940,
      "fcf": -1733525,
      "ocf": -1731412,
      "capex": -2113,
      "gross_margin": 0.2975121323232258,
      "op_margin": -0.3642837803492474,
      "fcf_margin": -0.5327512030906807,
      "rev_growth_yoy": -0.0319869531833596,
      "rev_growth_yoy_accel": 0.062412003621783056,
      "op_leverage_ratio": Infinity,
      "fcf_margin_change": -0.4493960080913466
    },
    {
      "date": "2025-09-30T00:00:00",
      "quarter_label": "2025-09 (Q3)",
      "revenue": 7361889,
      "gross_profit": 4032251,
      "operating_income": 810848,
      "net_income": null,
      "opex": 3221403,
      "cogs": 3329638,
      "rd": 473303,
      "sga": 2748100,
      "fcf": 314158,
      "ocf": 321287,
      "capex": -7129,
      "gross_margin": 0.5477196138110748,
      "op_margin": 0.1101412966155833,
      "fcf_margin": 0.042673558376117866,
      "incr_op_margin_yoy": 0.9027624371793671,
      "rev_growth_yoy": 0.40574814922312247,
      "rev_growth_yoy_accel": 0.43773510240648206,
      "op_leverage_ratio": 2.5455983641502367,
      "fcf_margin_change": 0.5754247614667986
    }
  ],
  "signals": [
    {
      "quarter": "2025-09 (Q3)",
      "signal": "FCF TURNED POSITIVE",
      "detail": "FCF margin: -53.3% -> +4.3%",
      "severity": "HIGH"
    },
    {
      "quarter": "2025-09 (Q3)",
      "signal": "OPERATING LEVERAGE",
      "detail": "Rev growth +126.2% vs OpEx growth +49.6% (leverage: 2.5x)",
      "severity": "MEDIUM"
    },
    {
      "quarter": "2025-09 (Q3)",
      "signal": "GROSS MARGIN INFLECTION",
      "detail": "GM: +38.3% -> +29.8% -> +54.8% (reversal +25.0%)",
      "severity": "HIGH"
    },
    {
      "quarter": "2025-09 (Q3)",
      "signal": "YoY REVENUE GROWTH ACCELERATION",
      "detail": "YoY growth: +40.6% vs prior quarter YoY: -3.2% (accel: +43.8%)",
      "severity": "HIGH"
    },
    {
      "quarter": "2025-09 (Q3)",
      "signal": "OP MARGIN TURNED POSITIVE (YoY)",
      "detail": "Op margin: -21.1% (year-ago) -> +11.0%",
      "severity": "HIGH"
    },
    {
      "quarter": "2025-09 (Q3)",
      "signal": "OP MARGIN TURNED POSITIVE (QoQ)",
      "detail": "Op margin: -36.4% -> +11.0%",
      "severity": "HIGH"
    },
    {
      "quarter": "2025-06 (Q2)",
      "signal": "YoY REVENUE GROWTH ACCELERATION",
      "detail": "YoY growth: -3.2% vs prior quarter YoY: -9.4% (accel: +6.2%)",
      "severity": "MEDIUM"
    },
    {
      "quarter": "2025-03 (Q1)",
      "signal": "FCF MARGIN EXPANSION",
      "detail": "FCF margin: -17.9% -> -8.3% (+9.5%)",
      "severity": "MEDIUM"
    },
    {
      "quarter": "2025-03 (Q1)",
      "signal": "YoY REVENUE GROWTH DECELERATION",
      "detail": "YoY growth: -9.4% vs prior quarter YoY: +29.1% (decel: -38.5%)",
      "severity": "WARNING"
    },
    {
      "quarter": "2024-12 (Q4)",
      "signal": "GROSS MARGIN INFLECTION",
      "detail": "GM: +31.6% -> +30.5% -> +57.2% (reversal +26.7%)",
      "severity": "HIGH"
    },
    {
      "quarter": "2024-12 (Q4)",
      "signal": "YoY REVENUE GROWTH ACCELERATION",
      "detail": "YoY growth: +29.1% vs prior quarter YoY: -22.4% (accel: +51.4%)",
      "severity": "HIGH"
    },
    {
      "quarter": "2024-09 (Q3)",
      "signal": "FCF MARGIN EXPANSION",
      "detail": "FCF margin: -81.8% -> -15.0% (+66.8%)",
      "severity": "MEDIUM"
    },
    {
      "quarter": "2024-06 (Q2)",
      "signal": "YoY REVENUE GROWTH DECELERATION",
      "detail": "YoY growth: -18.2% vs prior quarter YoY: +18.1% (decel: -36.3%)",
      "severity": "WARNING"
    },
    {
      "quarter": "2024-03 (Q1)",
      "signal": "GROSS MARGIN INFLECTION",
      "detail": "GM: +33.7% -> +24.9% -> +40.6% (reversal +15.6%)",
      "severity": "HIGH"
    },
    {
      "quarter": "2024-03 (Q1)",
      "signal": "YoY REVENUE GROWTH ACCELERATION",
      "detail": "YoY growth: +18.1% vs prior quarter YoY: -28.2% (accel: +46.2%)",
      "severity": "HIGH"
    },
    {
      "quarter": "2023-12 (Q4)",
      "signal": "FCF MARGIN EXPANSION",
      "detail": "FCF margin: +8.2% -> +453.3% (+445.1%)",
      "severity": "MEDIUM"
    },
    {
      "quarter": "2023-12 (Q4)",
      "signal": "YoY REVENUE GROWTH DECELERATION",
      "detail": "YoY growth: -28.2% vs prior quarter YoY: -9.9% (decel: -18.3%)",
      "severity": "WARNING"
    },
    {
      "quarter": "2023-09 (Q3)",
      "signal": "FCF TURNED POSITIVE",
      "detail": "FCF margin: -13.3% -> +8.2%",
      "severity": "HIGH"
    },
    {
      "quarter": "2023-09 (Q3)",
      "signal": "OPERATING LEVERAGE",
      "detail": "Rev growth +64.1% vs OpEx growth +39.5% (leverage: 1.6x)",
      "severity": "MEDIUM"
    },
    {
      "quarter": "2023-09 (Q3)",
      "signal": "YoY REVENUE GROWTH ACCELERATION",
      "detail": "YoY growth: -9.9% vs prior quarter YoY: -19.8% (accel: +10.0%)",
      "severity": "MEDIUM"
    },
    {
      "quarter": "2023-06 (Q2)",
      "signal": "YoY REVENUE GROWTH DECELERATION",
      "detail": "YoY growth: -19.8% vs prior quarter YoY: -9.8% (decel: -10.0%)",
      "severity": "WARNING"
    },
    {
      "quarter": "2023-03 (Q1)",
      "signal": "FCF MARGIN EXPANSION",
      "detail": "FCF margin: +7.7% -> +25.8% (+18.1%)",
      "severity": "MEDIUM"
    },
    {
      "quarter": "2023-03 (Q1)",
      "signal": "YoY REVENUE GROWTH DECELERATION",
      "detail": "YoY growth: -9.8% vs prior quarter YoY: +110.2% (decel: -120.0%)",
      "severity": "WARNING"
    },
    {
      "quarter": "2022-12 (Q4)",
      "signal": "YoY REVENUE GROWTH ACCELERATION",
      "detail": "YoY growth: +110.2% vs prior quarter YoY: +49.1% (accel: +61.0%)",
      "severity": "HIGH"
    },
    {
      "quarter": "2022-09 (Q3)",
      "signal": "FCF TURNED POSITIVE",
      "detail": "FCF margin: -2.3% -> +10.1%",
      "severity": "HIGH"
    },
    {
      "quarter": "2022-09 (Q3)",
      "signal": "OPERATING LEVERAGE",
      "detail": "Rev growth +46.0% vs OpEx growth +26.1% (leverage: 1.8x)",
      "severity": "MEDIUM"
    },
    {
      "quarter": "2022-09 (Q3)",
      "signal": "YoY REVENUE GROWTH DECELERATION",
      "detail": "YoY growth: +49.1% vs prior quarter YoY: +125.9% (decel: -76.7%)",
      "severity": "WARNING"
    },
    {
      "quarter": "2022-06 (Q2)",
      "signal": "FCF MARGIN EXPANSION",
      "detail": "FCF margin: -30.2% -> -2.3% (+27.9%)",
      "severity": "MEDIUM"
    },
    {
      "quarter": "2022-06 (Q2)",
      "signal": "OPERATING LEVERAGE",
      "detail": "Rev growth +53.5% vs OpEx growth +22.6% (leverage: 2.4x)",
      "severity": "MEDIUM"
    },
    {
      "quarter": "2022-06 (Q2)",
      "signal": "GROSS MARGIN INFLECTION",
      "detail": "GM: +36.3% -> +29.9% -> +34.4% (reversal +4.5%)",
      "severity": "MEDIUM"
    },
    {
      "quarter": "2022-06 (Q2)",
      "signal": "YoY REVENUE GROWTH ACCELERATION",
      "detail": "YoY growth: +125.9% vs prior quarter YoY: +10.4% (accel: +115.5%)",
      "severity": "HIGH"
    },
    {
      "quarter": "2022-03 (Q1)",
      "signal": "OPERATING LEVERAGE",
      "detail": "Rev growth +24.0% vs OpEx growth +13.1% (leverage: 1.8x)",
      "severity": "MEDIUM"
    },
    {
      "quarter": "2021-12 (Q4)",
      "signal": "FCF TURNED POSITIVE",
      "detail": "FCF margin: -16.1% -> +3.3%",
      "severity": "HIGH"
    },
    {
      "quarter": "2021-09 (Q3)",
      "signal": "OPERATING LEVERAGE",
      "detail": "Rev growth +121.1% vs OpEx growth +30.6% (leverage: 3.9x)",
      "severity": "MEDIUM"
    },
    {
      "quarter": "2021-03 (Q1)",
      "signal": "FCF MARGIN EXPANSION",
      "detail": "FCF margin: +12.7% -> +29.3% (+16.6%)",
      "severity": "MEDIUM"
    }
  ],
  "data_quality": {
    "n_quarters": 20,
    "coverage": {
      "revenue": [
        20,
        20
      ],
      "gross_profit": [
        20,
        20
      ],
      "op_income": [
        11,
        20
      ],
      "fcf": [
        20,
        20
      ]
    },
    "gaps": [],
    "warnings": [
      "op_income: 11/20Q"
    ]
  },
  "market_cap": null,
  "source": "SEC EDGAR",
  "last_updated": "2026-02-03T01:13:50.720789"
}