{
  "ticker": "BCRX",
  "name": "BioCryst Pharmaceuticals, Inc.",
  "quarters": [
    {
      "date": "2020-12-31T00:00:00",
      "quarter_label": "2020-12 (Q4)",
      "revenue": 4016000,
      "gross_profit": 3983000,
      "operating_income": -52405000,
      "net_income": -60493000,
      "opex": 56421000,
      "cogs": 33000,
      "rd": 35354000,
      "sga": 20986000,
      "fcf": -42531000,
      "ocf": -42531000,
      "capex": null,
      "gross_margin": 0.9917828685258964,
      "op_margin": -13.049053784860558,
      "fcf_margin": -10.59038844621514
    },
    {
      "date": "2021-03-31T00:00:00",
      "quarter_label": "2021-03 (Q1)",
      "revenue": 19059000,
      "gross_profit": 13136000,
      "operating_income": -51377000,
      "net_income": -64284000,
      "opex": 70436000,
      "cogs": 5923000,
      "rd": 42435000,
      "sga": 22114000,
      "fcf": -61011000,
      "ocf": -61011000,
      "capex": null,
      "gross_margin": 0.6892281861587701,
      "op_margin": -2.6956818301065115,
      "fcf_margin": -3.201164804029592,
      "op_leverage_ratio": 15.079551629372627,
      "fcf_margin_change": 7.389223642185549
    },
    {
      "date": "2021-06-30T00:00:00",
      "quarter_label": "2021-06 (Q2)",
      "revenue": 49959000,
      "gross_profit": 49662000,
      "operating_income": -29582000,
      "net_income": -43198000,
      "opex": 79541000,
      "cogs": 297000,
      "rd": 52873000,
      "sga": 26325000,
      "fcf": -25411000,
      "ocf": -25411000,
      "capex": null,
      "gross_margin": 0.9940551252026661,
      "op_margin": -0.592125542945215,
      "fcf_margin": -0.5086370824075742,
      "op_leverage_ratio": 12.542182158186842,
      "fcf_margin_change": 2.692527721622018
    },
    {
      "date": "2021-09-30T00:00:00",
      "quarter_label": "2021-09 (Q3)",
      "revenue": 40994000,
      "gross_profit": 40403000,
      "operating_income": -44584000,
      "net_income": -58801000,
      "opex": 85578000,
      "cogs": 591000,
      "rd": 49971000,
      "sga": 34992000,
      "fcf": -23276000,
      "ocf": -23276000,
      "capex": null,
      "gross_margin": 0.9855832560862565,
      "op_margin": -1.0875737912865298,
      "fcf_margin": -0.5677904083524418,
      "fcf_margin_change": -0.05915332594486755
    },
    {
      "date": "2021-12-31T00:00:00",
      "quarter_label": "2021-12 (Q4)",
      "revenue": 47158000,
      "gross_profit": 46740000,
      "operating_income": -52177000,
      "net_income": -17779000,
      "opex": 99335000,
      "cogs": 418000,
      "rd": 63529000,
      "sga": 35387000,
      "fcf": -32459000,
      "ocf": -32459000,
      "capex": null,
      "gross_margin": 0.9911361804995971,
      "op_margin": -1.1064294499342635,
      "fcf_margin": -0.6883031511090377,
      "incr_op_margin_yoy": 0.005284873209401512,
      "rev_growth_yoy": 10.742529880478088,
      "op_leverage_ratio": 0.9353641672959344,
      "fcf_margin_change": -0.12051274275659596
    },
    {
      "date": "2022-03-31T00:00:00",
      "quarter_label": "2022-03 (Q1)",
      "revenue": 49923000,
      "gross_profit": 49687000,
      "operating_income": -49957000,
      "net_income": -74196000,
      "opex": 99880000,
      "cogs": 236000,
      "rd": 65360000,
      "sga": 34282000,
      "fcf": -77800000,
      "ocf": -77800000,
      "capex": null,
      "gross_margin": 0.9952727199887828,
      "op_margin": -1.0006810488151754,
      "fcf_margin": -1.558399935901288,
      "incr_op_margin_yoy": 0.0460082944530845,
      "rev_growth_yoy": 1.6193924130332127,
      "rev_growth_yoy_accel": -9.123137467444876,
      "op_leverage_ratio": 10.686747576271996,
      "fcf_margin_change": -0.8700967847922502
    },
    {
      "date": "2022-06-30T00:00:00",
      "quarter_label": "2022-06 (Q2)",
      "revenue": 65532000,
      "gross_profit": 65286000,
      "operating_income": -34722000,
      "net_income": -58859000,
      "opex": 100254000,
      "cogs": 246000,
      "rd": 61990000,
      "sga": 38017000,
      "fcf": -27757000,
      "ocf": -27757000,
      "capex": null,
      "gross_margin": 0.9962461087712873,
      "op_margin": -0.5298480131843984,
      "fcf_margin": -0.4235640603064152,
      "incr_op_margin_yoy": -0.3300584344699159,
      "rev_growth_yoy": 0.311715606797574,
      "rev_growth_yoy_accel": -1.3076768062356388,
      "op_leverage_ratio": 83.49901200790394,
      "fcf_margin_change": 1.1348358755948726
    },
    {
      "date": "2022-09-30T00:00:00",
      "quarter_label": "2022-09 (Q3)",
      "revenue": 75827000,
      "gross_profit": 72284000,
      "operating_income": -17445000,
      "net_income": -42520000,
      "opex": 93272000,
      "cogs": 3543000,
      "rd": 52740000,
      "sga": 36919000,
      "fcf": -32444000,
      "ocf": -32444000,
      "capex": null,
      "gross_margin": 0.9532752185896844,
      "op_margin": -0.23006317011091038,
      "fcf_margin": -0.42786870112229153,
      "incr_op_margin_yoy": 0.7791175035167801,
      "rev_growth_yoy": 0.8497097136166268,
      "rev_growth_yoy_accel": 0.5379941068190528,
      "op_leverage_ratio": Infinity,
      "fcf_margin_change": -0.004304640815876337
    },
    {
      "date": "2022-12-31T00:00:00",
      "quarter_label": "2022-12 (Q4)",
      "revenue": 79545000,
      "gross_profit": 77162000,
      "operating_income": -46311000,
      "net_income": -71541000,
      "opex": 125856000,
      "cogs": 2383000,
      "rd": 73207000,
      "sga": 50153000,
      "fcf": -23849000,
      "ocf": -23849000,
      "capex": null,
      "gross_margin": 0.9700421145263687,
      "op_margin": -0.5821987554214596,
      "fcf_margin": -0.2998177132440757,
      "incr_op_margin_yoy": 0.1811220551455831,
      "rev_growth_yoy": 0.6867763688027482,
      "rev_growth_yoy_accel": -0.16293334481387867,
      "op_leverage_ratio": 0.14035645919691764,
      "fcf_margin_change": 0.12805098787821584
    },
    {
      "date": "2023-03-31T00:00:00",
      "quarter_label": "2023-03 (Q1)",
      "revenue": 68778000,
      "gross_profit": 67847000,
      "operating_income": -28415000,
      "net_income": -53333000,
      "opex": 97193000,
      "cogs": 931000,
      "rd": 48388000,
      "sga": 47867000,
      "fcf": -47512000,
      "ocf": -47512000,
      "capex": null,
      "gross_margin": 0.9864636947861235,
      "op_margin": -0.4131408299165431,
      "fcf_margin": -0.6908022914303993,
      "incr_op_margin_yoy": 1.1425086184036064,
      "rev_growth_yoy": 0.377681629709753,
      "rev_growth_yoy_accel": -0.3090947390929952,
      "fcf_margin_change": -0.3909845781863236
    },
    {
      "date": "2023-06-30T00:00:00",
      "quarter_label": "2023-06 (Q2)",
      "revenue": 82491000,
      "gross_profit": 81597000,
      "operating_income": -20703000,
      "net_income": -75326000,
      "opex": 103194000,
      "cogs": 894000,
      "rd": 51247000,
      "sga": 50997000,
      "fcf": -18814000,
      "ocf": -18814000,
      "capex": null,
      "gross_margin": 0.9891624540859003,
      "op_margin": -0.25097283340000726,
      "fcf_margin": -0.22807336557927532,
      "incr_op_margin_yoy": 0.8266407217406687,
      "rev_growth_yoy": 0.2587895989745468,
      "rev_growth_yoy_accel": -0.11889203073520621,
      "op_leverage_ratio": 3.229195167579663,
      "fcf_margin_change": 0.46272892585112396
    },
    {
      "date": "2023-09-30T00:00:00",
      "quarter_label": "2023-09 (Q3)",
      "revenue": 86742000,
      "gross_profit": 85643000,
      "operating_income": -11921000,
      "net_income": -36149000,
      "opex": 98663000,
      "cogs": 1099000,
      "rd": 46879000,
      "sga": 50648000,
      "fcf": -19897000,
      "ocf": -19897000,
      "capex": null,
      "gross_margin": 0.9873302437112356,
      "op_margin": -0.13743054114500472,
      "fcf_margin": -0.22938138387401721,
      "incr_op_margin_yoy": 0.5060925332111773,
      "rev_growth_yoy": 0.14394608780513538,
      "rev_growth_yoy_accel": -0.11484351116941141,
      "op_leverage_ratio": Infinity,
      "fcf_margin_change": -0.0013080182947418917
    },
    {
      "date": "2023-12-31T00:00:00",
      "quarter_label": "2023-12 (Q4)",
      "revenue": 93401000,
      "gross_profit": 91844000,
      "operating_income": -42670000,
      "net_income": -61731000,
      "opex": 136071000,
      "cogs": 1557000,
      "rd": 70052000,
      "sga": 64382000,
      "fcf": -8918000,
      "ocf": -8918000,
      "capex": null,
      "gross_margin": 0.9833299429342298,
      "op_margin": -0.4568473570946778,
      "fcf_margin": -0.09548077643708311,
      "incr_op_margin_yoy": 0.2627742494226328,
      "rev_growth_yoy": 0.17419070966119807,
      "rev_growth_yoy_accel": 0.030244621856062692,
      "op_leverage_ratio": 0.20247406900889078,
      "fcf_margin_change": 0.1339006074369341
    },
    {
      "date": "2024-03-31T00:00:00",
      "quarter_label": "2024-03 (Q1)",
      "revenue": 92761000,
      "gross_profit": 91496000,
      "operating_income": -14488000,
      "net_income": -35379000,
      "opex": 107249000,
      "cogs": 1265000,
      "rd": 46493000,
      "sga": 59364000,
      "fcf": -53684000,
      "ocf": -53684000,
      "capex": null,
      "gross_margin": 0.9863628033332974,
      "op_margin": -0.1561863283060769,
      "fcf_margin": -0.5787345975140414,
      "incr_op_margin_yoy": 0.5807029979568862,
      "rev_growth_yoy": 0.3487016197039751,
      "rev_growth_yoy_accel": 0.17451091004277705,
      "fcf_margin_change": -0.48325382107695836
    },
    {
      "date": "2024-06-30T00:00:00",
      "quarter_label": "2024-06 (Q2)",
      "revenue": 109332000,
      "gross_profit": 107633000,
      "operating_income": 8761000,
      "net_income": -12674000,
      "opex": 100571000,
      "cogs": 1699000,
      "rd": 37623000,
      "sga": 61214000,
      "fcf": -1368000,
      "ocf": -1368000,
      "capex": null,
      "gross_margin": 0.9844601763436139,
      "op_margin": 0.08013207478139978,
      "fcf_margin": -0.012512347711557459,
      "incr_op_margin_yoy": 1.0977236317573862,
      "rev_growth_yoy": 0.3253809506491617,
      "rev_growth_yoy_accel": -0.023320669054813392,
      "op_leverage_ratio": Infinity,
      "fcf_margin_change": 0.566222249802484
    },
    {
      "date": "2024-09-30T00:00:00",
      "quarter_label": "2024-09 (Q3)",
      "revenue": 117085000,
      "gross_profit": 113874000,
      "operating_income": 7692000,
      "net_income": -14033000,
      "opex": 109393000,
      "cogs": 3211000,
      "rd": 41081000,
      "sga": 65084000,
      "fcf": 8245000,
      "ocf": 8245000,
      "capex": null,
      "gross_margin": 0.9725754793526071,
      "op_margin": 0.06569586198061238,
      "fcf_margin": 0.07041892642097622,
      "incr_op_margin_yoy": 0.6463764294895034,
      "rev_growth_yoy": 0.34980747504092596,
      "rev_growth_yoy_accel": 0.024426524391764237,
      "op_leverage_ratio": 0.8084035393584004,
      "fcf_margin_change": 0.08293127413253368
    },
    {
      "date": "2024-12-31T00:00:00",
      "quarter_label": "2024-12 (Q4)",
      "revenue": 131534000,
      "gross_profit": 125440000,
      "operating_income": -4508000,
      "net_income": -26795000,
      "opex": 136042000,
      "cogs": 6094000,
      "rd": 49441000,
      "sga": 80470000,
      "fcf": -5213000,
      "ocf": -5213000,
      "capex": null,
      "gross_margin": 0.95366977359466,
      "op_margin": -0.03427250748855809,
      "fcf_margin": -0.039632338406799764,
      "incr_op_margin_yoy": 1.0007604961581833,
      "rev_growth_yoy": 0.40827186004432503,
      "rev_growth_yoy_accel": 0.058464385003399066,
      "op_leverage_ratio": 0.5065766253984063,
      "fcf_margin_change": -0.11005126482777598
    },
    {
      "date": "2025-03-31T00:00:00",
      "quarter_label": "2025-03 (Q1)",
      "revenue": 145534000,
      "gross_profit": 140966000,
      "operating_income": 21227000,
      "net_income": 32000,
      "opex": 124307000,
      "cogs": 4568000,
      "rd": 37270000,
      "sga": 82469000,
      "fcf": -27517000,
      "ocf": -27517000,
      "capex": null,
      "gross_margin": 0.9686121456154576,
      "op_margin": 0.14585595118666428,
      "fcf_margin": -0.18907609218464413,
      "incr_op_margin_yoy": 0.6767665283383548,
      "rev_growth_yoy": 0.5689136598354912,
      "rev_growth_yoy_accel": 0.16064179979116622,
      "op_leverage_ratio": Infinity,
      "fcf_margin_change": -0.14944375377784436
    },
    {
      "date": "2025-06-30T00:00:00",
      "quarter_label": "2025-06 (Q2)",
      "revenue": 163353000,
      "gross_profit": 160555000,
      "operating_income": 29786000,
      "net_income": 5085000,
      "opex": 133567000,
      "cogs": 2798000,
      "rd": 43386000,
      "sga": 87383000,
      "fcf": 41302000,
      "ocf": 41302000,
      "capex": null,
      "gross_margin": 0.9828714501723262,
      "op_margin": 0.18234130992390712,
      "fcf_margin": 0.25283894388226724,
      "incr_op_margin_yoy": 0.3892004961033672,
      "rev_growth_yoy": 0.4941005378114367,
      "rev_growth_yoy_accel": -0.07481312202405455,
      "op_leverage_ratio": 1.6436277328082969,
      "fcf_margin_change": 0.4419150360669114
    },
    {
      "date": "2025-09-30T00:00:00",
      "quarter_label": "2025-09 (Q3)",
      "revenue": 159395000,
      "gross_profit": 157208000,
      "operating_income": 29591000,
      "net_income": 12899000,
      "opex": 129804000,
      "cogs": 2187000,
      "rd": 44603000,
      "sga": 83014000,
      "fcf": 41624000,
      "ocf": 41624000,
      "capex": null,
      "gross_margin": 0.9862793688635152,
      "op_margin": 0.1856457228896766,
      "fcf_margin": 0.2611374258916528,
      "incr_op_margin_yoy": 0.5175844953911605,
      "rev_growth_yoy": 0.36136140410812656,
      "rev_growth_yoy_accel": -0.13273913370331014,
      "fcf_margin_change": 0.008298482009385544
    }
  ],
  "signals": [
    {
      "quarter": "2025-09 (Q3)",
      "signal": "YoY REVENUE GROWTH DECELERATION",
      "detail": "YoY growth: +36.1% vs prior quarter YoY: +49.4% (decel: -13.3%)",
      "severity": "WARNING"
    },
    {
      "quarter": "2025-09 (Q3)",
      "signal": "INCREMENTAL MARGIN (YoY)",
      "detail": "YoY Incr OPM: +51.8% vs year-ago OPM: +6.6%",
      "severity": "HIGH"
    },
    {
      "quarter": "2025-06 (Q2)",
      "signal": "FCF TURNED POSITIVE",
      "detail": "FCF margin: -18.9% -> +25.3%",
      "severity": "HIGH"
    },
    {
      "quarter": "2025-06 (Q2)",
      "signal": "OPERATING LEVERAGE",
      "detail": "Rev growth +12.2% vs OpEx growth +7.4% (leverage: 1.6x)",
      "severity": "MEDIUM"
    },
    {
      "quarter": "2025-06 (Q2)",
      "signal": "YoY REVENUE GROWTH DECELERATION",
      "detail": "YoY growth: +49.4% vs prior quarter YoY: +56.9% (decel: -7.5%)",
      "severity": "WARNING"
    },
    {
      "quarter": "2025-06 (Q2)",
      "signal": "INCREMENTAL MARGIN (YoY)",
      "detail": "YoY Incr OPM: +38.9% vs year-ago OPM: +8.0%",
      "severity": "HIGH"
    },
    {
      "quarter": "2025-03 (Q1)",
      "signal": "YoY REVENUE GROWTH ACCELERATION",
      "detail": "YoY growth: +56.9% vs prior quarter YoY: +40.8% (accel: +16.1%)",
      "severity": "HIGH"
    },
    {
      "quarter": "2025-03 (Q1)",
      "signal": "OP MARGIN TURNED POSITIVE (YoY)",
      "detail": "Op margin: -15.6% (year-ago) -> +14.6%",
      "severity": "HIGH"
    },
    {
      "quarter": "2025-03 (Q1)",
      "signal": "OP MARGIN TURNED POSITIVE (QoQ)",
      "detail": "Op margin: -3.4% -> +14.6%",
      "severity": "HIGH"
    },
    {
      "quarter": "2024-12 (Q4)",
      "signal": "YoY REVENUE GROWTH ACCELERATION",
      "detail": "YoY growth: +40.8% vs prior quarter YoY: +35.0% (accel: +5.8%)",
      "severity": "MEDIUM"
    },
    {
      "quarter": "2024-09 (Q3)",
      "signal": "FCF TURNED POSITIVE",
      "detail": "FCF margin: -1.3% -> +7.0%",
      "severity": "HIGH"
    },
    {
      "quarter": "2024-09 (Q3)",
      "signal": "OP MARGIN TURNED POSITIVE (YoY)",
      "detail": "Op margin: -13.7% (year-ago) -> +6.6%",
      "severity": "HIGH"
    },
    {
      "quarter": "2024-06 (Q2)",
      "signal": "FCF MARGIN EXPANSION",
      "detail": "FCF margin: -57.9% -> -1.3% (+56.6%)",
      "severity": "MEDIUM"
    },
    {
      "quarter": "2024-06 (Q2)",
      "signal": "OP MARGIN TURNED POSITIVE (YoY)",
      "detail": "Op margin: -25.1% (year-ago) -> +8.0%",
      "severity": "HIGH"
    },
    {
      "quarter": "2024-06 (Q2)",
      "signal": "OP MARGIN TURNED POSITIVE (QoQ)",
      "detail": "Op margin: -15.6% -> +8.0%",
      "severity": "HIGH"
    },
    {
      "quarter": "2024-03 (Q1)",
      "signal": "YoY REVENUE GROWTH ACCELERATION",
      "detail": "YoY growth: +34.9% vs prior quarter YoY: +17.4% (accel: +17.5%)",
      "severity": "HIGH"
    },
    {
      "quarter": "2023-12 (Q4)",
      "signal": "FCF MARGIN EXPANSION",
      "detail": "FCF margin: -22.9% -> -9.5% (+13.4%)",
      "severity": "MEDIUM"
    },
    {
      "quarter": "2023-09 (Q3)",
      "signal": "YoY REVENUE GROWTH DECELERATION",
      "detail": "YoY growth: +14.4% vs prior quarter YoY: +25.9% (decel: -11.5%)",
      "severity": "WARNING"
    },
    {
      "quarter": "2023-06 (Q2)",
      "signal": "FCF MARGIN EXPANSION",
      "detail": "FCF margin: -69.1% -> -22.8% (+46.3%)",
      "severity": "MEDIUM"
    },
    {
      "quarter": "2023-06 (Q2)",
      "signal": "OPERATING LEVERAGE",
      "detail": "Rev growth +19.9% vs OpEx growth +6.2% (leverage: 3.2x)",
      "severity": "MEDIUM"
    },
    {
      "quarter": "2023-06 (Q2)",
      "signal": "YoY REVENUE GROWTH DECELERATION",
      "detail": "YoY growth: +25.9% vs prior quarter YoY: +37.8% (decel: -11.9%)",
      "severity": "WARNING"
    },
    {
      "quarter": "2023-03 (Q1)",
      "signal": "YoY REVENUE GROWTH DECELERATION",
      "detail": "YoY growth: +37.8% vs prior quarter YoY: +68.7% (decel: -30.9%)",
      "severity": "WARNING"
    },
    {
      "quarter": "2022-12 (Q4)",
      "signal": "FCF MARGIN EXPANSION",
      "detail": "FCF margin: -42.8% -> -30.0% (+12.8%)",
      "severity": "MEDIUM"
    },
    {
      "quarter": "2022-12 (Q4)",
      "signal": "YoY REVENUE GROWTH DECELERATION",
      "detail": "YoY growth: +68.7% vs prior quarter YoY: +85.0% (decel: -16.3%)",
      "severity": "WARNING"
    },
    {
      "quarter": "2022-09 (Q3)",
      "signal": "YoY REVENUE GROWTH ACCELERATION",
      "detail": "YoY growth: +85.0% vs prior quarter YoY: +31.2% (accel: +53.8%)",
      "severity": "HIGH"
    },
    {
      "quarter": "2022-06 (Q2)",
      "signal": "FCF MARGIN EXPANSION",
      "detail": "FCF margin: -155.8% -> -42.4% (+113.5%)",
      "severity": "MEDIUM"
    },
    {
      "quarter": "2022-06 (Q2)",
      "signal": "OPERATING LEVERAGE",
      "detail": "Rev growth +31.3% vs OpEx growth +0.4% (leverage: 83.5x)",
      "severity": "MEDIUM"
    },
    {
      "quarter": "2022-06 (Q2)",
      "signal": "YoY REVENUE GROWTH DECELERATION",
      "detail": "YoY growth: +31.2% vs prior quarter YoY: +161.9% (decel: -130.8%)",
      "severity": "WARNING"
    },
    {
      "quarter": "2022-03 (Q1)",
      "signal": "OPERATING LEVERAGE",
      "detail": "Rev growth +5.9% vs OpEx growth +0.5% (leverage: 10.7x)",
      "severity": "MEDIUM"
    },
    {
      "quarter": "2022-03 (Q1)",
      "signal": "YoY REVENUE GROWTH DECELERATION",
      "detail": "YoY growth: +161.9% vs prior quarter YoY: +1074.3% (decel: -912.3%)",
      "severity": "WARNING"
    },
    {
      "quarter": "2021-06 (Q2)",
      "signal": "FCF MARGIN EXPANSION",
      "detail": "FCF margin: -320.1% -> -50.9% (+269.3%)",
      "severity": "MEDIUM"
    },
    {
      "quarter": "2021-06 (Q2)",
      "signal": "OPERATING LEVERAGE",
      "detail": "Rev growth +162.1% vs OpEx growth +12.9% (leverage: 12.5x)",
      "severity": "MEDIUM"
    },
    {
      "quarter": "2021-06 (Q2)",
      "signal": "GROSS MARGIN INFLECTION",
      "detail": "GM: +99.2% -> +68.9% -> +99.4% (reversal +30.5%)",
      "severity": "HIGH"
    },
    {
      "quarter": "2021-03 (Q1)",
      "signal": "FCF MARGIN EXPANSION",
      "detail": "FCF margin: -1059.0% -> -320.1% (+738.9%)",
      "severity": "MEDIUM"
    },
    {
      "quarter": "2021-03 (Q1)",
      "signal": "OPERATING LEVERAGE",
      "detail": "Rev growth +374.6% vs OpEx growth +24.8% (leverage: 15.1x)",
      "severity": "MEDIUM"
    }
  ],
  "data_quality": {
    "n_quarters": 20,
    "coverage": {
      "revenue": [
        20,
        20
      ],
      "gross_profit": [
        20,
        20
      ],
      "op_income": [
        20,
        20
      ],
      "fcf": [
        20,
        20
      ]
    },
    "gaps": [],
    "warnings": []
  },
  "market_cap": null,
  "source": "SEC EDGAR",
  "last_updated": "2026-02-02T21:50:37.250517"
}