{
  "ticker": "BDC",
  "name": "Belden Inc.",
  "quarters": [
    {
      "date": "2020-12-31T00:00:00",
      "quarter_label": "2020-12 (Q4)",
      "revenue": 498540000,
      "gross_profit": 175256000,
      "operating_income": 42445000,
      "net_income": 6936000,
      "opex": 132811000,
      "cogs": 323284000,
      "rd": 25663000,
      "sga": 91059000,
      "fcf": 101269000,
      "ocf": 134675000,
      "capex": -33406000,
      "gross_margin": 0.3515384923978016,
      "op_margin": 0.08513860472579933,
      "fcf_margin": 0.20313114293737713
    },
    {
      "date": "2021-04-04T00:00:00",
      "quarter_label": "2021-04 (Q2)",
      "revenue": 536381000,
      "gross_profit": 191344000,
      "operating_income": 51448000,
      "net_income": 28666000,
      "opex": 139896000,
      "cogs": 345037000,
      "rd": 31500000,
      "sga": 98449000,
      "fcf": -52718000,
      "ocf": -41495000,
      "capex": -11223000,
      "gross_margin": 0.35673150242085383,
      "op_margin": 0.09591689489374157,
      "fcf_margin": -0.09828461485399372,
      "op_leverage_ratio": 1.4228423640643948,
      "fcf_margin_change": -0.30141575779137086
    },
    {
      "date": "2021-07-04T00:00:00",
      "quarter_label": "2021-07 (Q3)",
      "revenue": 601974000,
      "gross_profit": 211535000,
      "operating_income": 65957000,
      "net_income": 43764000,
      "opex": 145578000,
      "cogs": 390439000,
      "rd": 30922000,
      "sga": 105554000,
      "fcf": 48506000,
      "ocf": 68149000,
      "capex": -19643000,
      "gross_margin": 0.3514022200294365,
      "op_margin": 0.10956785509008694,
      "fcf_margin": 0.08057823095349632,
      "op_leverage_ratio": 3.0108434620777675,
      "fcf_margin_change": 0.17886284580749004
    },
    {
      "date": "2021-10-03T00:00:00",
      "quarter_label": "2021-10 (Q4)",
      "revenue": 630835000,
      "gross_profit": 223276000,
      "operating_income": 71166000,
      "net_income": 41264000,
      "opex": 152110000,
      "cogs": 407559000,
      "rd": 32451000,
      "sga": 109963000,
      "fcf": 50562000,
      "ocf": 75265000,
      "capex": -24703000,
      "gross_margin": 0.35393724190953263,
      "op_margin": 0.11281238358683332,
      "fcf_margin": 0.08015091109402617,
      "op_leverage_ratio": 1.0685213727058431,
      "fcf_margin_change": -0.00042731985947015716
    },
    {
      "date": "2021-12-31T00:00:00",
      "quarter_label": "2021-12 (Q4)",
      "revenue": 638910000,
      "gross_profit": 228207000,
      "operating_income": -64011000,
      "net_income": -49769000,
      "opex": 292218000,
      "cogs": 410703000,
      "rd": 29787000,
      "sga": 112369000,
      "fcf": 134723000,
      "ocf": 170136000,
      "capex": -35413000,
      "gross_margin": 0.3571817626895807,
      "op_margin": -0.10018781988073437,
      "fcf_margin": 0.21086381493481085,
      "incr_op_margin_yoy": -0.7583956685901546,
      "rev_growth_yoy": 0.2815621615116139,
      "op_leverage_ratio": 0.013897016808146548,
      "fcf_margin_change": 0.13071290384078468
    },
    {
      "date": "2022-04-03T00:00:00",
      "quarter_label": "2022-04 (Q2)",
      "revenue": 610371000,
      "gross_profit": 208860000,
      "operating_income": 73521000,
      "net_income": 35841000,
      "opex": 135339000,
      "cogs": 401511000,
      "rd": 23456000,
      "sga": 103066000,
      "fcf": -68918000,
      "ocf": -57955000,
      "capex": -10963000,
      "gross_margin": 0.342185326629214,
      "op_margin": 0.12045297040652325,
      "fcf_margin": -0.11291165537025842,
      "incr_op_margin_yoy": 0.29832409785106095,
      "rev_growth_yoy": 0.13794299201500426,
      "rev_growth_yoy_accel": -0.14361916949660963,
      "fcf_margin_change": -0.32377547030506926
    },
    {
      "date": "2022-07-03T00:00:00",
      "quarter_label": "2022-07 (Q3)",
      "revenue": 666551000,
      "gross_profit": 222305000,
      "operating_income": 81936000,
      "net_income": 58561000,
      "opex": 140369000,
      "cogs": 444246000,
      "rd": 25989000,
      "sga": 105203000,
      "fcf": 29327000,
      "ocf": 49374000,
      "capex": -20047000,
      "gross_margin": 0.3335153649158129,
      "op_margin": 0.12292532754432894,
      "fcf_margin": 0.04399813367619282,
      "incr_op_margin_yoy": 0.24744103937934558,
      "rev_growth_yoy": 0.10727539727629433,
      "rev_growth_yoy_accel": -0.030667594738709933,
      "op_leverage_ratio": 2.4765256009126775,
      "fcf_margin_change": 0.15690978904645125
    },
    {
      "date": "2022-10-02T00:00:00",
      "quarter_label": "2022-10 (Q4)",
      "revenue": 670491000,
      "gross_profit": 238646000,
      "operating_income": 129648000,
      "net_income": 98294000,
      "opex": 108998000,
      "cogs": 431845000,
      "rd": 26306000,
      "sga": 110478000,
      "fcf": 68141000,
      "ocf": 87381000,
      "capex": -19240000,
      "gross_margin": 0.35592722348249267,
      "op_margin": 0.1933627744443997,
      "fcf_margin": 0.10162850806349377,
      "incr_op_margin_yoy": 1.474732701230583,
      "rev_growth_yoy": 0.06286271370485151,
      "rev_growth_yoy_accel": -0.04441268357144282,
      "fcf_margin_change": 0.05763037438730095
    },
    {
      "date": "2022-12-31T00:00:00",
      "quarter_label": "2022-12 (Q4)",
      "revenue": 659072000,
      "gross_profit": 246478000,
      "operating_income": 78229000,
      "net_income": 61967000,
      "opex": 168249000,
      "cogs": 412594000,
      "rd": 28599000,
      "sga": 129889000,
      "fcf": 147652000,
      "ocf": 202496000,
      "capex": -54844000,
      "gross_margin": 0.3739773499708681,
      "op_margin": 0.11869568120023305,
      "fcf_margin": 0.2240301514857254,
      "incr_op_margin_yoy": 7.054855669080449,
      "rev_growth_yoy": 0.03155687029472069,
      "rev_growth_yoy_accel": -0.03130584341013082,
      "fcf_margin_change": 0.12240164342223162
    },
    {
      "date": "2023-04-02T00:00:00",
      "quarter_label": "2023-04 (Q2)",
      "revenue": 641789000,
      "gross_profit": 246105000,
      "operating_income": 85537000,
      "net_income": 63192000,
      "opex": 160568000,
      "cogs": 395684000,
      "rd": 29384000,
      "sga": 121574000,
      "fcf": -45716000,
      "ocf": -31872000,
      "capex": -13844000,
      "gross_margin": 0.38346715197674003,
      "op_margin": 0.13327900602846107,
      "fcf_margin": -0.071232133925636,
      "incr_op_margin_yoy": 0.3824559169902604,
      "rev_growth_yoy": 0.05147361195076437,
      "rev_growth_yoy_accel": 0.01991674165604368,
      "fcf_margin_change": -0.2952622854113614
    },
    {
      "date": "2023-07-02T00:00:00",
      "quarter_label": "2023-07 (Q3)",
      "revenue": 692245000,
      "gross_profit": 261328000,
      "operating_income": 92597000,
      "net_income": 68753000,
      "opex": 168731000,
      "cogs": 430917000,
      "rd": 30970000,
      "sga": 126635000,
      "fcf": 67702000,
      "ocf": 86587000,
      "capex": -18885000,
      "gross_margin": 0.3775079632211139,
      "op_margin": 0.1337633352353574,
      "fcf_margin": 0.0978006341685386,
      "incr_op_margin_yoy": 0.4149217716198334,
      "rev_growth_yoy": 0.038547688023872144,
      "rev_growth_yoy_accel": -0.012925923926892229,
      "op_leverage_ratio": 1.5464281626811665,
      "fcf_margin_change": 0.1690327680941746
    },
    {
      "date": "2023-10-01T00:00:00",
      "quarter_label": "2023-10 (Q4)",
      "revenue": 626807000,
      "gross_profit": 241168000,
      "operating_income": 95429000,
      "net_income": 72347000,
      "opex": 145739000,
      "cogs": 385639000,
      "rd": 30190000,
      "sga": 118079000,
      "fcf": 76137000,
      "ocf": 105278000,
      "capex": -29141000,
      "gross_margin": 0.38475639231852865,
      "op_margin": 0.15224622571222082,
      "fcf_margin": 0.12146801168461743,
      "incr_op_margin_yoy": 0.7833302811097885,
      "rev_growth_yoy": -0.06515225409438755,
      "rev_growth_yoy_accel": -0.1036999421182597,
      "fcf_margin_change": 0.023667377516078836
    },
    {
      "date": "2023-12-31T00:00:00",
      "quarter_label": "2023-12 (Q4)",
      "revenue": 551243000,
      "gross_profit": 206365000,
      "operating_income": 43955000,
      "net_income": 38467000,
      "opex": 162410000,
      "cogs": 344878000,
      "rd": 25883000,
      "sga": 126414000,
      "fcf": 104784000,
      "ocf": 159645000,
      "capex": -54861000,
      "gross_margin": 0.37436303046025077,
      "op_margin": 0.07973797399694871,
      "fcf_margin": 0.19008676754171935,
      "incr_op_margin_yoy": 0.31785512246241737,
      "rev_growth_yoy": -0.16360731452709265,
      "rev_growth_yoy_accel": -0.0984550604327051,
      "fcf_margin_change": 0.06861875585710192
    },
    {
      "date": "2024-03-31T00:00:00",
      "quarter_label": "2024-03 (Q1)",
      "revenue": 535675000,
      "gross_profit": 201596000,
      "operating_income": 53020000,
      "net_income": 37313000,
      "opex": 148576000,
      "cogs": 334079000,
      "rd": 26999000,
      "sga": 110768000,
      "fcf": -21529000,
      "ocf": 2721000,
      "capex": -24250000,
      "gross_margin": 0.37634013160965135,
      "op_margin": 0.09897792504783684,
      "fcf_margin": -0.04019041396369067,
      "incr_op_margin_yoy": 0.30643458921537214,
      "rev_growth_yoy": -0.16534094538859345,
      "rev_growth_yoy_accel": -0.0017336308615008011,
      "fcf_margin_change": -0.23027718150541002
    },
    {
      "date": "2024-06-30T00:00:00",
      "quarter_label": "2024-06 (Q2)",
      "revenue": 604336000,
      "gross_profit": 226806000,
      "operating_income": 68912000,
      "net_income": 49044000,
      "opex": 157894000,
      "cogs": 377530000,
      "rd": 28457000,
      "sga": 119497000,
      "fcf": 60963000,
      "ocf": 82959000,
      "capex": -21996000,
      "gross_margin": 0.3752978475550025,
      "op_margin": 0.11402928172407402,
      "fcf_margin": 0.10087600275343518,
      "incr_op_margin_yoy": 0.2694263386001433,
      "rev_growth_yoy": -0.1269911664222927,
      "rev_growth_yoy_accel": 0.03834977896630076,
      "op_leverage_ratio": 2.0437826212428365,
      "fcf_margin_change": 0.14106641671712586
    },
    {
      "date": "2024-09-29T00:00:00",
      "quarter_label": "2024-09 (Q3)",
      "revenue": 654926000,
      "gross_profit": 244004000,
      "operating_income": 75349000,
      "net_income": 53692000,
      "opex": 168655000,
      "cogs": 410922000,
      "rd": 27941000,
      "sga": 126976000,
      "fcf": 67164000,
      "ocf": 91677000,
      "capex": -24513000,
      "gross_margin": 0.3725672824105319,
      "op_margin": 0.11504963919587861,
      "fcf_margin": 0.10255204404772447,
      "incr_op_margin_yoy": -0.714107898573918,
      "rev_growth_yoy": 0.04486069874778042,
      "rev_growth_yoy_accel": 0.17185186517007311,
      "op_leverage_ratio": 1.2282851728823225,
      "fcf_margin_change": 0.0016760412942892905
    },
    {
      "date": "2024-12-31T00:00:00",
      "quarter_label": "2024-12 (Q4)",
      "revenue": 666042000,
      "gross_profit": 249816000,
      "operating_income": 69179000,
      "net_income": 58384000,
      "opex": 180637000,
      "cogs": 416226000,
      "rd": 28968000,
      "sga": 137362000,
      "fcf": 116378000,
      "ocf": 174719000,
      "capex": -58341000,
      "gross_margin": 0.375075445692614,
      "op_margin": 0.10386582227547211,
      "fcf_margin": 0.17473072268715786,
      "incr_op_margin_yoy": 0.21972316832028155,
      "rev_growth_yoy": 0.20825479870039165,
      "rev_growth_yoy_accel": 0.16339409995261123,
      "op_leverage_ratio": 0.23890553513387458,
      "fcf_margin_change": 0.07217867863943339
    },
    {
      "date": "2025-03-30T00:00:00",
      "quarter_label": "2025-03 (Q1)",
      "revenue": 624861000,
      "gross_profit": 245840000,
      "operating_income": 72626000,
      "net_income": 51937000,
      "opex": 173214000,
      "cogs": 379021000,
      "rd": 28417000,
      "sga": 131522000,
      "fcf": -24761000,
      "ocf": 7441000,
      "capex": -32202000,
      "gross_margin": 0.39343149916541437,
      "op_margin": 0.11622744898465419,
      "fcf_margin": -0.03962641291423213,
      "incr_op_margin_yoy": 0.2198327091696006,
      "rev_growth_yoy": 0.16649274280113874,
      "rev_growth_yoy_accel": -0.041762055899252915,
      "fcf_margin_change": -0.21435713560139
    },
    {
      "date": "2025-06-29T00:00:00",
      "quarter_label": "2025-06 (Q2)",
      "revenue": 671992000,
      "gross_profit": 258568000,
      "operating_income": 79236000,
      "net_income": 61006000,
      "opex": 179332000,
      "cogs": 413424000,
      "rd": 33940000,
      "sga": 131922000,
      "fcf": 56878000,
      "ocf": 82029000,
      "capex": -25151000,
      "gross_margin": 0.3847783902189312,
      "op_margin": 0.11791211800140478,
      "fcf_margin": 0.08464088858200693,
      "incr_op_margin_yoy": 0.15259548303180798,
      "rev_growth_yoy": 0.11195096767361203,
      "rev_growth_yoy_accel": -0.05454177512752671,
      "op_leverage_ratio": 2.135486121129358,
      "fcf_margin_change": 0.12426730149623905
    },
    {
      "date": "2025-09-28T00:00:00",
      "quarter_label": "2025-09 (Q3)",
      "revenue": 698221000,
      "gross_profit": 263198000,
      "operating_income": 76288000,
      "net_income": 56690000,
      "opex": 186910000,
      "cogs": 435023000,
      "rd": 33859000,
      "sga": 139415000,
      "fcf": 65325000,
      "ocf": 105006000,
      "capex": -39681000,
      "gross_margin": 0.3769551474389914,
      "op_margin": 0.10926053498820575,
      "fcf_margin": 0.09355920260204148,
      "incr_op_margin_yoy": 0.021688416676290564,
      "rev_growth_yoy": 0.06610670518501327,
      "rev_growth_yoy_accel": -0.045844262488598755,
      "op_leverage_ratio": 0.9236784710996965,
      "fcf_margin_change": 0.008918314020034554
    }
  ],
  "signals": [
    {
      "quarter": "2025-06 (Q2)",
      "signal": "FCF TURNED POSITIVE",
      "detail": "FCF margin: -4.0% -> +8.5%",
      "severity": "HIGH"
    },
    {
      "quarter": "2025-06 (Q2)",
      "signal": "OPERATING LEVERAGE",
      "detail": "Rev growth +7.5% vs OpEx growth +3.5% (leverage: 2.1x)",
      "severity": "MEDIUM"
    },
    {
      "quarter": "2025-06 (Q2)",
      "signal": "YoY REVENUE GROWTH DECELERATION",
      "detail": "YoY growth: +11.2% vs prior quarter YoY: +16.6% (decel: -5.5%)",
      "severity": "WARNING"
    },
    {
      "quarter": "2025-03 (Q1)",
      "signal": "INCREMENTAL MARGIN (YoY)",
      "detail": "YoY Incr OPM: +22.0% vs year-ago OPM: +9.9%",
      "severity": "MEDIUM"
    },
    {
      "quarter": "2024-12 (Q4)",
      "signal": "FCF MARGIN EXPANSION",
      "detail": "FCF margin: +10.3% -> +17.5% (+7.2%)",
      "severity": "MEDIUM"
    },
    {
      "quarter": "2024-12 (Q4)",
      "signal": "YoY REVENUE GROWTH ACCELERATION",
      "detail": "YoY growth: +20.8% vs prior quarter YoY: +4.5% (accel: +16.3%)",
      "severity": "HIGH"
    },
    {
      "quarter": "2024-12 (Q4)",
      "signal": "INCREMENTAL MARGIN (YoY)",
      "detail": "YoY Incr OPM: +22.0% vs year-ago OPM: +8.0%",
      "severity": "MEDIUM"
    },
    {
      "quarter": "2024-09 (Q3)",
      "signal": "YoY REVENUE GROWTH ACCELERATION",
      "detail": "YoY growth: +4.5% vs prior quarter YoY: -12.7% (accel: +17.2%)",
      "severity": "HIGH"
    },
    {
      "quarter": "2024-06 (Q2)",
      "signal": "FCF TURNED POSITIVE",
      "detail": "FCF margin: -4.0% -> +10.1%",
      "severity": "HIGH"
    },
    {
      "quarter": "2024-06 (Q2)",
      "signal": "OPERATING LEVERAGE",
      "detail": "Rev growth +12.8% vs OpEx growth +6.3% (leverage: 2.0x)",
      "severity": "MEDIUM"
    },
    {
      "quarter": "2024-06 (Q2)",
      "signal": "INCREMENTAL MARGIN (YoY)",
      "detail": "YoY Incr OPM: +26.9% vs year-ago OPM: +13.4%",
      "severity": "MEDIUM"
    },
    {
      "quarter": "2024-03 (Q1)",
      "signal": "INCREMENTAL MARGIN (YoY)",
      "detail": "YoY Incr OPM: +30.6% vs year-ago OPM: +13.3%",
      "severity": "MEDIUM"
    },
    {
      "quarter": "2023-12 (Q4)",
      "signal": "FCF MARGIN EXPANSION",
      "detail": "FCF margin: +12.1% -> +19.0% (+6.9%)",
      "severity": "MEDIUM"
    },
    {
      "quarter": "2023-12 (Q4)",
      "signal": "YoY REVENUE GROWTH DECELERATION",
      "detail": "YoY growth: -16.4% vs prior quarter YoY: -6.5% (decel: -9.8%)",
      "severity": "WARNING"
    },
    {
      "quarter": "2023-12 (Q4)",
      "signal": "INCREMENTAL MARGIN (YoY)",
      "detail": "YoY Incr OPM: +31.8% vs year-ago OPM: +11.9%",
      "severity": "MEDIUM"
    },
    {
      "quarter": "2023-10 (Q4)",
      "signal": "YoY REVENUE GROWTH DECELERATION",
      "detail": "YoY growth: -6.5% vs prior quarter YoY: +3.9% (decel: -10.4%)",
      "severity": "WARNING"
    },
    {
      "quarter": "2023-10 (Q4)",
      "signal": "INCREMENTAL MARGIN (YoY)",
      "detail": "YoY Incr OPM: +78.3% vs year-ago OPM: +19.3%",
      "severity": "HIGH"
    },
    {
      "quarter": "2023-07 (Q3)",
      "signal": "FCF TURNED POSITIVE",
      "detail": "FCF margin: -7.1% -> +9.8%",
      "severity": "HIGH"
    },
    {
      "quarter": "2023-07 (Q3)",
      "signal": "OPERATING LEVERAGE",
      "detail": "Rev growth +7.9% vs OpEx growth +5.1% (leverage: 1.5x)",
      "severity": "MEDIUM"
    },
    {
      "quarter": "2023-07 (Q3)",
      "signal": "INCREMENTAL MARGIN (YoY)",
      "detail": "YoY Incr OPM: +41.5% vs year-ago OPM: +12.3%",
      "severity": "HIGH"
    },
    {
      "quarter": "2023-04 (Q2)",
      "signal": "INCREMENTAL MARGIN (YoY)",
      "detail": "YoY Incr OPM: +38.2% vs year-ago OPM: +12.0%",
      "severity": "HIGH"
    },
    {
      "quarter": "2022-12 (Q4)",
      "signal": "FCF MARGIN EXPANSION",
      "detail": "FCF margin: +10.2% -> +22.4% (+12.2%)",
      "severity": "MEDIUM"
    },
    {
      "quarter": "2022-12 (Q4)",
      "signal": "OP MARGIN TURNED POSITIVE (YoY)",
      "detail": "Op margin: -10.0% (year-ago) -> +11.9%",
      "severity": "HIGH"
    },
    {
      "quarter": "2022-10 (Q4)",
      "signal": "FCF MARGIN EXPANSION",
      "detail": "FCF margin: +4.4% -> +10.2% (+5.8%)",
      "severity": "MEDIUM"
    },
    {
      "quarter": "2022-10 (Q4)",
      "signal": "GROSS MARGIN INFLECTION",
      "detail": "GM: +34.2% -> +33.4% -> +35.6% (reversal +2.2%)",
      "severity": "MEDIUM"
    },
    {
      "quarter": "2022-10 (Q4)",
      "signal": "INCREMENTAL MARGIN (YoY)",
      "detail": "YoY Incr OPM: +147.5% vs year-ago OPM: +11.3%",
      "severity": "HIGH"
    },
    {
      "quarter": "2022-07 (Q3)",
      "signal": "FCF TURNED POSITIVE",
      "detail": "FCF margin: -11.3% -> +4.4%",
      "severity": "HIGH"
    },
    {
      "quarter": "2022-07 (Q3)",
      "signal": "OPERATING LEVERAGE",
      "detail": "Rev growth +9.2% vs OpEx growth +3.7% (leverage: 2.5x)",
      "severity": "MEDIUM"
    },
    {
      "quarter": "2022-07 (Q3)",
      "signal": "INCREMENTAL MARGIN (YoY)",
      "detail": "YoY Incr OPM: +24.7% vs year-ago OPM: +11.0%",
      "severity": "MEDIUM"
    },
    {
      "quarter": "2022-04 (Q2)",
      "signal": "YoY REVENUE GROWTH DECELERATION",
      "detail": "YoY growth: +13.8% vs prior quarter YoY: +28.2% (decel: -14.4%)",
      "severity": "WARNING"
    },
    {
      "quarter": "2022-04 (Q2)",
      "signal": "INCREMENTAL MARGIN (YoY)",
      "detail": "YoY Incr OPM: +29.8% vs year-ago OPM: +9.6%",
      "severity": "HIGH"
    },
    {
      "quarter": "2022-04 (Q2)",
      "signal": "OP MARGIN TURNED POSITIVE (QoQ)",
      "detail": "Op margin: -10.0% -> +12.0%",
      "severity": "HIGH"
    },
    {
      "quarter": "2021-12 (Q4)",
      "signal": "FCF MARGIN EXPANSION",
      "detail": "FCF margin: +8.0% -> +21.1% (+13.1%)",
      "severity": "MEDIUM"
    },
    {
      "quarter": "2021-07 (Q3)",
      "signal": "FCF TURNED POSITIVE",
      "detail": "FCF margin: -9.8% -> +8.1%",
      "severity": "HIGH"
    },
    {
      "quarter": "2021-07 (Q3)",
      "signal": "OPERATING LEVERAGE",
      "detail": "Rev growth +12.2% vs OpEx growth +4.1% (leverage: 3.0x)",
      "severity": "MEDIUM"
    }
  ],
  "data_quality": {
    "n_quarters": 20,
    "coverage": {
      "revenue": [
        20,
        20
      ],
      "gross_profit": [
        20,
        20
      ],
      "op_income": [
        20,
        20
      ],
      "fcf": [
        20,
        20
      ]
    },
    "gaps": [],
    "warnings": []
  },
  "market_cap": null,
  "source": "SEC EDGAR",
  "last_updated": "2026-02-02T21:07:30.083919",
  "sector": "Technology",
  "industry": "Communication Equipment"
}