{
  "ticker": "BDCO",
  "name": "BLUE DOLPHIN ENERGY CO",
  "quarters": [
    {
      "date": "2020-12-31T00:00:00",
      "quarter_label": "2020-12 (Q4)",
      "revenue": 51411000,
      "gross_profit": 713000,
      "operating_income": -566000,
      "net_income": -2223000,
      "opex": -303359000,
      "cogs": 50698000,
      "rd": null,
      "sga": null,
      "fcf": -1705000,
      "ocf": -1705000,
      "capex": null,
      "gross_margin": 0.013868627336562214,
      "op_margin": -0.011009317072221898,
      "fcf_margin": -0.03316410884830095
    },
    {
      "date": "2021-03-31T00:00:00",
      "quarter_label": "2021-03 (Q1)",
      "revenue": 59413000,
      "gross_profit": -210000,
      "operating_income": -1739000,
      "net_income": -3174000,
      "opex": 54000,
      "cogs": 59623000,
      "rd": null,
      "sga": null,
      "fcf": -500000,
      "ocf": -500000,
      "capex": null,
      "gross_margin": -0.003534579974079747,
      "op_margin": -0.029269688452022286,
      "fcf_margin": -0.008415666604951778,
      "op_leverage_ratio": Infinity,
      "fcf_margin_change": 0.02474844224334917
    },
    {
      "date": "2021-06-30T00:00:00",
      "quarter_label": "2021-06 (Q2)",
      "revenue": 69441000,
      "gross_profit": -1025000,
      "operating_income": -2511000,
      "net_income": -4099000,
      "opex": 70516000,
      "cogs": 70466000,
      "rd": null,
      "sga": null,
      "fcf": -3166000,
      "ocf": -3166000,
      "capex": null,
      "gross_margin": -0.014760732132313763,
      "op_margin": -0.036160193545599864,
      "fcf_margin": -0.04559266139600524,
      "op_leverage_ratio": 0.00012935154990152556,
      "fcf_margin_change": -0.037176994791053464
    },
    {
      "date": "2021-09-30T00:00:00",
      "quarter_label": "2021-09 (Q3)",
      "revenue": 80390000,
      "gross_profit": 276000,
      "operating_income": -1275000,
      "net_income": -2929000,
      "opex": 80197000,
      "cogs": 80114000,
      "rd": null,
      "sga": null,
      "fcf": 4084000,
      "ocf": 4084000,
      "capex": null,
      "gross_margin": 0.0034332628436372684,
      "op_margin": -0.015860181614628686,
      "fcf_margin": 0.05080233859932828,
      "op_leverage_ratio": 1.1484866157573377,
      "fcf_margin_change": 0.09639499999533352
    },
    {
      "date": "2021-12-31T00:00:00",
      "quarter_label": "2021-12 (Q4)",
      "revenue": 91576000,
      "gross_profit": 1873000,
      "operating_income": -1174000,
      "net_income": -2639000,
      "opex": -510494000,
      "cogs": 89703000,
      "rd": null,
      "sga": null,
      "fcf": -6474000,
      "ocf": -6474000,
      "capex": null,
      "gross_margin": 0.020452957106665504,
      "op_margin": -0.012819952826067965,
      "fcf_margin": -0.07069537870184328,
      "incr_op_margin_yoy": -0.015137557575003112,
      "rev_growth_yoy": 0.7812530392328491,
      "op_leverage_ratio": Infinity,
      "fcf_margin_change": -0.12149771730117156
    },
    {
      "date": "2022-03-31T00:00:00",
      "quarter_label": "2022-03 (Q1)",
      "revenue": 110683000,
      "gross_profit": 6606000,
      "operating_income": 5111000,
      "net_income": 3478000,
      "opex": 11000,
      "cogs": 104077000,
      "rd": null,
      "sga": null,
      "fcf": 937000,
      "ocf": 937000,
      "capex": null,
      "gross_margin": 0.05968396230676798,
      "op_margin": 0.04617691967149427,
      "fcf_margin": 0.00846561802625516,
      "incr_op_margin_yoy": 0.1336063975034133,
      "rev_growth_yoy": 0.8629424536717554,
      "rev_growth_yoy_accel": 0.08168941443890632,
      "op_leverage_ratio": Infinity,
      "fcf_margin_change": 0.07916099672809844
    },
    {
      "date": "2022-06-30T00:00:00",
      "quarter_label": "2022-06 (Q2)",
      "revenue": 136122000,
      "gross_profit": 16813000,
      "operating_income": 15193000,
      "net_income": 13410000,
      "opex": 1620000,
      "cogs": 119309000,
      "rd": null,
      "sga": null,
      "fcf": 3936000,
      "ocf": 3936000,
      "capex": null,
      "gross_margin": 0.12351420049661334,
      "op_margin": 0.11161311176738514,
      "fcf_margin": 0.028915237801384053,
      "incr_op_margin_yoy": 0.2655029168728723,
      "rev_growth_yoy": 0.9602540285998186,
      "rev_growth_yoy_accel": 0.0973115749280632,
      "op_leverage_ratio": 0.0015712878576344212,
      "fcf_margin_change": 0.020449619775128894
    },
    {
      "date": "2022-09-30T00:00:00",
      "quarter_label": "2022-09 (Q3)",
      "revenue": 128269000,
      "gross_profit": 10035000,
      "operating_income": 8247000,
      "net_income": 6449000,
      "opex": 1788000,
      "cogs": 118234000,
      "rd": null,
      "sga": null,
      "fcf": 5774000,
      "ocf": 5774000,
      "capex": null,
      "gross_margin": 0.0782340238093382,
      "op_margin": 0.0642945684460002,
      "fcf_margin": 0.045014773639772666,
      "incr_op_margin_yoy": 0.19887633409219074,
      "rev_growth_yoy": 0.5955840278641622,
      "rev_growth_yoy_accel": -0.36467000073565636,
      "fcf_margin_change": 0.016099535838388614
    },
    {
      "date": "2022-12-31T00:00:00",
      "quarter_label": "2022-12 (Q4)",
      "revenue": 112430000,
      "gross_profit": 12617000,
      "operating_income": 10532000,
      "net_income": 9555000,
      "opex": 2085000,
      "cogs": 99813000,
      "rd": null,
      "sga": null,
      "fcf": 5625000,
      "ocf": 5625000,
      "capex": null,
      "gross_margin": 0.11222093747220492,
      "op_margin": 0.0936760651071778,
      "fcf_margin": 0.0500311304811883,
      "incr_op_margin_yoy": 0.5613311594897862,
      "rev_growth_yoy": 0.22772342098366385,
      "rev_growth_yoy_accel": -0.3678606068804984,
      "fcf_margin_change": 0.005016356841415631
    },
    {
      "date": "2023-03-31T00:00:00",
      "quarter_label": "2023-03 (Q1)",
      "revenue": 116661000,
      "gross_profit": 20504000,
      "operating_income": 18329000,
      "net_income": 16753000,
      "opex": 2175000,
      "cogs": 96157000,
      "rd": null,
      "sga": null,
      "fcf": 13783000,
      "ocf": 13783000,
      "capex": null,
      "gross_margin": 0.1757571082023984,
      "op_margin": 0.1571133455053531,
      "fcf_margin": 0.11814573850729893,
      "incr_op_margin_yoy": 2.211107393777183,
      "rev_growth_yoy": 0.054010100918840294,
      "rev_growth_yoy_accel": -0.17371332006482357,
      "op_leverage_ratio": 0.8718150552936642,
      "fcf_margin_change": 0.06811460802611063
    },
    {
      "date": "2023-06-30T00:00:00",
      "quarter_label": "2023-06 (Q2)",
      "revenue": 68878000,
      "gross_profit": 1890000,
      "operating_income": 86000,
      "net_income": -1560000,
      "opex": 1804000,
      "cogs": 66988000,
      "rd": null,
      "sga": null,
      "fcf": -11685000,
      "ocf": -11685000,
      "capex": null,
      "gross_margin": 0.0274398211330178,
      "op_margin": 0.0012485844536717094,
      "fcf_margin": -0.16964778303667355,
      "incr_op_margin_yoy": 0.22465944917018618,
      "rev_growth_yoy": -0.4939980311779139,
      "rev_growth_yoy_accel": -0.5480081320967543,
      "fcf_margin_change": -0.2877935215439725
    },
    {
      "date": "2023-09-30T00:00:00",
      "quarter_label": "2023-09 (Q3)",
      "revenue": 102554000,
      "gross_profit": 11166000,
      "operating_income": 8947000,
      "net_income": 7065000,
      "opex": 2219000,
      "cogs": 92033000,
      "rd": null,
      "sga": null,
      "fcf": 11214000,
      "ocf": 11214000,
      "capex": null,
      "gross_margin": 0.10887922460362345,
      "op_margin": 0.08724184332156718,
      "fcf_margin": 0.10934727070616455,
      "incr_op_margin_yoy": -0.027221466070386932,
      "rev_growth_yoy": -0.2004771222976713,
      "rev_growth_yoy_accel": 0.2935209088802426,
      "op_leverage_ratio": 2.1253399672618287,
      "fcf_margin_change": 0.2789950537428381
    },
    {
      "date": "2023-12-31T00:00:00",
      "quarter_label": "2023-12 (Q4)",
      "revenue": 107955000,
      "gross_profit": 11118000,
      "operating_income": 9026000,
      "net_income": 8753000,
      "opex": 2092000,
      "cogs": 94900000,
      "rd": null,
      "sga": null,
      "fcf": 6693000,
      "ocf": 6693000,
      "capex": null,
      "gross_margin": 0.10298735584271224,
      "op_margin": 0.08360891112037423,
      "fcf_margin": 0.06199805474503265,
      "incr_op_margin_yoy": 0.336536312849162,
      "rev_growth_yoy": -0.03980254380503424,
      "rev_growth_yoy_accel": 0.16067457849263705,
      "op_leverage_ratio": Infinity,
      "fcf_margin_change": -0.0473492159611319
    },
    {
      "date": "2024-03-31T00:00:00",
      "quarter_label": "2024-03 (Q1)",
      "revenue": 91022000,
      "gross_profit": 11830000,
      "operating_income": 9831000,
      "net_income": 6624000,
      "opex": 1999000,
      "cogs": 79192000,
      "rd": null,
      "sga": null,
      "fcf": -6250000,
      "ocf": -6250000,
      "capex": null,
      "gross_margin": 0.12996857902485112,
      "op_margin": 0.10800685548548702,
      "fcf_margin": -0.0686647184197227,
      "incr_op_margin_yoy": 0.3314481844065681,
      "rev_growth_yoy": -0.21977353185726164,
      "rev_growth_yoy_accel": -0.1799709880522274,
      "fcf_margin_change": -0.13066277316475536
    },
    {
      "date": "2024-06-30T00:00:00",
      "quarter_label": "2024-06 (Q2)",
      "revenue": 69659000,
      "gross_profit": -4056000,
      "operating_income": -6626000,
      "net_income": -6350000,
      "opex": 2570000,
      "cogs": 73715000,
      "rd": null,
      "sga": null,
      "fcf": -10133000,
      "ocf": -10133000,
      "capex": null,
      "gross_margin": -0.058226503395110464,
      "op_margin": -0.09512051565483283,
      "fcf_margin": -0.1454657689602205,
      "rev_growth_yoy": 0.01133888905020471,
      "rev_growth_yoy_accel": 0.23111242090746636,
      "fcf_margin_change": -0.07680105054049781
    },
    {
      "date": "2024-09-30T00:00:00",
      "quarter_label": "2024-09 (Q3)",
      "revenue": 82109000,
      "gross_profit": -3317000,
      "operating_income": -4798000,
      "net_income": -5000000,
      "opex": 86907000,
      "cogs": 85426000,
      "rd": null,
      "sga": null,
      "fcf": -117000,
      "ocf": -117000,
      "capex": null,
      "gross_margin": -0.04039752036926524,
      "op_margin": -0.05843451996736046,
      "fcf_margin": -0.0014249351471824039,
      "incr_op_margin_yoy": 0.6722915138175594,
      "rev_growth_yoy": -0.1993583868010999,
      "rev_growth_yoy_accel": -0.21069727585130463,
      "op_leverage_ratio": 0.0054463693590422165,
      "fcf_margin_change": 0.14404083381303812
    },
    {
      "date": "2024-12-31T00:00:00",
      "quarter_label": "2024-12 (Q4)",
      "revenue": 74729000,
      "gross_profit": 719000,
      "operating_income": -2713000,
      "net_income": -3910000,
      "opex": 77442000,
      "cogs": 74010000,
      "rd": null,
      "sga": null,
      "fcf": 780000,
      "ocf": 826000,
      "capex": -46000,
      "gross_margin": 0.009621432108016968,
      "op_margin": -0.0363045136426287,
      "fcf_margin": 0.01043771494332856,
      "incr_op_margin_yoy": 0.3533076506350448,
      "rev_growth_yoy": -0.30777638830994397,
      "rev_growth_yoy_accel": -0.10841800150884406,
      "fcf_margin_change": 0.011862650090510964
    },
    {
      "date": "2025-03-31T00:00:00",
      "quarter_label": "2025-03 (Q1)",
      "revenue": 83692000,
      "gross_profit": 6073000,
      "operating_income": 4343000,
      "net_income": 2244000,
      "opex": 79349000,
      "cogs": 77619000,
      "rd": null,
      "sga": null,
      "fcf": -1727000,
      "ocf": -1727000,
      "capex": null,
      "gross_margin": 0.07256368589590403,
      "op_margin": 0.05189265401711036,
      "fcf_margin": -0.020635186158772644,
      "incr_op_margin_yoy": 0.7487039563437926,
      "rev_growth_yoy": -0.08052998176265079,
      "rev_growth_yoy_accel": 0.22724640654729317,
      "op_leverage_ratio": 4.870685556255312,
      "fcf_margin_change": -0.031072901102101202
    },
    {
      "date": "2025-06-30T00:00:00",
      "quarter_label": "2025-06 (Q2)",
      "revenue": 56583000,
      "gross_profit": 550000,
      "operating_income": -629000,
      "net_income": -1722000,
      "opex": 57212000,
      "cogs": 56033000,
      "rd": null,
      "sga": null,
      "fcf": -1622000,
      "ocf": -1622000,
      "capex": null,
      "gross_margin": 0.009720233992541929,
      "op_margin": -0.011116413056925225,
      "fcf_margin": -0.028665853701641836,
      "incr_op_margin_yoy": -0.45862649128173755,
      "rev_growth_yoy": -0.1877144374739804,
      "rev_growth_yoy_accel": -0.1071844557113296,
      "fcf_margin_change": -0.008030667542869192
    },
    {
      "date": "2025-09-30T00:00:00",
      "quarter_label": "2025-09 (Q3)",
      "revenue": 70355000,
      "gross_profit": 32000,
      "operating_income": -5097000,
      "net_income": -4676000,
      "opex": 75452000,
      "cogs": 70323000,
      "rd": null,
      "sga": null,
      "fcf": 511000,
      "ocf": 818000,
      "capex": -307000,
      "gross_margin": 0.00045483618790420014,
      "op_margin": -0.07244687655461587,
      "fcf_margin": 0.007263165375595196,
      "incr_op_margin_yoy": 0.02543814871533095,
      "rev_growth_yoy": -0.14315117709386305,
      "rev_growth_yoy_accel": 0.04456326038011735,
      "op_leverage_ratio": 0.7634372390690776,
      "fcf_margin_change": 0.03592901907723703
    }
  ],
  "signals": [
    {
      "quarter": "2025-09 (Q3)",
      "signal": "FCF TURNED POSITIVE",
      "detail": "FCF margin: -2.9% -> +0.7%",
      "severity": "HIGH"
    },
    {
      "quarter": "2025-06 (Q2)",
      "signal": "YoY REVENUE GROWTH DECELERATION",
      "detail": "YoY growth: -18.8% vs prior quarter YoY: -8.1% (decel: -10.7%)",
      "severity": "WARNING"
    },
    {
      "quarter": "2025-03 (Q1)",
      "signal": "OPERATING LEVERAGE",
      "detail": "Rev growth +12.0% vs OpEx growth +2.5% (leverage: 4.9x)",
      "severity": "MEDIUM"
    },
    {
      "quarter": "2025-03 (Q1)",
      "signal": "YoY REVENUE GROWTH ACCELERATION",
      "detail": "YoY growth: -8.1% vs prior quarter YoY: -30.8% (accel: +22.7%)",
      "severity": "HIGH"
    },
    {
      "quarter": "2025-03 (Q1)",
      "signal": "INCREMENTAL MARGIN (YoY)",
      "detail": "YoY Incr OPM: +74.9% vs year-ago OPM: +10.8%",
      "severity": "HIGH"
    },
    {
      "quarter": "2025-03 (Q1)",
      "signal": "OP MARGIN TURNED POSITIVE (QoQ)",
      "detail": "Op margin: -3.6% -> +5.2%",
      "severity": "HIGH"
    },
    {
      "quarter": "2024-12 (Q4)",
      "signal": "FCF TURNED POSITIVE",
      "detail": "FCF margin: -0.1% -> +1.0%",
      "severity": "HIGH"
    },
    {
      "quarter": "2024-12 (Q4)",
      "signal": "YoY REVENUE GROWTH DECELERATION",
      "detail": "YoY growth: -30.8% vs prior quarter YoY: -19.9% (decel: -10.8%)",
      "severity": "WARNING"
    },
    {
      "quarter": "2024-09 (Q3)",
      "signal": "FCF MARGIN EXPANSION",
      "detail": "FCF margin: -14.5% -> -0.1% (+14.4%)",
      "severity": "MEDIUM"
    },
    {
      "quarter": "2024-09 (Q3)",
      "signal": "YoY REVENUE GROWTH DECELERATION",
      "detail": "YoY growth: -19.9% vs prior quarter YoY: +1.1% (decel: -21.1%)",
      "severity": "WARNING"
    },
    {
      "quarter": "2024-06 (Q2)",
      "signal": "YoY REVENUE GROWTH ACCELERATION",
      "detail": "YoY growth: +1.1% vs prior quarter YoY: -22.0% (accel: +23.1%)",
      "severity": "HIGH"
    },
    {
      "quarter": "2024-03 (Q1)",
      "signal": "GROSS MARGIN INFLECTION",
      "detail": "GM: +10.9% -> +10.3% -> +13.0% (reversal +2.7%)",
      "severity": "MEDIUM"
    },
    {
      "quarter": "2024-03 (Q1)",
      "signal": "YoY REVENUE GROWTH DECELERATION",
      "detail": "YoY growth: -22.0% vs prior quarter YoY: -4.0% (decel: -18.0%)",
      "severity": "WARNING"
    },
    {
      "quarter": "2024-03 (Q1)",
      "signal": "INCREMENTAL MARGIN (YoY)",
      "detail": "YoY Incr OPM: +33.1% vs year-ago OPM: +15.7%",
      "severity": "MEDIUM"
    },
    {
      "quarter": "2023-12 (Q4)",
      "signal": "YoY REVENUE GROWTH ACCELERATION",
      "detail": "YoY growth: -4.0% vs prior quarter YoY: -20.0% (accel: +16.1%)",
      "severity": "HIGH"
    },
    {
      "quarter": "2023-12 (Q4)",
      "signal": "INCREMENTAL MARGIN (YoY)",
      "detail": "YoY Incr OPM: +33.7% vs year-ago OPM: +9.4%",
      "severity": "HIGH"
    },
    {
      "quarter": "2023-09 (Q3)",
      "signal": "FCF TURNED POSITIVE",
      "detail": "FCF margin: -17.0% -> +10.9%",
      "severity": "HIGH"
    },
    {
      "quarter": "2023-09 (Q3)",
      "signal": "OPERATING LEVERAGE",
      "detail": "Rev growth +48.9% vs OpEx growth +23.0% (leverage: 2.1x)",
      "severity": "MEDIUM"
    },
    {
      "quarter": "2023-09 (Q3)",
      "signal": "GROSS MARGIN INFLECTION",
      "detail": "GM: +17.6% -> +2.7% -> +10.9% (reversal +8.1%)",
      "severity": "HIGH"
    },
    {
      "quarter": "2023-09 (Q3)",
      "signal": "YoY REVENUE GROWTH ACCELERATION",
      "detail": "YoY growth: -20.0% vs prior quarter YoY: -49.4% (accel: +29.4%)",
      "severity": "HIGH"
    },
    {
      "quarter": "2023-06 (Q2)",
      "signal": "YoY REVENUE GROWTH DECELERATION",
      "detail": "YoY growth: -49.4% vs prior quarter YoY: +5.4% (decel: -54.8%)",
      "severity": "WARNING"
    },
    {
      "quarter": "2023-06 (Q2)",
      "signal": "INCREMENTAL MARGIN (YoY)",
      "detail": "YoY Incr OPM: +22.5% vs year-ago OPM: +11.2%",
      "severity": "MEDIUM"
    },
    {
      "quarter": "2023-03 (Q1)",
      "signal": "FCF MARGIN EXPANSION",
      "detail": "FCF margin: +5.0% -> +11.8% (+6.8%)",
      "severity": "MEDIUM"
    },
    {
      "quarter": "2023-03 (Q1)",
      "signal": "YoY REVENUE GROWTH DECELERATION",
      "detail": "YoY growth: +5.4% vs prior quarter YoY: +22.8% (decel: -17.4%)",
      "severity": "WARNING"
    },
    {
      "quarter": "2023-03 (Q1)",
      "signal": "INCREMENTAL MARGIN (YoY)",
      "detail": "YoY Incr OPM: +221.1% vs year-ago OPM: +4.6%",
      "severity": "HIGH"
    },
    {
      "quarter": "2022-12 (Q4)",
      "signal": "GROSS MARGIN INFLECTION",
      "detail": "GM: +12.4% -> +7.8% -> +11.2% (reversal +3.4%)",
      "severity": "MEDIUM"
    },
    {
      "quarter": "2022-12 (Q4)",
      "signal": "YoY REVENUE GROWTH DECELERATION",
      "detail": "YoY growth: +22.8% vs prior quarter YoY: +59.6% (decel: -36.8%)",
      "severity": "WARNING"
    },
    {
      "quarter": "2022-12 (Q4)",
      "signal": "OP MARGIN TURNED POSITIVE (YoY)",
      "detail": "Op margin: -1.3% (year-ago) -> +9.4%",
      "severity": "HIGH"
    },
    {
      "quarter": "2022-09 (Q3)",
      "signal": "YoY REVENUE GROWTH DECELERATION",
      "detail": "YoY growth: +59.6% vs prior quarter YoY: +96.0% (decel: -36.5%)",
      "severity": "WARNING"
    },
    {
      "quarter": "2022-09 (Q3)",
      "signal": "OP MARGIN TURNED POSITIVE (YoY)",
      "detail": "Op margin: -1.6% (year-ago) -> +6.4%",
      "severity": "HIGH"
    },
    {
      "quarter": "2022-06 (Q2)",
      "signal": "YoY REVENUE GROWTH ACCELERATION",
      "detail": "YoY growth: +96.0% vs prior quarter YoY: +86.3% (accel: +9.7%)",
      "severity": "MEDIUM"
    },
    {
      "quarter": "2022-06 (Q2)",
      "signal": "OP MARGIN TURNED POSITIVE (YoY)",
      "detail": "Op margin: -3.6% (year-ago) -> +11.2%",
      "severity": "HIGH"
    },
    {
      "quarter": "2022-03 (Q1)",
      "signal": "FCF TURNED POSITIVE",
      "detail": "FCF margin: -7.1% -> +0.8%",
      "severity": "HIGH"
    },
    {
      "quarter": "2022-03 (Q1)",
      "signal": "YoY REVENUE GROWTH ACCELERATION",
      "detail": "YoY growth: +86.3% vs prior quarter YoY: +78.1% (accel: +8.2%)",
      "severity": "MEDIUM"
    },
    {
      "quarter": "2022-03 (Q1)",
      "signal": "OP MARGIN TURNED POSITIVE (YoY)",
      "detail": "Op margin: -2.9% (year-ago) -> +4.6%",
      "severity": "HIGH"
    },
    {
      "quarter": "2022-03 (Q1)",
      "signal": "OP MARGIN TURNED POSITIVE (QoQ)",
      "detail": "Op margin: -1.3% -> +4.6%",
      "severity": "HIGH"
    },
    {
      "quarter": "2021-09 (Q3)",
      "signal": "FCF TURNED POSITIVE",
      "detail": "FCF margin: -4.6% -> +5.1%",
      "severity": "HIGH"
    }
  ],
  "data_quality": {
    "n_quarters": 20,
    "coverage": {
      "revenue": [
        20,
        20
      ],
      "gross_profit": [
        20,
        20
      ],
      "op_income": [
        20,
        20
      ],
      "fcf": [
        20,
        20
      ]
    },
    "gaps": [],
    "warnings": []
  },
  "market_cap": null,
  "source": "SEC EDGAR",
  "last_updated": "2026-02-03T00:00:26.645003"
}