{
  "ticker": "BE",
  "name": "BLOOM ENERGY CORPORATION",
  "sector": "Industrials",
  "industry": "Electrical Equipment & Parts",
  "quarters": [
    {
      "date": "2021-03-31T00:00:00",
      "quarter_label": "2021-03 (Q1)",
      "revenue": 194007000,
      "gross_profit": 54651000,
      "operating_income": -14397000,
      "net_income": -24889000,
      "opex": 69048000,
      "cogs": 139356000,
      "rd": 23295000,
      "sga": null,
      "fcf": -101967000,
      "ocf": -89035000,
      "capex": -12932000,
      "gross_margin": 0.28169602127758275,
      "op_margin": -0.07420866257403083,
      "fcf_margin": -0.5255841284077378
    },
    {
      "date": "2021-06-30T00:00:00",
      "quarter_label": "2021-06 (Q2)",
      "revenue": 228470000,
      "gross_profit": 37344000,
      "operating_income": -42711000,
      "net_income": -53863000,
      "opex": 80055000,
      "cogs": 191126000,
      "rd": 25673000,
      "sga": null,
      "fcf": 32205000,
      "ocf": 53733000,
      "capex": -21528000,
      "gross_margin": 0.1634525320611021,
      "op_margin": -0.1869435812141638,
      "fcf_margin": 0.14095942574517442,
      "op_leverage_ratio": 1.1143402488941727,
      "fcf_margin_change": 0.6665435541529122
    },
    {
      "date": "2021-09-30T00:00:00",
      "quarter_label": "2021-09 (Q3)",
      "revenue": 207228000,
      "gross_profit": 36883000,
      "operating_income": -43889000,
      "net_income": -52370000,
      "opex": 80772000,
      "cogs": 170345000,
      "rd": 27634000,
      "sga": null,
      "fcf": -82819000,
      "ocf": -72654000,
      "capex": -10165000,
      "gross_margin": 0.17798270503985947,
      "op_margin": -0.2117908776806223,
      "fcf_margin": -0.3996515914837763,
      "fcf_margin_change": -0.5406110172289508
    },
    {
      "date": "2021-12-31T00:00:00",
      "quarter_label": "2021-12 (Q4)",
      "revenue": 342471000,
      "gross_profit": 68703000,
      "operating_income": -13505000,
      "net_income": -33323000,
      "opex": 82208000,
      "cogs": 273768000,
      "rd": 26794000,
      "sga": null,
      "fcf": 42090000,
      "ocf": 47275000,
      "capex": -5185000,
      "gross_margin": 0.20060968665960038,
      "op_margin": -0.03943399587118325,
      "fcf_margin": 0.12290091715794914,
      "op_leverage_ratio": 36.70901716425217,
      "fcf_margin_change": 0.5225525086417254
    },
    {
      "date": "2022-03-31T00:00:00",
      "quarter_label": "2022-03 (Q1)",
      "revenue": 201039000,
      "gross_profit": 27937000,
      "operating_income": -65659000,
      "net_income": -78359000,
      "opex": 93596000,
      "cogs": 173102000,
      "rd": 34526000,
      "sga": null,
      "fcf": -110953000,
      "ocf": -92443000,
      "capex": -18510000,
      "gross_margin": 0.13896308676425967,
      "op_margin": -0.3265983217186715,
      "fcf_margin": -0.5518978904590651,
      "incr_op_margin_yoy": -7.289817974971559,
      "rev_growth_yoy": 0.036246114830908165,
      "fcf_margin_change": -0.6747988076170143
    },
    {
      "date": "2022-06-30T00:00:00",
      "quarter_label": "2022-06 (Q2)",
      "revenue": 243236000,
      "gross_profit": -1970000,
      "operating_income": -102173000,
      "net_income": -118800000,
      "opex": 100203000,
      "cogs": 245206000,
      "rd": 41614000,
      "sga": null,
      "fcf": -32289000,
      "ocf": -6071000,
      "capex": -26218000,
      "gross_margin": -0.008099130062984098,
      "op_margin": -0.420057063921459,
      "fcf_margin": -0.13274761959578352,
      "incr_op_margin_yoy": -4.026953812813219,
      "rev_growth_yoy": 0.06462992953122948,
      "rev_growth_yoy_accel": 0.028383814700321315,
      "op_leverage_ratio": 2.973406198540071,
      "fcf_margin_change": 0.4191502708632816
    },
    {
      "date": "2022-09-30T00:00:00",
      "quarter_label": "2022-09 (Q3)",
      "revenue": 292274000,
      "gross_profit": 50944000,
      "operating_income": -52592000,
      "net_income": -57077000,
      "opex": 103536000,
      "cogs": 241330000,
      "rd": 36146000,
      "sga": null,
      "fcf": -106118000,
      "ocf": -69939000,
      "capex": -36179000,
      "gross_margin": 0.17430219588468354,
      "op_margin": -0.17994074053798834,
      "fcf_margin": -0.3630771125724491,
      "incr_op_margin_yoy": -0.10233285516073655,
      "rev_growth_yoy": 0.41039820873627114,
      "rev_growth_yoy_accel": 0.34576827920504166,
      "op_leverage_ratio": 6.061084056571224,
      "fcf_margin_change": -0.2303294929766656
    },
    {
      "date": "2022-12-31T00:00:00",
      "quarter_label": "2022-12 (Q4)",
      "revenue": 462576000,
      "gross_profit": 71377000,
      "operating_income": -40568000,
      "net_income": -47172000,
      "opex": 111945000,
      "cogs": 391199000,
      "rd": 38320000,
      "sga": null,
      "fcf": -59186000,
      "ocf": -23270000,
      "capex": -35916000,
      "gross_margin": 0.1543032928643077,
      "op_margin": -0.08770018332122721,
      "fcf_margin": -0.1279487046452907,
      "incr_op_margin_yoy": -0.22532783814162607,
      "rev_growth_yoy": 0.35070122725719843,
      "rev_growth_yoy_accel": -0.05969698147907271,
      "op_leverage_ratio": 7.174251463747636,
      "fcf_margin_change": 0.23512840792715842
    },
    {
      "date": "2023-03-31T00:00:00",
      "quarter_label": "2023-03 (Q1)",
      "revenue": 275191000,
      "gross_profit": 54267000,
      "operating_income": -63681000,
      "net_income": null,
      "opex": 117948000,
      "cogs": 220924000,
      "rd": 45690000,
      "sga": null,
      "fcf": -341284000,
      "ocf": -314710000,
      "capex": -26574000,
      "gross_margin": 0.19719758276978536,
      "op_margin": -0.23140655035956845,
      "fcf_margin": -1.240171371883528,
      "incr_op_margin_yoy": 0.026674937965260544,
      "rev_growth_yoy": 0.3688438561672113,
      "rev_growth_yoy_accel": 0.018142628910012892,
      "fcf_margin_change": -1.1122226672382374
    },
    {
      "date": "2023-06-30T00:00:00",
      "quarter_label": "2023-06 (Q2)",
      "revenue": 301095000,
      "gross_profit": 56350000,
      "operating_income": -54456000,
      "net_income": null,
      "opex": 110806000,
      "cogs": 244745000,
      "rd": 41493000,
      "sga": null,
      "fcf": -66061000,
      "ocf": -46485000,
      "capex": -19576000,
      "gross_margin": 0.18715023497567213,
      "op_margin": -0.1808598615055049,
      "fcf_margin": -0.2194025141566615,
      "incr_op_margin_yoy": 0.824711799374341,
      "rev_growth_yoy": 0.2378718610731964,
      "rev_growth_yoy_accel": -0.13097199509401491,
      "op_leverage_ratio": null,
      "fcf_margin_change": 1.0207688577268665
    },
    {
      "date": "2023-09-30T00:00:00",
      "quarter_label": "2023-09 (Q3)",
      "revenue": 400268000,
      "gross_profit": -5214000,
      "operating_income": -103708000,
      "net_income": null,
      "opex": 98494000,
      "cogs": 405482000,
      "rd": 35126000,
      "sga": null,
      "fcf": -154504000,
      "ocf": -133169000,
      "capex": -21335000,
      "gross_margin": -0.013026272397493679,
      "op_margin": -0.25909640540837636,
      "fcf_margin": -0.38600137907601906,
      "incr_op_margin_yoy": -0.47332259199585164,
      "rev_growth_yoy": 0.36949574714138106,
      "rev_growth_yoy_accel": 0.13162388606818465,
      "op_leverage_ratio": null,
      "fcf_margin_change": -0.16659886491935755
    },
    {
      "date": "2023-12-31T00:00:00",
      "quarter_label": "2023-12 (Q4)",
      "revenue": 356916000,
      "gross_profit": 92391000,
      "operating_income": 12938000,
      "net_income": null,
      "opex": 79453000,
      "cogs": 264525000,
      "rd": 33556000,
      "sga": null,
      "fcf": 105579000,
      "ocf": 121833000,
      "capex": -16254000,
      "gross_margin": 0.25885922738123257,
      "op_margin": 0.03624942563516346,
      "fcf_margin": 0.29580909793901083,
      "incr_op_margin_yoy": -0.5063978799924286,
      "rev_growth_yoy": -0.22841651966379578,
      "rev_growth_yoy_accel": -0.5979122668051768,
      "fcf_margin_change": 0.68181047701503
    },
    {
      "date": "2024-03-31T00:00:00",
      "quarter_label": "2024-03 (Q1)",
      "revenue": 235298000,
      "gross_profit": 38076000,
      "operating_income": -49017000,
      "net_income": null,
      "opex": 87093000,
      "cogs": 197222000,
      "rd": 35485000,
      "sga": null,
      "fcf": -168701000,
      "ocf": -147266000,
      "capex": -21435000,
      "gross_margin": 0.1618203299645556,
      "op_margin": -0.2083188127395898,
      "fcf_margin": -0.7169674200375694,
      "incr_op_margin_yoy": -0.36758328528814577,
      "rev_growth_yoy": -0.144964769923435,
      "rev_growth_yoy_accel": 0.08345174974036079,
      "fcf_margin_change": -1.0127765179765802
    },
    {
      "date": "2024-06-30T00:00:00",
      "quarter_label": "2024-06 (Q2)",
      "revenue": 335767000,
      "gross_profit": 68522000,
      "operating_income": -23128000,
      "net_income": null,
      "opex": 91650000,
      "cogs": 267245000,
      "rd": 37364000,
      "sga": null,
      "fcf": -187514000,
      "ocf": -175495000,
      "capex": -12019000,
      "gross_margin": 0.2040760408259299,
      "op_margin": -0.06888109909550373,
      "fcf_margin": -0.5584646495933192,
      "incr_op_margin_yoy": 0.9035532994923858,
      "rev_growth_yoy": 0.11515302479283947,
      "rev_growth_yoy_accel": 0.26011779471627444,
      "op_leverage_ratio": 8.160524364349964,
      "fcf_margin_change": 0.1585027704442502
    },
    {
      "date": "2024-09-30T00:00:00",
      "quarter_label": "2024-09 (Q3)",
      "revenue": 330399000,
      "gross_profit": 78734000,
      "operating_income": -9651000,
      "net_income": null,
      "opex": 88385000,
      "cogs": 251665000,
      "rd": 36315000,
      "sga": null,
      "fcf": -83761000,
      "ocf": -69469000,
      "capex": -14292000,
      "gross_margin": 0.23829975272322254,
      "op_margin": -0.029210136834554583,
      "fcf_margin": -0.2535146898144365,
      "incr_op_margin_yoy": -1.3461907283630794,
      "rev_growth_yoy": -0.1745555477829854,
      "rev_growth_yoy_accel": -0.2897085725758249,
      "fcf_margin_change": 0.30494995977888273
    },
    {
      "date": "2024-12-31T00:00:00",
      "quarter_label": "2024-12 (Q4)",
      "revenue": 572393000,
      "gross_profit": 219317000,
      "operating_income": 104706000,
      "net_income": null,
      "opex": 114611000,
      "cogs": 353076000,
      "rd": 39465000,
      "sga": null,
      "fcf": 473122000,
      "ocf": 484228000,
      "capex": -11106000,
      "gross_margin": 0.38315807495898796,
      "op_margin": 0.18292676535177754,
      "fcf_margin": 0.8265684590831823,
      "incr_op_margin_yoy": 0.4258830408813934,
      "rev_growth_yoy": 0.6037190823611158,
      "rev_growth_yoy_accel": 0.7782746301441013,
      "op_leverage_ratio": 2.4683820717473015,
      "fcf_margin_change": 1.0800831488976188
    },
    {
      "date": "2025-03-31T00:00:00",
      "quarter_label": "2025-03 (Q1)",
      "revenue": 326021000,
      "gross_profit": 88707000,
      "operating_income": -19070000,
      "net_income": null,
      "opex": 107777000,
      "cogs": 237314000,
      "rd": 40612000,
      "sga": null,
      "fcf": -124941000,
      "ocf": -110682000,
      "capex": -14259000,
      "gross_margin": 0.27208983470389947,
      "op_margin": -0.0584931645507498,
      "fcf_margin": -0.38322991463740064,
      "incr_op_margin_yoy": 0.3300926997564014,
      "rev_growth_yoy": 0.38556638815459543,
      "rev_growth_yoy_accel": -0.2181526942065204,
      "fcf_margin_change": -1.209798373720583
    },
    {
      "date": "2025-06-30T00:00:00",
      "quarter_label": "2025-06 (Q2)",
      "revenue": 401242000,
      "gross_profit": 107123000,
      "operating_income": -3503000,
      "net_income": null,
      "opex": 110626000,
      "cogs": 294119000,
      "rd": 40768000,
      "sga": null,
      "fcf": -220356000,
      "ocf": -213111000,
      "capex": -7245000,
      "gross_margin": 0.2669785316591982,
      "op_margin": -0.00873039213242881,
      "fcf_margin": -0.5491847812542057,
      "incr_op_margin_yoy": 0.2997327224131348,
      "rev_growth_yoy": 0.1950012955412533,
      "rev_growth_yoy_accel": -0.19056509261334212,
      "op_leverage_ratio": 8.728249837463661,
      "fcf_margin_change": -0.16595486661680503
    },
    {
      "date": "2025-09-30T00:00:00",
      "quarter_label": "2025-09 (Q3)",
      "revenue": 519048000,
      "gross_profit": 151675000,
      "operating_income": 7846000,
      "net_income": null,
      "opex": 143829000,
      "cogs": 367373000,
      "rd": 48724000,
      "sga": null,
      "fcf": 7368000,
      "ocf": 19669000,
      "capex": -12301000,
      "gross_margin": 0.2922176754365685,
      "op_margin": 0.015116135694579307,
      "fcf_margin": 0.014195218939288852,
      "incr_op_margin_yoy": 0.09274896765951582,
      "rev_growth_yoy": 0.5709732777641578,
      "rev_growth_yoy_accel": 0.3759719822229045,
      "op_leverage_ratio": 0.9782298429719125,
      "fcf_margin_change": 0.5633800001934945
    },
    {
      "date": "2025-12-31T00:00:00",
      "quarter_label": "2025-12 (Q4)",
      "revenue": 777683000,
      "gross_profit": 239895000,
      "operating_income": 87529000,
      "net_income": null,
      "opex": 152366000,
      "cogs": 537788000,
      "rd": 55889000,
      "sga": null,
      "fcf": 395119000,
      "ocf": 418073000,
      "capex": -22954000,
      "gross_margin": 0.3084740183339484,
      "op_margin": 0.11255100085767594,
      "fcf_margin": 0.5080720550661387,
      "incr_op_margin_yoy": -0.08367187880559208,
      "rev_growth_yoy": 0.35865218477514577,
      "rev_growth_yoy_accel": -0.21232109298901208,
      "op_leverage_ratio": 8.39500488827098,
      "fcf_margin_change": 0.49387683612684985
    }
  ],
  "signals": [
    {
      "quarter": "2025-12 (Q4)",
      "signal": "FCF MARGIN EXPANSION",
      "detail": "FCF margin: +1.4% -> +50.8% (+49.4%)",
      "severity": "MEDIUM"
    },
    {
      "quarter": "2025-12 (Q4)",
      "signal": "OPERATING LEVERAGE",
      "detail": "Rev growth +49.8% vs OpEx growth +5.9% (leverage: 8.4x)",
      "severity": "MEDIUM"
    },
    {
      "quarter": "2025-12 (Q4)",
      "signal": "YoY REVENUE GROWTH DECELERATION",
      "detail": "YoY growth: +35.9% vs prior quarter YoY: +57.1% (decel: -21.2%)",
      "severity": "WARNING"
    },
    {
      "quarter": "2025-09 (Q3)",
      "signal": "FCF TURNED POSITIVE",
      "detail": "FCF margin: -54.9% -> +1.4%",
      "severity": "HIGH"
    },
    {
      "quarter": "2025-09 (Q3)",
      "signal": "GROSS MARGIN INFLECTION",
      "detail": "GM: +27.2% -> +26.7% -> +29.2% (reversal +2.5%)",
      "severity": "MEDIUM"
    },
    {
      "quarter": "2025-09 (Q3)",
      "signal": "YoY REVENUE GROWTH ACCELERATION",
      "detail": "YoY growth: +57.1% vs prior quarter YoY: +19.5% (accel: +37.6%)",
      "severity": "HIGH"
    },
    {
      "quarter": "2025-09 (Q3)",
      "signal": "OP MARGIN TURNED POSITIVE (YoY)",
      "detail": "Op margin: -2.9% (year-ago) -> +1.5%",
      "severity": "HIGH"
    },
    {
      "quarter": "2025-09 (Q3)",
      "signal": "OP MARGIN TURNED POSITIVE (QoQ)",
      "detail": "Op margin: -0.9% -> +1.5%",
      "severity": "HIGH"
    },
    {
      "quarter": "2025-06 (Q2)",
      "signal": "OPERATING LEVERAGE",
      "detail": "Rev growth +23.1% vs OpEx growth +2.6% (leverage: 8.7x)",
      "severity": "MEDIUM"
    },
    {
      "quarter": "2025-06 (Q2)",
      "signal": "YoY REVENUE GROWTH DECELERATION",
      "detail": "YoY growth: +19.5% vs prior quarter YoY: +38.6% (decel: -19.1%)",
      "severity": "WARNING"
    },
    {
      "quarter": "2025-03 (Q1)",
      "signal": "YoY REVENUE GROWTH DECELERATION",
      "detail": "YoY growth: +38.6% vs prior quarter YoY: +60.4% (decel: -21.8%)",
      "severity": "WARNING"
    },
    {
      "quarter": "2024-12 (Q4)",
      "signal": "FCF TURNED POSITIVE",
      "detail": "FCF margin: -25.4% -> +82.7%",
      "severity": "HIGH"
    },
    {
      "quarter": "2024-12 (Q4)",
      "signal": "OPERATING LEVERAGE",
      "detail": "Rev growth +73.2% vs OpEx growth +29.7% (leverage: 2.5x)",
      "severity": "MEDIUM"
    },
    {
      "quarter": "2024-12 (Q4)",
      "signal": "YoY REVENUE GROWTH ACCELERATION",
      "detail": "YoY growth: +60.4% vs prior quarter YoY: -17.5% (accel: +77.8%)",
      "severity": "HIGH"
    },
    {
      "quarter": "2024-12 (Q4)",
      "signal": "INCREMENTAL MARGIN (YoY)",
      "detail": "YoY Incr OPM: +42.6% vs year-ago OPM: +3.6%",
      "severity": "HIGH"
    },
    {
      "quarter": "2024-12 (Q4)",
      "signal": "OP MARGIN TURNED POSITIVE (QoQ)",
      "detail": "Op margin: -2.9% -> +18.3%",
      "severity": "HIGH"
    },
    {
      "quarter": "2024-09 (Q3)",
      "signal": "FCF MARGIN EXPANSION",
      "detail": "FCF margin: -55.8% -> -25.4% (+30.5%)",
      "severity": "MEDIUM"
    },
    {
      "quarter": "2024-09 (Q3)",
      "signal": "YoY REVENUE GROWTH DECELERATION",
      "detail": "YoY growth: -17.5% vs prior quarter YoY: +11.5% (decel: -29.0%)",
      "severity": "WARNING"
    },
    {
      "quarter": "2024-06 (Q2)",
      "signal": "FCF MARGIN EXPANSION",
      "detail": "FCF margin: -71.7% -> -55.8% (+15.9%)",
      "severity": "MEDIUM"
    },
    {
      "quarter": "2024-06 (Q2)",
      "signal": "OPERATING LEVERAGE",
      "detail": "Rev growth +42.7% vs OpEx growth +5.2% (leverage: 8.2x)",
      "severity": "MEDIUM"
    },
    {
      "quarter": "2024-06 (Q2)",
      "signal": "GROSS MARGIN INFLECTION",
      "detail": "GM: +25.9% -> +16.2% -> +20.4% (reversal +4.2%)",
      "severity": "MEDIUM"
    },
    {
      "quarter": "2024-06 (Q2)",
      "signal": "YoY REVENUE GROWTH ACCELERATION",
      "detail": "YoY growth: +11.5% vs prior quarter YoY: -14.5% (accel: +26.0%)",
      "severity": "HIGH"
    },
    {
      "quarter": "2024-03 (Q1)",
      "signal": "YoY REVENUE GROWTH ACCELERATION",
      "detail": "YoY growth: -14.5% vs prior quarter YoY: -22.8% (accel: +8.3%)",
      "severity": "MEDIUM"
    },
    {
      "quarter": "2023-12 (Q4)",
      "signal": "FCF TURNED POSITIVE",
      "detail": "FCF margin: -38.6% -> +29.6%",
      "severity": "HIGH"
    },
    {
      "quarter": "2023-12 (Q4)",
      "signal": "GROSS MARGIN INFLECTION",
      "detail": "GM: +18.7% -> -1.3% -> +25.9% (reversal +27.2%)",
      "severity": "HIGH"
    },
    {
      "quarter": "2023-12 (Q4)",
      "signal": "YoY REVENUE GROWTH DECELERATION",
      "detail": "YoY growth: -22.8% vs prior quarter YoY: +36.9% (decel: -59.8%)",
      "severity": "WARNING"
    },
    {
      "quarter": "2023-12 (Q4)",
      "signal": "OP MARGIN TURNED POSITIVE (YoY)",
      "detail": "Op margin: -8.8% (year-ago) -> +3.6%",
      "severity": "HIGH"
    },
    {
      "quarter": "2023-12 (Q4)",
      "signal": "OP MARGIN TURNED POSITIVE (QoQ)",
      "detail": "Op margin: -25.9% -> +3.6%",
      "severity": "HIGH"
    },
    {
      "quarter": "2023-09 (Q3)",
      "signal": "YoY REVENUE GROWTH ACCELERATION",
      "detail": "YoY growth: +36.9% vs prior quarter YoY: +23.8% (accel: +13.2%)",
      "severity": "MEDIUM"
    },
    {
      "quarter": "2023-06 (Q2)",
      "signal": "FCF MARGIN EXPANSION",
      "detail": "FCF margin: -124.0% -> -21.9% (+102.1%)",
      "severity": "MEDIUM"
    },
    {
      "quarter": "2023-06 (Q2)",
      "signal": "YoY REVENUE GROWTH DECELERATION",
      "detail": "YoY growth: +23.8% vs prior quarter YoY: +36.9% (decel: -13.1%)",
      "severity": "WARNING"
    },
    {
      "quarter": "2023-03 (Q1)",
      "signal": "GROSS MARGIN INFLECTION",
      "detail": "GM: +17.4% -> +15.4% -> +19.7% (reversal +4.3%)",
      "severity": "MEDIUM"
    },
    {
      "quarter": "2022-12 (Q4)",
      "signal": "FCF MARGIN EXPANSION",
      "detail": "FCF margin: -36.3% -> -12.8% (+23.5%)",
      "severity": "MEDIUM"
    },
    {
      "quarter": "2022-12 (Q4)",
      "signal": "OPERATING LEVERAGE",
      "detail": "Rev growth +58.3% vs OpEx growth +8.1% (leverage: 7.2x)",
      "severity": "MEDIUM"
    },
    {
      "quarter": "2022-12 (Q4)",
      "signal": "YoY REVENUE GROWTH DECELERATION",
      "detail": "YoY growth: +35.1% vs prior quarter YoY: +41.0% (decel: -6.0%)",
      "severity": "WARNING"
    },
    {
      "quarter": "2022-09 (Q3)",
      "signal": "OPERATING LEVERAGE",
      "detail": "Rev growth +20.2% vs OpEx growth +3.3% (leverage: 6.1x)",
      "severity": "MEDIUM"
    },
    {
      "quarter": "2022-09 (Q3)",
      "signal": "GROSS MARGIN INFLECTION",
      "detail": "GM: +13.9% -> -0.8% -> +17.4% (reversal +18.2%)",
      "severity": "HIGH"
    },
    {
      "quarter": "2022-09 (Q3)",
      "signal": "YoY REVENUE GROWTH ACCELERATION",
      "detail": "YoY growth: +41.0% vs prior quarter YoY: +6.5% (accel: +34.6%)",
      "severity": "HIGH"
    },
    {
      "quarter": "2022-06 (Q2)",
      "signal": "FCF MARGIN EXPANSION",
      "detail": "FCF margin: -55.2% -> -13.3% (+41.9%)",
      "severity": "MEDIUM"
    },
    {
      "quarter": "2022-06 (Q2)",
      "signal": "OPERATING LEVERAGE",
      "detail": "Rev growth +21.0% vs OpEx growth +7.1% (leverage: 3.0x)",
      "severity": "MEDIUM"
    },
    {
      "quarter": "2021-12 (Q4)",
      "signal": "FCF TURNED POSITIVE",
      "detail": "FCF margin: -40.0% -> +12.3%",
      "severity": "HIGH"
    },
    {
      "quarter": "2021-12 (Q4)",
      "signal": "OPERATING LEVERAGE",
      "detail": "Rev growth +65.3% vs OpEx growth +1.8% (leverage: 36.7x)",
      "severity": "MEDIUM"
    },
    {
      "quarter": "2021-06 (Q2)",
      "signal": "FCF TURNED POSITIVE",
      "detail": "FCF margin: -52.6% -> +14.1%",
      "severity": "HIGH"
    }
  ],
  "data_quality": {
    "n_quarters": 20,
    "coverage": {
      "revenue": [
        20,
        20
      ],
      "gross_profit": [
        20,
        20
      ],
      "op_income": [
        20,
        20
      ],
      "fcf": [
        20,
        20
      ]
    },
    "gaps": [],
    "warnings": []
  },
  "market_cap": null,
  "source": "SEC EDGAR",
  "last_updated": "2026-02-24T11:06:57.394452"
}