{
  "ticker": "BEAM",
  "name": "Beam Therapeutics Inc.",
  "quarters": [
    {
      "date": "2020-12-31T00:00:00",
      "quarter_label": "2020-12 (Q4)",
      "revenue": 6000,
      "gross_profit": null,
      "operating_income": -40799000,
      "net_income": -95464000,
      "opex": 40805000,
      "cogs": null,
      "rd": 32451000,
      "sga": null,
      "fcf": -32423000,
      "ocf": -24298000,
      "capex": -8125000,
      "gross_margin": null,
      "op_margin": -6799.833333333333,
      "fcf_margin": -5403.833333333333
    },
    {
      "date": "2021-03-31T00:00:00",
      "quarter_label": "2021-03 (Q1)",
      "revenue": 6000,
      "gross_profit": null,
      "operating_income": -200373000,
      "net_income": -201560000,
      "opex": 200379000,
      "cogs": null,
      "rd": 190106000,
      "sga": null,
      "fcf": -50056000,
      "ocf": -38578000,
      "capex": -11478000,
      "gross_margin": null,
      "op_margin": -33395.5,
      "fcf_margin": -8342.666666666666,
      "fcf_margin_change": -2938.833333333333
    },
    {
      "date": "2021-06-30T00:00:00",
      "quarter_label": "2021-06 (Q2)",
      "revenue": 6000,
      "gross_profit": null,
      "operating_income": -58974000,
      "net_income": -76253000,
      "opex": 58980000,
      "cogs": null,
      "rd": 45577000,
      "sga": null,
      "fcf": -48711000,
      "ocf": -32527000,
      "capex": -16184000,
      "gross_margin": null,
      "op_margin": -9829.0,
      "fcf_margin": -8118.5,
      "fcf_margin_change": 224.16666666666606
    },
    {
      "date": "2021-09-30T00:00:00",
      "quarter_label": "2021-09 (Q3)",
      "revenue": 763000,
      "gross_profit": null,
      "operating_income": -69634000,
      "net_income": -28118000,
      "opex": 70397000,
      "cogs": null,
      "rd": 54623000,
      "sga": null,
      "fcf": -2773000,
      "ocf": 3007000,
      "capex": -5780000,
      "gross_margin": null,
      "op_margin": -91.26343381389253,
      "fcf_margin": -3.634338138925295,
      "op_leverage_ratio": 651.7745467285627,
      "fcf_margin_change": 8114.865661861075
    },
    {
      "date": "2021-12-31T00:00:00",
      "quarter_label": "2021-12 (Q4)",
      "revenue": 51069000,
      "gross_profit": null,
      "operating_income": -63484000,
      "net_income": -64707000,
      "opex": 114553000,
      "cogs": null,
      "rd": 96781000,
      "sga": null,
      "fcf": -11539000,
      "ocf": 1830000,
      "capex": -13369000,
      "gross_margin": null,
      "op_margin": -1.243102469208326,
      "fcf_margin": -0.22594920597622825,
      "incr_op_margin_yoy": -0.4442551358126236,
      "rev_growth_yoy": 8510.5,
      "op_leverage_ratio": 105.1137852487018,
      "fcf_margin_change": 3.408388932949067
    },
    {
      "date": "2022-03-31T00:00:00",
      "quarter_label": "2022-03 (Q1)",
      "revenue": 8432000,
      "gross_profit": null,
      "operating_income": -76225000,
      "net_income": -69214000,
      "opex": 84657000,
      "cogs": null,
      "rd": 65410000,
      "sga": null,
      "fcf": 211231000,
      "ocf": 218490000,
      "capex": -7259000,
      "gross_margin": null,
      "op_margin": -9.03996679316888,
      "fcf_margin": 25.051114800759013,
      "incr_op_margin_yoy": 14.733918822691669,
      "rev_growth_yoy": 1404.3333333333333,
      "rev_growth_yoy_accel": -7106.166666666667,
      "fcf_margin_change": 25.27706400673524
    },
    {
      "date": "2022-06-30T00:00:00",
      "quarter_label": "2022-06 (Q2)",
      "revenue": 16652000,
      "gross_profit": null,
      "operating_income": -81966000,
      "net_income": -71950000,
      "opex": 98618000,
      "cogs": null,
      "rd": 74556000,
      "sga": null,
      "fcf": -73920000,
      "ocf": -52276000,
      "capex": -21644000,
      "gross_margin": null,
      "op_margin": -4.922291616622628,
      "fcf_margin": -4.439106413644007,
      "incr_op_margin_yoy": -1.3812327285834434,
      "rev_growth_yoy": 2774.3333333333335,
      "rev_growth_yoy_accel": 1370.0000000000002,
      "op_leverage_ratio": 5.911362154562581,
      "fcf_margin_change": -29.49022121440302
    },
    {
      "date": "2022-09-30T00:00:00",
      "quarter_label": "2022-09 (Q3)",
      "revenue": 15799000,
      "gross_profit": null,
      "operating_income": -91303000,
      "net_income": -109575000,
      "opex": 107102000,
      "cogs": null,
      "rd": 85287000,
      "sga": null,
      "fcf": -86283000,
      "ocf": -74496000,
      "capex": -11787000,
      "gross_margin": null,
      "op_margin": -5.779036647889107,
      "fcf_margin": -5.461295018672068,
      "incr_op_margin_yoy": -1.4411412609736631,
      "rev_growth_yoy": 19.706422018348626,
      "rev_growth_yoy_accel": -2754.6269113149847,
      "fcf_margin_change": -1.0221886050280613
    },
    {
      "date": "2022-12-31T00:00:00",
      "quarter_label": "2022-12 (Q4)",
      "revenue": 20037000,
      "gross_profit": null,
      "operating_income": -88985000,
      "net_income": -38349000,
      "opex": 109022000,
      "cogs": null,
      "rd": 86341000,
      "sga": null,
      "fcf": -77452000,
      "ocf": -69191000,
      "capex": -8261000,
      "gross_margin": null,
      "op_margin": -4.441034086939163,
      "fcf_margin": -3.865448919498927,
      "incr_op_margin_yoy": 0.8217646300592937,
      "rev_growth_yoy": -0.6076484755918463,
      "rev_growth_yoy_accel": -20.314070493940473,
      "op_leverage_ratio": 14.96331110091356,
      "fcf_margin_change": 1.5958460991731411
    },
    {
      "date": "2023-03-31T00:00:00",
      "quarter_label": "2023-03 (Q1)",
      "revenue": 24208000,
      "gross_profit": null,
      "operating_income": -98928000,
      "net_income": -96460000,
      "opex": 123136000,
      "cogs": null,
      "rd": 99646000,
      "sga": null,
      "fcf": -115832000,
      "ocf": -109815000,
      "capex": -6017000,
      "gross_margin": null,
      "op_margin": -4.086582947785856,
      "fcf_margin": -4.784864507600793,
      "incr_op_margin_yoy": -1.4390846855983772,
      "rev_growth_yoy": 1.8709677419354838,
      "rev_growth_yoy_accel": 2.47861621752733,
      "op_leverage_ratio": 1.6079462361218115,
      "fcf_margin_change": -0.9194155881018662
    },
    {
      "date": "2023-06-30T00:00:00",
      "quarter_label": "2023-06 (Q2)",
      "revenue": 20116000,
      "gross_profit": null,
      "operating_income": -102148000,
      "net_income": -82776000,
      "opex": 122264000,
      "cogs": null,
      "rd": 97608000,
      "sga": null,
      "fcf": -100847000,
      "ocf": -84669000,
      "capex": -16178000,
      "gross_margin": null,
      "op_margin": -5.077947902167429,
      "fcf_margin": -5.013273016504275,
      "incr_op_margin_yoy": -5.826212471131639,
      "rev_growth_yoy": 0.2080230602930579,
      "rev_growth_yoy_accel": -1.6629446816424258,
      "fcf_margin_change": -0.22840850890348197
    },
    {
      "date": "2023-09-30T00:00:00",
      "quarter_label": "2023-09 (Q3)",
      "revenue": 17193000,
      "gross_profit": null,
      "operating_income": -108267000,
      "net_income": -96088000,
      "opex": 125460000,
      "cogs": null,
      "rd": 100050000,
      "sga": null,
      "fcf": -97732000,
      "ocf": -89784000,
      "capex": -7948000,
      "gross_margin": null,
      "op_margin": -6.297155819228756,
      "fcf_margin": -5.68440644448322,
      "incr_op_margin_yoy": -12.169296987087519,
      "rev_growth_yoy": 0.08823343249572758,
      "rev_growth_yoy_accel": -0.11978962779733031,
      "fcf_margin_change": -0.6711334279789449
    },
    {
      "date": "2023-12-31T00:00:00",
      "quarter_label": "2023-12 (Q4)",
      "revenue": 316192000,
      "gross_profit": null,
      "operating_income": 132858000,
      "net_income": 142797000,
      "opex": 183334000,
      "cogs": null,
      "rd": 140077000,
      "sga": null,
      "fcf": 131484000,
      "ocf": 135073000,
      "capex": -3589000,
      "gross_margin": null,
      "op_margin": 0.4201814087642951,
      "fcf_margin": 0.4158359477785649,
      "incr_op_margin_yoy": 0.749077341257112,
      "rev_growth_yoy": 14.780406248440386,
      "rev_growth_yoy_accel": 14.692172815944659,
      "op_leverage_ratio": 37.69987028360886,
      "fcf_margin_change": 6.100242392261785
    },
    {
      "date": "2024-03-31T00:00:00",
      "quarter_label": "2024-03 (Q1)",
      "revenue": 7410000,
      "gross_profit": null,
      "operating_income": -104132000,
      "net_income": -98669000,
      "opex": 111542000,
      "cogs": null,
      "rd": 84818000,
      "sga": null,
      "fcf": -102185000,
      "ocf": -99747000,
      "capex": -2438000,
      "gross_margin": null,
      "op_margin": -14.052901484480431,
      "fcf_margin": -13.790148448043185,
      "incr_op_margin_yoy": 0.3097987855697107,
      "rev_growth_yoy": -0.6939028420356906,
      "rev_growth_yoy_accel": -15.474309090476076,
      "fcf_margin_change": -14.20598439582175
    },
    {
      "date": "2024-06-30T00:00:00",
      "quarter_label": "2024-06 (Q2)",
      "revenue": 11772000,
      "gross_profit": null,
      "operating_income": -104895000,
      "net_income": -91051000,
      "opex": 116667000,
      "cogs": null,
      "rd": 87041000,
      "sga": null,
      "fcf": -84970000,
      "ocf": -83009000,
      "capex": -1961000,
      "gross_margin": null,
      "op_margin": -8.910550458715596,
      "fcf_margin": -7.217974855589534,
      "incr_op_margin_yoy": 0.32921860019175453,
      "rev_growth_yoy": -0.4147941936766753,
      "rev_growth_yoy_accel": 0.27910864835901533,
      "op_leverage_ratio": 12.811854882986077,
      "fcf_margin_change": 6.572173592453651
    },
    {
      "date": "2024-09-30T00:00:00",
      "quarter_label": "2024-09 (Q3)",
      "revenue": 14269000,
      "gross_profit": null,
      "operating_income": -106504000,
      "net_income": -96668000,
      "opex": 120773000,
      "cogs": null,
      "rd": 94258000,
      "sga": null,
      "fcf": -89702000,
      "ocf": -88125000,
      "capex": -1577000,
      "gross_margin": null,
      "op_margin": -7.464012895087252,
      "fcf_margin": -6.286495199383278,
      "incr_op_margin_yoy": -0.6029411764705882,
      "rev_growth_yoy": -0.17006921421508753,
      "rev_growth_yoy_accel": 0.24472497946158778,
      "op_leverage_ratio": 6.026947027621248,
      "fcf_margin_change": 0.931479656206256
    },
    {
      "date": "2024-12-31T00:00:00",
      "quarter_label": "2024-12 (Q4)",
      "revenue": 30067000,
      "gross_profit": null,
      "operating_income": -100037000,
      "net_income": -90354000,
      "opex": 130104000,
      "cogs": null,
      "rd": 101444000,
      "sga": null,
      "fcf": -79335000,
      "ocf": -76365000,
      "capex": -2970000,
      "gross_margin": null,
      "op_margin": -3.3271360627930955,
      "fcf_margin": -2.6386071107859115,
      "incr_op_margin_yoy": 0.8139624290083005,
      "rev_growth_yoy": -0.9049090426070235,
      "rev_growth_yoy_accel": -0.734839828391936,
      "op_leverage_ratio": 14.330133503010224,
      "fcf_margin_change": 3.647888088597367
    },
    {
      "date": "2025-03-31T00:00:00",
      "quarter_label": "2025-03 (Q1)",
      "revenue": 7470000,
      "gross_profit": null,
      "operating_income": -119286000,
      "net_income": -109270000,
      "opex": 126756000,
      "cogs": null,
      "rd": 98816000,
      "sga": null,
      "fcf": -106949000,
      "ocf": -103884000,
      "capex": -3065000,
      "gross_margin": null,
      "op_margin": -15.96867469879518,
      "fcf_margin": -14.317135207496653,
      "rev_growth_yoy": 0.008097165991902834,
      "rev_growth_yoy_accel": 0.9130062085989263,
      "fcf_margin_change": -11.678528096710743
    },
    {
      "date": "2025-06-30T00:00:00",
      "quarter_label": "2025-06 (Q2)",
      "revenue": 8466000,
      "gross_profit": null,
      "operating_income": -120151000,
      "net_income": -102291000,
      "opex": 128617000,
      "cogs": null,
      "rd": 101758000,
      "sga": null,
      "fcf": -79586000,
      "ocf": -76450000,
      "capex": -3136000,
      "gross_margin": null,
      "op_margin": -14.192180486652493,
      "fcf_margin": -9.40066146940704,
      "incr_op_margin_yoy": 4.614640048396854,
      "rev_growth_yoy": -0.2808358817533129,
      "rev_growth_yoy_accel": -0.2889330477452158,
      "op_leverage_ratio": 9.08156904889844,
      "fcf_margin_change": 4.916473738089612
    },
    {
      "date": "2025-09-30T00:00:00",
      "quarter_label": "2025-09 (Q3)",
      "revenue": 9698000,
      "gross_profit": null,
      "operating_income": -126811000,
      "net_income": -112728000,
      "opex": 136509000,
      "cogs": null,
      "rd": 109769000,
      "sga": null,
      "fcf": -86490000,
      "ocf": -81479000,
      "capex": -5011000,
      "gross_margin": null,
      "op_margin": -13.075995050525881,
      "fcf_margin": -8.918333677046814,
      "incr_op_margin_yoy": 4.442572741194487,
      "rev_growth_yoy": -0.3203448034200014,
      "rev_growth_yoy_accel": -0.03950892166668846,
      "op_leverage_ratio": 2.371612564566126,
      "fcf_margin_change": 0.48232779236022694
    }
  ],
  "signals": [
    {
      "quarter": "2025-09 (Q3)",
      "signal": "FCF MARGIN EXPANSION",
      "detail": "FCF margin: -940.1% -> -891.8% (+48.2%)",
      "severity": "MEDIUM"
    },
    {
      "quarter": "2025-09 (Q3)",
      "signal": "OPERATING LEVERAGE",
      "detail": "Rev growth +14.6% vs OpEx growth +6.1% (leverage: 2.4x)",
      "severity": "MEDIUM"
    },
    {
      "quarter": "2025-06 (Q2)",
      "signal": "FCF MARGIN EXPANSION",
      "detail": "FCF margin: -1431.7% -> -940.1% (+491.6%)",
      "severity": "MEDIUM"
    },
    {
      "quarter": "2025-06 (Q2)",
      "signal": "OPERATING LEVERAGE",
      "detail": "Rev growth +13.3% vs OpEx growth +1.5% (leverage: 9.1x)",
      "severity": "MEDIUM"
    },
    {
      "quarter": "2025-06 (Q2)",
      "signal": "YoY REVENUE GROWTH DECELERATION",
      "detail": "YoY growth: -28.1% vs prior quarter YoY: +0.8% (decel: -28.9%)",
      "severity": "WARNING"
    },
    {
      "quarter": "2025-03 (Q1)",
      "signal": "YoY REVENUE GROWTH ACCELERATION",
      "detail": "YoY growth: +0.8% vs prior quarter YoY: -90.5% (accel: +91.3%)",
      "severity": "HIGH"
    },
    {
      "quarter": "2024-12 (Q4)",
      "signal": "FCF MARGIN EXPANSION",
      "detail": "FCF margin: -628.6% -> -263.9% (+364.8%)",
      "severity": "MEDIUM"
    },
    {
      "quarter": "2024-12 (Q4)",
      "signal": "OPERATING LEVERAGE",
      "detail": "Rev growth +110.7% vs OpEx growth +7.7% (leverage: 14.3x)",
      "severity": "MEDIUM"
    },
    {
      "quarter": "2024-12 (Q4)",
      "signal": "YoY REVENUE GROWTH DECELERATION",
      "detail": "YoY growth: -90.5% vs prior quarter YoY: -17.0% (decel: -73.5%)",
      "severity": "WARNING"
    },
    {
      "quarter": "2024-09 (Q3)",
      "signal": "FCF MARGIN EXPANSION",
      "detail": "FCF margin: -721.8% -> -628.6% (+93.1%)",
      "severity": "MEDIUM"
    },
    {
      "quarter": "2024-09 (Q3)",
      "signal": "OPERATING LEVERAGE",
      "detail": "Rev growth +21.2% vs OpEx growth +3.5% (leverage: 6.0x)",
      "severity": "MEDIUM"
    },
    {
      "quarter": "2024-09 (Q3)",
      "signal": "YoY REVENUE GROWTH ACCELERATION",
      "detail": "YoY growth: -17.0% vs prior quarter YoY: -41.5% (accel: +24.5%)",
      "severity": "HIGH"
    },
    {
      "quarter": "2024-06 (Q2)",
      "signal": "FCF MARGIN EXPANSION",
      "detail": "FCF margin: -1379.0% -> -721.8% (+657.2%)",
      "severity": "MEDIUM"
    },
    {
      "quarter": "2024-06 (Q2)",
      "signal": "OPERATING LEVERAGE",
      "detail": "Rev growth +58.9% vs OpEx growth +4.6% (leverage: 12.8x)",
      "severity": "MEDIUM"
    },
    {
      "quarter": "2024-06 (Q2)",
      "signal": "YoY REVENUE GROWTH ACCELERATION",
      "detail": "YoY growth: -41.5% vs prior quarter YoY: -69.4% (accel: +27.9%)",
      "severity": "HIGH"
    },
    {
      "quarter": "2024-03 (Q1)",
      "signal": "YoY REVENUE GROWTH DECELERATION",
      "detail": "YoY growth: -69.4% vs prior quarter YoY: +1478.0% (decel: -1547.4%)",
      "severity": "WARNING"
    },
    {
      "quarter": "2023-12 (Q4)",
      "signal": "FCF TURNED POSITIVE",
      "detail": "FCF margin: -568.4% -> +41.6%",
      "severity": "HIGH"
    },
    {
      "quarter": "2023-12 (Q4)",
      "signal": "OPERATING LEVERAGE",
      "detail": "Rev growth +1739.1% vs OpEx growth +46.1% (leverage: 37.7x)",
      "severity": "MEDIUM"
    },
    {
      "quarter": "2023-12 (Q4)",
      "signal": "YoY REVENUE GROWTH ACCELERATION",
      "detail": "YoY growth: +1478.0% vs prior quarter YoY: +8.8% (accel: +1469.2%)",
      "severity": "HIGH"
    },
    {
      "quarter": "2023-12 (Q4)",
      "signal": "OP MARGIN TURNED POSITIVE (YoY)",
      "detail": "Op margin: -444.1% (year-ago) -> +42.0%",
      "severity": "HIGH"
    },
    {
      "quarter": "2023-12 (Q4)",
      "signal": "OP MARGIN TURNED POSITIVE (QoQ)",
      "detail": "Op margin: -629.7% -> +42.0%",
      "severity": "HIGH"
    },
    {
      "quarter": "2023-09 (Q3)",
      "signal": "YoY REVENUE GROWTH DECELERATION",
      "detail": "YoY growth: +8.8% vs prior quarter YoY: +20.8% (decel: -12.0%)",
      "severity": "WARNING"
    },
    {
      "quarter": "2023-06 (Q2)",
      "signal": "YoY REVENUE GROWTH DECELERATION",
      "detail": "YoY growth: +20.8% vs prior quarter YoY: +187.1% (decel: -166.3%)",
      "severity": "WARNING"
    },
    {
      "quarter": "2023-03 (Q1)",
      "signal": "OPERATING LEVERAGE",
      "detail": "Rev growth +20.8% vs OpEx growth +12.9% (leverage: 1.6x)",
      "severity": "MEDIUM"
    },
    {
      "quarter": "2023-03 (Q1)",
      "signal": "YoY REVENUE GROWTH ACCELERATION",
      "detail": "YoY growth: +187.1% vs prior quarter YoY: -60.8% (accel: +247.9%)",
      "severity": "HIGH"
    },
    {
      "quarter": "2022-12 (Q4)",
      "signal": "FCF MARGIN EXPANSION",
      "detail": "FCF margin: -546.1% -> -386.5% (+159.6%)",
      "severity": "MEDIUM"
    },
    {
      "quarter": "2022-12 (Q4)",
      "signal": "OPERATING LEVERAGE",
      "detail": "Rev growth +26.8% vs OpEx growth +1.8% (leverage: 15.0x)",
      "severity": "MEDIUM"
    },
    {
      "quarter": "2022-12 (Q4)",
      "signal": "YoY REVENUE GROWTH DECELERATION",
      "detail": "YoY growth: -60.8% vs prior quarter YoY: +1970.6% (decel: -2031.4%)",
      "severity": "WARNING"
    },
    {
      "quarter": "2022-09 (Q3)",
      "signal": "YoY REVENUE GROWTH DECELERATION",
      "detail": "YoY growth: +1970.6% vs prior quarter YoY: +277433.3% (decel: -275462.7%)",
      "severity": "WARNING"
    },
    {
      "quarter": "2022-06 (Q2)",
      "signal": "OPERATING LEVERAGE",
      "detail": "Rev growth +97.5% vs OpEx growth +16.5% (leverage: 5.9x)",
      "severity": "MEDIUM"
    },
    {
      "quarter": "2022-06 (Q2)",
      "signal": "YoY REVENUE GROWTH ACCELERATION",
      "detail": "YoY growth: +277433.3% vs prior quarter YoY: +140433.3% (accel: +137000.0%)",
      "severity": "HIGH"
    },
    {
      "quarter": "2022-03 (Q1)",
      "signal": "FCF TURNED POSITIVE",
      "detail": "FCF margin: -22.6% -> +2505.1%",
      "severity": "HIGH"
    },
    {
      "quarter": "2022-03 (Q1)",
      "signal": "YoY REVENUE GROWTH DECELERATION",
      "detail": "YoY growth: +140433.3% vs prior quarter YoY: +851050.0% (decel: -710616.7%)",
      "severity": "WARNING"
    },
    {
      "quarter": "2021-12 (Q4)",
      "signal": "FCF MARGIN EXPANSION",
      "detail": "FCF margin: -363.4% -> -22.6% (+340.8%)",
      "severity": "MEDIUM"
    },
    {
      "quarter": "2021-12 (Q4)",
      "signal": "OPERATING LEVERAGE",
      "detail": "Rev growth +6593.2% vs OpEx growth +62.7% (leverage: 105.1x)",
      "severity": "MEDIUM"
    },
    {
      "quarter": "2021-09 (Q3)",
      "signal": "FCF MARGIN EXPANSION",
      "detail": "FCF margin: -811850.0% -> -363.4% (+811486.6%)",
      "severity": "MEDIUM"
    },
    {
      "quarter": "2021-09 (Q3)",
      "signal": "OPERATING LEVERAGE",
      "detail": "Rev growth +12616.7% vs OpEx growth +19.4% (leverage: 651.8x)",
      "severity": "MEDIUM"
    },
    {
      "quarter": "2021-06 (Q2)",
      "signal": "FCF MARGIN EXPANSION",
      "detail": "FCF margin: -834266.7% -> -811850.0% (+22416.7%)",
      "severity": "MEDIUM"
    }
  ],
  "data_quality": {
    "n_quarters": 20,
    "coverage": {
      "revenue": [
        20,
        20
      ],
      "gross_profit": [
        0,
        20
      ],
      "op_income": [
        20,
        20
      ],
      "fcf": [
        20,
        20
      ]
    },
    "gaps": [],
    "warnings": [
      "gross_profit: no data"
    ]
  },
  "market_cap": null,
  "source": "SEC EDGAR",
  "last_updated": "2026-02-02T21:20:57.112233",
  "sector": "Healthcare",
  "industry": "Biotechnology"
}