{
  "ticker": "BEEM",
  "name": "BEAM GLOBAL",
  "quarters": [
    {
      "date": "2020-12-31T00:00:00",
      "quarter_label": "2020-12 (Q4)",
      "revenue": 2200706,
      "gross_profit": -537937,
      "operating_income": -2337179,
      "net_income": -2336524,
      "opex": 1799242,
      "cogs": 2738643,
      "rd": null,
      "sga": null,
      "fcf": -1019480,
      "ocf": -906813,
      "capex": -112667,
      "gross_margin": -0.24443837568489385,
      "op_margin": -1.06201328119249,
      "fcf_margin": -0.4632513384341207
    },
    {
      "date": "2021-03-31T00:00:00",
      "quarter_label": "2021-03 (Q1)",
      "revenue": 1372392,
      "gross_profit": -149120,
      "operating_income": -1251795,
      "net_income": -1250809,
      "opex": 1102675,
      "cogs": 1521512,
      "rd": null,
      "sga": null,
      "fcf": -890000,
      "ocf": -856000,
      "capex": -34000,
      "gross_margin": -0.10865700178957616,
      "op_margin": -0.9121264186908696,
      "fcf_margin": -0.648502760144332,
      "fcf_margin_change": -0.18525142171021125
    },
    {
      "date": "2021-06-30T00:00:00",
      "quarter_label": "2021-06 (Q2)",
      "revenue": 2121098,
      "gross_profit": -273877,
      "operating_income": -1642887,
      "net_income": -1641788,
      "opex": 1369010,
      "cogs": 2394975,
      "rd": null,
      "sga": null,
      "fcf": -3030000,
      "ocf": -2896000,
      "capex": -134000,
      "gross_margin": -0.1291203895340998,
      "op_margin": -0.7745455419787299,
      "fcf_margin": -1.4285054250204374,
      "op_leverage_ratio": 2.2586681181613377,
      "fcf_margin_change": -0.7800026648761055
    },
    {
      "date": "2021-09-30T00:00:00",
      "quarter_label": "2021-09 (Q3)",
      "revenue": 2020612,
      "gross_profit": -208023,
      "operating_income": -1689329,
      "net_income": -1688631,
      "opex": 1481306,
      "cogs": 2228635,
      "rd": null,
      "sga": null,
      "fcf": -1714000,
      "ocf": -1409000,
      "capex": -305000,
      "gross_margin": -0.10295049222710743,
      "op_margin": -0.836048187380853,
      "fcf_margin": -0.8482578545509974,
      "fcf_margin_change": 0.58024757046944
    },
    {
      "date": "2021-12-31T00:00:00",
      "quarter_label": "2021-12 (Q4)",
      "revenue": 9002000,
      "gross_profit": -340624,
      "operating_income": -2015307,
      "net_income": -2014811,
      "opex": 1674683,
      "cogs": 3828273,
      "rd": null,
      "sga": null,
      "fcf": -1272000,
      "ocf": -1247000,
      "capex": -25000,
      "gross_margin": -0.03783870251055321,
      "op_margin": -0.22387325038880249,
      "fcf_margin": -0.14130193290379917,
      "incr_op_margin_yoy": 0.04732511195663649,
      "rev_growth_yoy": 3.090505501416364,
      "op_leverage_ratio": 26.46664004392465,
      "fcf_margin_change": 0.7069559216471983
    },
    {
      "date": "2022-03-31T00:00:00",
      "quarter_label": "2022-03 (Q1)",
      "revenue": 3770000,
      "gross_profit": -305000,
      "operating_income": -2280000,
      "net_income": -2278000,
      "opex": 1975000,
      "cogs": 4075000,
      "rd": null,
      "sga": null,
      "fcf": -2038000,
      "ocf": -1907000,
      "capex": -131000,
      "gross_margin": -0.08090185676392574,
      "op_margin": -0.6047745358090185,
      "fcf_margin": -0.5405835543766578,
      "incr_op_margin_yoy": -0.4288461666794572,
      "rev_growth_yoy": 1.7470285457799228,
      "rev_growth_yoy_accel": -1.343476955636441,
      "fcf_margin_change": -0.39928162147285867
    },
    {
      "date": "2022-06-30T00:00:00",
      "quarter_label": "2022-06 (Q2)",
      "revenue": 3718000,
      "gross_profit": -326000,
      "operating_income": -2816000,
      "net_income": -2803000,
      "opex": 2490000,
      "cogs": 4044000,
      "rd": null,
      "sga": null,
      "fcf": -5603000,
      "ocf": -5518000,
      "capex": -85000,
      "gross_margin": -0.08768154922001076,
      "op_margin": -0.757396449704142,
      "fcf_margin": -1.506993006993007,
      "incr_op_margin_yoy": -0.734618029158959,
      "rev_growth_yoy": 0.7528657327478504,
      "rev_growth_yoy_accel": -0.9941628130320724,
      "fcf_margin_change": -0.9664094526163493
    },
    {
      "date": "2022-09-30T00:00:00",
      "quarter_label": "2022-09 (Q3)",
      "revenue": 6611000,
      "gross_profit": -339000,
      "operating_income": -6807000,
      "net_income": -6789000,
      "opex": 6468000,
      "cogs": 6950000,
      "rd": null,
      "sga": null,
      "fcf": -8838000,
      "ocf": -8299000,
      "capex": -539000,
      "gross_margin": -0.051278172742399035,
      "op_margin": -1.0296475571018,
      "fcf_margin": -1.3368628044168809,
      "incr_op_margin_yoy": -1.114866760718266,
      "rev_growth_yoy": 2.2717810247588353,
      "rev_growth_yoy_accel": 1.518915292010985,
      "op_leverage_ratio": 0.4870500771997465,
      "fcf_margin_change": 0.1701302025761262
    },
    {
      "date": "2022-12-31T00:00:00",
      "quarter_label": "2022-12 (Q4)",
      "revenue": 21995000,
      "gross_profit": -697000,
      "operating_income": -7813000,
      "net_income": -7812000,
      "opex": 7116000,
      "cogs": 8593000,
      "rd": null,
      "sga": null,
      "fcf": -2507000,
      "ocf": -2390000,
      "capex": -117000,
      "gross_margin": -0.03168902023187088,
      "op_margin": -0.35521709479427144,
      "fcf_margin": -0.11398045010229597,
      "incr_op_margin_yoy": -0.44621665512198877,
      "rev_growth_yoy": 1.4433459231281938,
      "rev_growth_yoy_accel": -0.8284351016306415,
      "op_leverage_ratio": 23.22721390275467,
      "fcf_margin_change": 1.2228823543145848
    },
    {
      "date": "2023-03-31T00:00:00",
      "quarter_label": "2023-03 (Q1)",
      "revenue": 13020000,
      "gross_profit": 5000,
      "operating_income": -3841000,
      "net_income": -3831000,
      "opex": 3846000,
      "cogs": 13015000,
      "rd": null,
      "sga": null,
      "fcf": -933000,
      "ocf": -619000,
      "capex": -314000,
      "gross_margin": 0.00038402457757296467,
      "op_margin": -0.29500768049155146,
      "fcf_margin": -0.07165898617511521,
      "incr_op_margin_yoy": -0.16875675675675675,
      "rev_growth_yoy": 2.453580901856764,
      "rev_growth_yoy_accel": 1.0102349787285703,
      "fcf_margin_change": 0.042321463927180766
    },
    {
      "date": "2023-06-30T00:00:00",
      "quarter_label": "2023-06 (Q2)",
      "revenue": 17819000,
      "gross_profit": 501000,
      "operating_income": -3541000,
      "net_income": -3530000,
      "opex": 4042000,
      "cogs": 17318000,
      "rd": null,
      "sga": null,
      "fcf": -4650000,
      "ocf": -4443000,
      "capex": -207000,
      "gross_margin": 0.02811605589539256,
      "op_margin": -0.19872046691733544,
      "fcf_margin": -0.26095740501711656,
      "incr_op_margin_yoy": -0.051414793277072546,
      "rev_growth_yoy": 3.7926304464766005,
      "rev_growth_yoy_accel": 1.3390495446198365,
      "op_leverage_ratio": 7.2325754725853475,
      "fcf_margin_change": -0.18929841884200135
    },
    {
      "date": "2023-09-30T00:00:00",
      "quarter_label": "2023-09 (Q3)",
      "revenue": 16486000,
      "gross_profit": 283000,
      "operating_income": -3754000,
      "net_income": -3629000,
      "opex": 4037000,
      "cogs": 16203000,
      "rd": null,
      "sga": null,
      "fcf": -8972000,
      "ocf": -8706000,
      "capex": -266000,
      "gross_margin": 0.01716608031056654,
      "op_margin": -0.22770835860730318,
      "fcf_margin": -0.5442193376197986,
      "incr_op_margin_yoy": 0.3091645569620253,
      "rev_growth_yoy": 1.4937225835728332,
      "rev_growth_yoy_accel": -2.2989078629037674,
      "fcf_margin_change": -0.283261932602682
    },
    {
      "date": "2023-12-31T00:00:00",
      "quarter_label": "2023-12 (Q4)",
      "revenue": 20028000,
      "gross_profit": 415000,
      "operating_income": -5125000,
      "net_income": -5070000,
      "opex": 5540000,
      "cogs": 19613000,
      "rd": null,
      "sga": null,
      "fcf": 311000,
      "ocf": 461000,
      "capex": -150000,
      "gross_margin": 0.0207209906131416,
      "op_margin": -0.25589175154783306,
      "fcf_margin": 0.015528260435390453,
      "incr_op_margin_yoy": -1.3665480427046264,
      "rev_growth_yoy": -0.0894294157763128,
      "rev_growth_yoy_accel": -1.583151999349146,
      "op_leverage_ratio": 0.577076023051959,
      "fcf_margin_change": 0.559747598055189
    },
    {
      "date": "2024-03-31T00:00:00",
      "quarter_label": "2024-03 (Q1)",
      "revenue": 14561000,
      "gross_profit": 1479000,
      "operating_income": -3048000,
      "net_income": -3037000,
      "opex": 4527000,
      "cogs": 13082000,
      "rd": null,
      "sga": null,
      "fcf": -3130000,
      "ocf": -3026000,
      "capex": -104000,
      "gross_margin": 0.10157269418309182,
      "op_margin": -0.20932628253554014,
      "fcf_margin": -0.21495776388984272,
      "incr_op_margin_yoy": 0.5146009085009734,
      "rev_growth_yoy": 0.1183563748079877,
      "rev_growth_yoy_accel": 0.20778579058430052,
      "fcf_margin_change": -0.23048602432523319
    },
    {
      "date": "2024-06-30T00:00:00",
      "quarter_label": "2024-06 (Q2)",
      "revenue": 14812000,
      "gross_profit": 2356000,
      "operating_income": -4791000,
      "net_income": -4916000,
      "opex": 7147000,
      "cogs": 12456000,
      "rd": null,
      "sga": null,
      "fcf": 2793000,
      "ocf": 2929000,
      "capex": -136000,
      "gross_margin": 0.159060221442074,
      "op_margin": -0.3234539562516878,
      "fcf_margin": 0.1885633270321361,
      "incr_op_margin_yoy": 0.4156967076820752,
      "rev_growth_yoy": -0.16875245524440205,
      "rev_growth_yoy_accel": -0.28710883005238974,
      "op_leverage_ratio": 0.02978459662457123,
      "fcf_margin_change": 0.40352109092197885
    },
    {
      "date": "2024-09-30T00:00:00",
      "quarter_label": "2024-09 (Q3)",
      "revenue": 11482000,
      "gross_profit": 1231000,
      "operating_income": 1282000,
      "net_income": 1297000,
      "opex": -51000,
      "cogs": 10251000,
      "rd": null,
      "sga": null,
      "fcf": -3146000,
      "ocf": -2955000,
      "capex": -191000,
      "gross_margin": 0.10721128723218952,
      "op_margin": 0.11165302212158161,
      "fcf_margin": -0.27399407768681416,
      "incr_op_margin_yoy": -1.006394884092726,
      "rev_growth_yoy": -0.303530268106272,
      "rev_growth_yoy_accel": -0.13477781286186993,
      "fcf_margin_change": -0.46255740471895024
    },
    {
      "date": "2024-12-31T00:00:00",
      "quarter_label": "2024-12 (Q4)",
      "revenue": 8481000,
      "gross_profit": 2230000,
      "operating_income": -5100000,
      "net_income": -4626000,
      "opex": 7330000,
      "cogs": 6251000,
      "rd": null,
      "sga": null,
      "fcf": 462000,
      "ocf": 859000,
      "capex": -397000,
      "gross_margin": 0.26294069095625516,
      "op_margin": -0.6013441811107181,
      "fcf_margin": 0.054474708171206226,
      "incr_op_margin_yoy": -0.002165064518922664,
      "rev_growth_yoy": -0.5765428400239665,
      "rev_growth_yoy_accel": -0.2730125719176945,
      "fcf_margin_change": 0.3284687858580204
    },
    {
      "date": "2025-03-31T00:00:00",
      "quarter_label": "2025-03 (Q1)",
      "revenue": 6324000,
      "gross_profit": 501000,
      "operating_income": -15544000,
      "net_income": -15523000,
      "opex": 5265000,
      "cogs": 5823000,
      "rd": null,
      "sga": null,
      "fcf": -1814000,
      "ocf": -1760000,
      "capex": -54000,
      "gross_margin": 0.07922201138519924,
      "op_margin": -2.4579380139152436,
      "fcf_margin": -0.2868437697659709,
      "incr_op_margin_yoy": 1.5170571810125046,
      "rev_growth_yoy": -0.5656891696998833,
      "rev_growth_yoy_accel": 0.010853670324083242,
      "fcf_margin_change": -0.3413184779371772
    },
    {
      "date": "2025-06-30T00:00:00",
      "quarter_label": "2025-06 (Q2)",
      "revenue": 7075000,
      "gross_profit": 1434000,
      "operating_income": -4467000,
      "net_income": -4278000,
      "opex": 5901000,
      "cogs": 5641000,
      "rd": null,
      "sga": null,
      "fcf": -1075000,
      "ocf": -318000,
      "capex": -757000,
      "gross_margin": 0.20268551236749116,
      "op_margin": -0.6313780918727915,
      "fcf_margin": -0.1519434628975265,
      "incr_op_margin_yoy": -0.04187669639395114,
      "rev_growth_yoy": -0.5223467458817175,
      "rev_growth_yoy_accel": 0.043342423818165776,
      "op_leverage_ratio": 0.9830810747914503,
      "fcf_margin_change": 0.13490030686844443
    },
    {
      "date": "2025-09-30T00:00:00",
      "quarter_label": "2025-09 (Q3)",
      "revenue": 5788000,
      "gross_profit": -28000,
      "operating_income": -4872000,
      "net_income": -4870000,
      "opex": 4844000,
      "cogs": 5816000,
      "rd": null,
      "sga": null,
      "fcf": -4183000,
      "ocf": -4634000,
      "capex": 451000,
      "gross_margin": -0.0048375950241879755,
      "op_margin": -0.8417415342087077,
      "fcf_margin": -0.7227021423635107,
      "incr_op_margin_yoy": 1.0807867931155601,
      "rev_growth_yoy": -0.4959066364744818,
      "rev_growth_yoy_accel": 0.02644010940723568,
      "fcf_margin_change": -0.5707586794659842
    }
  ],
  "signals": [
    {
      "quarter": "2025-06 (Q2)",
      "signal": "FCF MARGIN EXPANSION",
      "detail": "FCF margin: -28.7% -> -15.2% (+13.5%)",
      "severity": "MEDIUM"
    },
    {
      "quarter": "2025-06 (Q2)",
      "signal": "GROSS MARGIN INFLECTION",
      "detail": "GM: +26.3% -> +7.9% -> +20.3% (reversal +12.3%)",
      "severity": "HIGH"
    },
    {
      "quarter": "2024-12 (Q4)",
      "signal": "FCF TURNED POSITIVE",
      "detail": "FCF margin: -27.4% -> +5.4%",
      "severity": "HIGH"
    },
    {
      "quarter": "2024-12 (Q4)",
      "signal": "GROSS MARGIN INFLECTION",
      "detail": "GM: +15.9% -> +10.7% -> +26.3% (reversal +15.6%)",
      "severity": "HIGH"
    },
    {
      "quarter": "2024-12 (Q4)",
      "signal": "YoY REVENUE GROWTH DECELERATION",
      "detail": "YoY growth: -57.7% vs prior quarter YoY: -30.4% (decel: -27.3%)",
      "severity": "WARNING"
    },
    {
      "quarter": "2024-09 (Q3)",
      "signal": "YoY REVENUE GROWTH DECELERATION",
      "detail": "YoY growth: -30.4% vs prior quarter YoY: -16.9% (decel: -13.5%)",
      "severity": "WARNING"
    },
    {
      "quarter": "2024-09 (Q3)",
      "signal": "OP MARGIN TURNED POSITIVE (YoY)",
      "detail": "Op margin: -22.8% (year-ago) -> +11.2%",
      "severity": "HIGH"
    },
    {
      "quarter": "2024-09 (Q3)",
      "signal": "OP MARGIN TURNED POSITIVE (QoQ)",
      "detail": "Op margin: -32.3% -> +11.2%",
      "severity": "HIGH"
    },
    {
      "quarter": "2024-06 (Q2)",
      "signal": "FCF TURNED POSITIVE",
      "detail": "FCF margin: -21.5% -> +18.9%",
      "severity": "HIGH"
    },
    {
      "quarter": "2024-06 (Q2)",
      "signal": "YoY REVENUE GROWTH DECELERATION",
      "detail": "YoY growth: -16.9% vs prior quarter YoY: +11.8% (decel: -28.7%)",
      "severity": "WARNING"
    },
    {
      "quarter": "2024-03 (Q1)",
      "signal": "YoY REVENUE GROWTH ACCELERATION",
      "detail": "YoY growth: +11.8% vs prior quarter YoY: -8.9% (accel: +20.8%)",
      "severity": "HIGH"
    },
    {
      "quarter": "2023-12 (Q4)",
      "signal": "FCF TURNED POSITIVE",
      "detail": "FCF margin: -54.4% -> +1.6%",
      "severity": "HIGH"
    },
    {
      "quarter": "2023-12 (Q4)",
      "signal": "YoY REVENUE GROWTH DECELERATION",
      "detail": "YoY growth: -8.9% vs prior quarter YoY: +149.4% (decel: -158.3%)",
      "severity": "WARNING"
    },
    {
      "quarter": "2023-09 (Q3)",
      "signal": "YoY REVENUE GROWTH DECELERATION",
      "detail": "YoY growth: +149.4% vs prior quarter YoY: +379.3% (decel: -229.9%)",
      "severity": "WARNING"
    },
    {
      "quarter": "2023-06 (Q2)",
      "signal": "OPERATING LEVERAGE",
      "detail": "Rev growth +36.9% vs OpEx growth +5.1% (leverage: 7.2x)",
      "severity": "MEDIUM"
    },
    {
      "quarter": "2023-06 (Q2)",
      "signal": "YoY REVENUE GROWTH ACCELERATION",
      "detail": "YoY growth: +379.3% vs prior quarter YoY: +245.4% (accel: +133.9%)",
      "severity": "HIGH"
    },
    {
      "quarter": "2023-03 (Q1)",
      "signal": "YoY REVENUE GROWTH ACCELERATION",
      "detail": "YoY growth: +245.4% vs prior quarter YoY: +144.3% (accel: +101.0%)",
      "severity": "HIGH"
    },
    {
      "quarter": "2022-12 (Q4)",
      "signal": "FCF MARGIN EXPANSION",
      "detail": "FCF margin: -133.7% -> -11.4% (+122.3%)",
      "severity": "MEDIUM"
    },
    {
      "quarter": "2022-12 (Q4)",
      "signal": "OPERATING LEVERAGE",
      "detail": "Rev growth +232.7% vs OpEx growth +10.0% (leverage: 23.2x)",
      "severity": "MEDIUM"
    },
    {
      "quarter": "2022-12 (Q4)",
      "signal": "YoY REVENUE GROWTH DECELERATION",
      "detail": "YoY growth: +144.3% vs prior quarter YoY: +227.2% (decel: -82.8%)",
      "severity": "WARNING"
    },
    {
      "quarter": "2022-09 (Q3)",
      "signal": "FCF MARGIN EXPANSION",
      "detail": "FCF margin: -150.7% -> -133.7% (+17.0%)",
      "severity": "MEDIUM"
    },
    {
      "quarter": "2022-09 (Q3)",
      "signal": "GROSS MARGIN INFLECTION",
      "detail": "GM: -8.1% -> -8.8% -> -5.1% (reversal +3.6%)",
      "severity": "MEDIUM"
    },
    {
      "quarter": "2022-09 (Q3)",
      "signal": "YoY REVENUE GROWTH ACCELERATION",
      "detail": "YoY growth: +227.2% vs prior quarter YoY: +75.3% (accel: +151.9%)",
      "severity": "HIGH"
    },
    {
      "quarter": "2022-06 (Q2)",
      "signal": "YoY REVENUE GROWTH DECELERATION",
      "detail": "YoY growth: +75.3% vs prior quarter YoY: +174.7% (decel: -99.4%)",
      "severity": "WARNING"
    },
    {
      "quarter": "2022-03 (Q1)",
      "signal": "YoY REVENUE GROWTH DECELERATION",
      "detail": "YoY growth: +174.7% vs prior quarter YoY: +309.1% (decel: -134.3%)",
      "severity": "WARNING"
    },
    {
      "quarter": "2021-12 (Q4)",
      "signal": "FCF MARGIN EXPANSION",
      "detail": "FCF margin: -84.8% -> -14.1% (+70.7%)",
      "severity": "MEDIUM"
    },
    {
      "quarter": "2021-12 (Q4)",
      "signal": "OPERATING LEVERAGE",
      "detail": "Rev growth +345.5% vs OpEx growth +13.1% (leverage: 26.5x)",
      "severity": "MEDIUM"
    },
    {
      "quarter": "2021-09 (Q3)",
      "signal": "FCF MARGIN EXPANSION",
      "detail": "FCF margin: -142.9% -> -84.8% (+58.0%)",
      "severity": "MEDIUM"
    },
    {
      "quarter": "2021-09 (Q3)",
      "signal": "GROSS MARGIN INFLECTION",
      "detail": "GM: -10.9% -> -12.9% -> -10.3% (reversal +2.6%)",
      "severity": "MEDIUM"
    },
    {
      "quarter": "2021-06 (Q2)",
      "signal": "OPERATING LEVERAGE",
      "detail": "Rev growth +54.6% vs OpEx growth +24.2% (leverage: 2.3x)",
      "severity": "MEDIUM"
    }
  ],
  "data_quality": {
    "n_quarters": 20,
    "coverage": {
      "revenue": [
        20,
        20
      ],
      "gross_profit": [
        20,
        20
      ],
      "op_income": [
        20,
        20
      ],
      "fcf": [
        20,
        20
      ]
    },
    "gaps": [],
    "warnings": []
  },
  "market_cap": null,
  "source": "SEC EDGAR",
  "last_updated": "2026-02-02T23:47:46.110739",
  "sector": "Technology",
  "industry": "Solar"
}