{
  "ticker": "BELFA",
  "name": "BEL FUSE INC /NJ",
  "quarters": [
    {
      "date": "2020-12-31T00:00:00",
      "quarter_label": "2020-12 (Q4)",
      "revenue": 116129000,
      "gross_profit": 29315000,
      "operating_income": 5437000,
      "net_income": 3551000,
      "opex": 23878000,
      "cogs": 86814000,
      "rd": 5722000,
      "sga": 19691000,
      "fcf": 10364000,
      "ocf": 11339000,
      "capex": -975000,
      "gross_margin": 0.25243479234299787,
      "op_margin": 0.04681862411628448,
      "fcf_margin": 0.08924558034599454
    },
    {
      "date": "2021-03-31T00:00:00",
      "quarter_label": "2021-03 (Q1)",
      "revenue": 110643000,
      "gross_profit": 24259000,
      "operating_income": 4453000,
      "net_income": 3199000,
      "opex": 19806000,
      "cogs": 86384000,
      "rd": 4986000,
      "sga": 20995000,
      "fcf": 563000,
      "ocf": 1766000,
      "capex": -1203000,
      "gross_margin": 0.2192547201359327,
      "op_margin": 0.04024655875202227,
      "fcf_margin": 0.005088437587556375,
      "fcf_margin_change": -0.08415714275843816
    },
    {
      "date": "2021-06-30T00:00:00",
      "quarter_label": "2021-06 (Q2)",
      "revenue": 138741000,
      "gross_profit": 34204000,
      "operating_income": 6635000,
      "net_income": 7880000,
      "opex": 27569000,
      "cogs": 104537000,
      "rd": 5464000,
      "sga": 21828000,
      "fcf": -4951000,
      "ocf": -3689000,
      "capex": -1262000,
      "gross_margin": 0.24653130653519867,
      "op_margin": 0.047822921847182884,
      "fcf_margin": -0.03568519759840278,
      "op_leverage_ratio": 0.6479159240712501,
      "fcf_margin_change": -0.04077363518595915
    },
    {
      "date": "2021-09-30T00:00:00",
      "quarter_label": "2021-09 (Q3)",
      "revenue": 146966000,
      "gross_profit": 35974000,
      "operating_income": 8873000,
      "net_income": 5734000,
      "opex": 27101000,
      "cogs": 110992000,
      "rd": 5918000,
      "sga": 21188000,
      "fcf": -1480000,
      "ocf": 209000,
      "capex": -1689000,
      "gross_margin": 0.24477770368656696,
      "op_margin": 0.060374508389695575,
      "fcf_margin": -0.010070356408965338,
      "op_leverage_ratio": Infinity,
      "fcf_margin_change": 0.025614841189437444
    },
    {
      "date": "2021-12-31T00:00:00",
      "quarter_label": "2021-12 (Q4)",
      "revenue": 147143000,
      "gross_profit": 39266000,
      "operating_income": 11295000,
      "net_income": 8008000,
      "opex": 27971000,
      "cogs": 107877000,
      "rd": 5590000,
      "sga": 21855000,
      "fcf": 1103000,
      "ocf": 6346000,
      "capex": -5243000,
      "gross_margin": 0.2668560515960664,
      "op_margin": 0.0767620613960569,
      "fcf_margin": 0.00749610922707842,
      "incr_op_margin_yoy": 0.18888244018830205,
      "rev_growth_yoy": 0.26706507418474285,
      "fcf_margin_change": 0.01756646563604376
    },
    {
      "date": "2022-03-31T00:00:00",
      "quarter_label": "2022-03 (Q1)",
      "revenue": 136718000,
      "gross_profit": 34124000,
      "operating_income": 8089000,
      "net_income": 5064000,
      "opex": 26035000,
      "cogs": 102594000,
      "rd": 5009000,
      "sga": 21026000,
      "fcf": -9788000,
      "ocf": -7748000,
      "capex": -2040000,
      "gross_margin": 0.2495940549159584,
      "op_margin": 0.05916558170833394,
      "fcf_margin": -0.07159262130809403,
      "incr_op_margin_yoy": 0.13944391179290508,
      "rev_growth_yoy": 0.23566786873096354,
      "rev_growth_yoy_accel": -0.0313972054537793,
      "fcf_margin_change": -0.07908873053517246
    },
    {
      "date": "2022-06-30T00:00:00",
      "quarter_label": "2022-06 (Q2)",
      "revenue": 170572000,
      "gross_profit": 45452000,
      "operating_income": 16795000,
      "net_income": 17038000,
      "opex": 28657000,
      "cogs": 125120000,
      "rd": 4661000,
      "sga": 23965000,
      "fcf": 17388000,
      "ocf": 18894000,
      "capex": -1506000,
      "gross_margin": 0.26646811903477713,
      "op_margin": 0.09846281922003611,
      "fcf_margin": 0.10193935698707877,
      "incr_op_margin_yoy": 0.3191856994753542,
      "rev_growth_yoy": 0.22942749439603288,
      "rev_growth_yoy_accel": -0.0062403743349306595,
      "op_leverage_ratio": 2.458720645297833,
      "fcf_margin_change": 0.1735319782951728
    },
    {
      "date": "2022-09-30T00:00:00",
      "quarter_label": "2022-09 (Q3)",
      "revenue": 177739000,
      "gross_profit": 51534000,
      "operating_income": 22061000,
      "net_income": 16548000,
      "opex": 29473000,
      "cogs": 126205000,
      "rd": 4877000,
      "sga": 22223000,
      "fcf": 10857000,
      "ocf": 12923000,
      "capex": -2066000,
      "gross_margin": 0.2899419935973534,
      "op_margin": 0.12412019871834544,
      "fcf_margin": 0.061083948936361744,
      "incr_op_margin_yoy": 0.428557501706041,
      "rev_growth_yoy": 0.2093885660628989,
      "rev_growth_yoy_accel": -0.020038928333133976,
      "op_leverage_ratio": 1.4756053722699127,
      "fcf_margin_change": -0.04085540805071703
    },
    {
      "date": "2022-12-31T00:00:00",
      "quarter_label": "2022-12 (Q4)",
      "revenue": 169203000,
      "gross_profit": 52507000,
      "operating_income": 18202000,
      "net_income": 14040000,
      "opex": 34305000,
      "cogs": 116696000,
      "rd": 5857000,
      "sga": 25126000,
      "fcf": 12968000,
      "ocf": 16188000,
      "capex": -3220000,
      "gross_margin": 0.3103195569818502,
      "op_margin": 0.10757492479447764,
      "fcf_margin": 0.07664166710992122,
      "incr_op_margin_yoy": 0.31310063463281956,
      "rev_growth_yoy": 0.14992218454156842,
      "rev_growth_yoy_accel": -0.05946638152133049,
      "fcf_margin_change": 0.015557718173559477
    },
    {
      "date": "2023-03-31T00:00:00",
      "quarter_label": "2023-03 (Q1)",
      "revenue": 172344000,
      "gross_profit": 53664000,
      "operating_income": 19638000,
      "net_income": 14572000,
      "opex": 34026000,
      "cogs": 118680000,
      "rd": 5223000,
      "sga": 25296000,
      "fcf": 13074000,
      "ocf": 16835000,
      "capex": -3761000,
      "gross_margin": 0.31137724550898205,
      "op_margin": 0.11394652555354408,
      "fcf_margin": 0.07585990809079515,
      "incr_op_margin_yoy": 0.32417335653736035,
      "rev_growth_yoy": 0.2605801723255168,
      "rev_growth_yoy_accel": 0.11065798778394836,
      "op_leverage_ratio": Infinity,
      "fcf_margin_change": -0.0007817590191260687
    },
    {
      "date": "2023-06-30T00:00:00",
      "quarter_label": "2023-06 (Q2)",
      "revenue": 168777000,
      "gross_profit": 55537000,
      "operating_income": 27359000,
      "net_income": 27775000,
      "opex": 28178000,
      "cogs": 113240000,
      "rd": 6006000,
      "sga": 25135000,
      "fcf": 20501000,
      "ocf": 23821000,
      "capex": -3320000,
      "gross_margin": 0.3290554992682652,
      "op_margin": 0.1621014711720199,
      "fcf_margin": 0.12146797253180232,
      "incr_op_margin_yoy": -5.885236768802228,
      "rev_growth_yoy": -0.010523415331941937,
      "rev_growth_yoy_accel": -0.27110358765745873,
      "fcf_margin_change": 0.045608064441007165
    },
    {
      "date": "2023-09-30T00:00:00",
      "quarter_label": "2023-09 (Q3)",
      "revenue": 158682000,
      "gross_profit": 55465000,
      "operating_income": 24512000,
      "net_income": 19448000,
      "opex": 30953000,
      "cogs": 103217000,
      "rd": 5292000,
      "sga": 23717000,
      "fcf": 38191000,
      "ocf": 40769000,
      "capex": -2578000,
      "gross_margin": 0.3495355490855926,
      "op_margin": 0.15447246694647157,
      "fcf_margin": 0.24067632119585083,
      "incr_op_margin_yoy": -0.12861415752741776,
      "rev_growth_yoy": -0.10721901214702458,
      "rev_growth_yoy_accel": -0.09669559681508264,
      "fcf_margin_change": 0.11920834866404852
    },
    {
      "date": "2023-12-31T00:00:00",
      "quarter_label": "2023-12 (Q4)",
      "revenue": 140010000,
      "gross_profit": 51183000,
      "operating_income": 16467000,
      "net_income": 12036000,
      "opex": 34716000,
      "cogs": 88827000,
      "rd": 5966000,
      "sga": 24942000,
      "fcf": 24457000,
      "ocf": 26924000,
      "capex": -2467000,
      "gross_margin": 0.3655667452324834,
      "op_margin": 0.1176130276408828,
      "fcf_margin": 0.17468037997285907,
      "incr_op_margin_yoy": 0.05943205562977426,
      "rev_growth_yoy": -0.17253240190776759,
      "rev_growth_yoy_accel": -0.06531338976074301,
      "fcf_margin_change": -0.06599594122299177
    },
    {
      "date": "2024-03-31T00:00:00",
      "quarter_label": "2024-03 (Q1)",
      "revenue": 128090000,
      "gross_profit": 48078000,
      "operating_income": 17854000,
      "net_income": 15874000,
      "opex": 30224000,
      "cogs": 80012000,
      "rd": 5215000,
      "sga": 24944000,
      "fcf": 3221000,
      "ocf": 6150000,
      "capex": -2929000,
      "gross_margin": 0.3753454602232805,
      "op_margin": 0.13938636895932546,
      "fcf_margin": 0.025146381450542588,
      "incr_op_margin_yoy": 0.04031274009129118,
      "rev_growth_yoy": -0.2567771433876433,
      "rev_growth_yoy_accel": -0.0842447414798757,
      "fcf_margin_change": -0.14953399852231647
    },
    {
      "date": "2024-06-30T00:00:00",
      "quarter_label": "2024-06 (Q2)",
      "revenue": 133205000,
      "gross_profit": 53396000,
      "operating_income": 22623000,
      "net_income": 18806000,
      "opex": 30773000,
      "cogs": 79809000,
      "rd": 5994000,
      "sga": 24141000,
      "fcf": 30845000,
      "ocf": 32194000,
      "capex": -1349000,
      "gross_margin": 0.40085582373034045,
      "op_margin": 0.16983596711835142,
      "fcf_margin": 0.23156037686273037,
      "incr_op_margin_yoy": 0.1331384234791409,
      "rev_growth_yoy": -0.21076331490665198,
      "rev_growth_yoy_accel": 0.04601382848099131,
      "op_leverage_ratio": 2.1984166699729144,
      "fcf_margin_change": 0.20641399541218777
    },
    {
      "date": "2024-09-30T00:00:00",
      "quarter_label": "2024-09 (Q3)",
      "revenue": 123638000,
      "gross_profit": 44677000,
      "operating_income": 11447000,
      "net_income": 8080000,
      "opex": 33230000,
      "cogs": 78961000,
      "rd": 5443000,
      "sga": 26700000,
      "fcf": 23748000,
      "ocf": 27376000,
      "capex": -3628000,
      "gross_margin": 0.3613533056180139,
      "op_margin": 0.09258480402465262,
      "fcf_margin": 0.1920768695708439,
      "incr_op_margin_yoy": 0.3728170300194042,
      "rev_growth_yoy": -0.2208442041315335,
      "rev_growth_yoy_accel": -0.010080889224881512,
      "fcf_margin_change": -0.03948350729188646
    },
    {
      "date": "2024-12-31T00:00:00",
      "quarter_label": "2024-12 (Q4)",
      "revenue": 149859000,
      "gross_profit": 56207000,
      "operating_income": 12373000,
      "net_income": -1800000,
      "opex": 43834000,
      "cogs": 93652000,
      "rd": 6934000,
      "sga": 34831000,
      "fcf": 2142000,
      "ocf": 8344000,
      "capex": -6202000,
      "gross_margin": 0.37506589527489176,
      "op_margin": 0.08256427708712857,
      "fcf_margin": 0.0142934358296799,
      "incr_op_margin_yoy": -0.41567671844857346,
      "rev_growth_yoy": 0.07034497535890294,
      "rev_growth_yoy_accel": 0.29118917949043643,
      "op_leverage_ratio": 0.6645962731308492,
      "fcf_margin_change": -0.177783433741164
    },
    {
      "date": "2025-03-31T00:00:00",
      "quarter_label": "2025-03 (Q1)",
      "revenue": 152238000,
      "gross_profit": 58819000,
      "operating_income": 25023000,
      "net_income": 17874000,
      "opex": 33796000,
      "cogs": 93419000,
      "rd": 7222000,
      "sga": 29507000,
      "fcf": 5357000,
      "ocf": 8147000,
      "capex": -2790000,
      "gross_margin": 0.3863621434858577,
      "op_margin": 0.16436763488747883,
      "fcf_margin": 0.03518832354602661,
      "incr_op_margin_yoy": 0.29687758820606264,
      "rev_growth_yoy": 0.18852369427746116,
      "rev_growth_yoy_accel": 0.11817871891855822,
      "op_leverage_ratio": Infinity,
      "fcf_margin_change": 0.020894887716346712
    },
    {
      "date": "2025-06-30T00:00:00",
      "quarter_label": "2025-06 (Q2)",
      "revenue": 168299000,
      "gross_profit": 65083000,
      "operating_income": 29860000,
      "net_income": null,
      "opex": 35223000,
      "cogs": 103216000,
      "rd": 8104000,
      "sga": 30914000,
      "fcf": 16789000,
      "ocf": 20717000,
      "capex": -3928000,
      "gross_margin": 0.3867105568066358,
      "op_margin": 0.17742232574168593,
      "fcf_margin": 0.0997569801365427,
      "incr_op_margin_yoy": 0.2062175870519177,
      "rev_growth_yoy": 0.2634585788821741,
      "rev_growth_yoy_accel": 0.07493488460471295,
      "op_leverage_ratio": 2.498566084511957,
      "fcf_margin_change": 0.06456865659051608
    },
    {
      "date": "2025-09-30T00:00:00",
      "quarter_label": "2025-09 (Q3)",
      "revenue": 178980000,
      "gross_profit": 71140000,
      "operating_income": 30337000,
      "net_income": null,
      "opex": 40803000,
      "cogs": 107840000,
      "rd": 7549000,
      "sga": 32804000,
      "fcf": 20320000,
      "ocf": 22180000,
      "capex": -1860000,
      "gross_margin": 0.39747457816515813,
      "op_margin": 0.16949938540619064,
      "fcf_margin": 0.11353223823890937,
      "incr_op_margin_yoy": 0.3413320805175093,
      "rev_growth_yoy": 0.4476131933547938,
      "rev_growth_yoy_accel": 0.18415461447261972,
      "op_leverage_ratio": 0.40061068028758595,
      "fcf_margin_change": 0.01377525810236667
    }
  ],
  "signals": [
    {
      "quarter": "2025-09 (Q3)",
      "signal": "YoY REVENUE GROWTH ACCELERATION",
      "detail": "YoY growth: +44.8% vs prior quarter YoY: +26.3% (accel: +18.4%)",
      "severity": "HIGH"
    },
    {
      "quarter": "2025-09 (Q3)",
      "signal": "INCREMENTAL MARGIN (YoY)",
      "detail": "YoY Incr OPM: +34.1% vs year-ago OPM: +9.3%",
      "severity": "HIGH"
    },
    {
      "quarter": "2025-06 (Q2)",
      "signal": "FCF MARGIN EXPANSION",
      "detail": "FCF margin: +3.5% -> +10.0% (+6.5%)",
      "severity": "MEDIUM"
    },
    {
      "quarter": "2025-06 (Q2)",
      "signal": "OPERATING LEVERAGE",
      "detail": "Rev growth +10.5% vs OpEx growth +4.2% (leverage: 2.5x)",
      "severity": "MEDIUM"
    },
    {
      "quarter": "2025-06 (Q2)",
      "signal": "YoY REVENUE GROWTH ACCELERATION",
      "detail": "YoY growth: +26.3% vs prior quarter YoY: +18.9% (accel: +7.5%)",
      "severity": "MEDIUM"
    },
    {
      "quarter": "2025-03 (Q1)",
      "signal": "YoY REVENUE GROWTH ACCELERATION",
      "detail": "YoY growth: +18.9% vs prior quarter YoY: +7.0% (accel: +11.8%)",
      "severity": "MEDIUM"
    },
    {
      "quarter": "2025-03 (Q1)",
      "signal": "INCREMENTAL MARGIN (YoY)",
      "detail": "YoY Incr OPM: +29.7% vs year-ago OPM: +13.9%",
      "severity": "MEDIUM"
    },
    {
      "quarter": "2024-12 (Q4)",
      "signal": "YoY REVENUE GROWTH ACCELERATION",
      "detail": "YoY growth: +7.0% vs prior quarter YoY: -22.1% (accel: +29.1%)",
      "severity": "HIGH"
    },
    {
      "quarter": "2024-09 (Q3)",
      "signal": "INCREMENTAL MARGIN (YoY)",
      "detail": "YoY Incr OPM: +37.3% vs year-ago OPM: +15.4%",
      "severity": "HIGH"
    },
    {
      "quarter": "2024-06 (Q2)",
      "signal": "FCF MARGIN EXPANSION",
      "detail": "FCF margin: +2.5% -> +23.2% (+20.6%)",
      "severity": "MEDIUM"
    },
    {
      "quarter": "2024-06 (Q2)",
      "signal": "OPERATING LEVERAGE",
      "detail": "Rev growth +4.0% vs OpEx growth +1.8% (leverage: 2.2x)",
      "severity": "MEDIUM"
    },
    {
      "quarter": "2024-03 (Q1)",
      "signal": "YoY REVENUE GROWTH DECELERATION",
      "detail": "YoY growth: -25.7% vs prior quarter YoY: -17.3% (decel: -8.4%)",
      "severity": "WARNING"
    },
    {
      "quarter": "2023-12 (Q4)",
      "signal": "YoY REVENUE GROWTH DECELERATION",
      "detail": "YoY growth: -17.3% vs prior quarter YoY: -10.7% (decel: -6.5%)",
      "severity": "WARNING"
    },
    {
      "quarter": "2023-09 (Q3)",
      "signal": "FCF MARGIN EXPANSION",
      "detail": "FCF margin: +12.1% -> +24.1% (+11.9%)",
      "severity": "MEDIUM"
    },
    {
      "quarter": "2023-09 (Q3)",
      "signal": "YoY REVENUE GROWTH DECELERATION",
      "detail": "YoY growth: -10.7% vs prior quarter YoY: -1.1% (decel: -9.7%)",
      "severity": "WARNING"
    },
    {
      "quarter": "2023-06 (Q2)",
      "signal": "YoY REVENUE GROWTH DECELERATION",
      "detail": "YoY growth: -1.1% vs prior quarter YoY: +26.1% (decel: -27.1%)",
      "severity": "WARNING"
    },
    {
      "quarter": "2023-03 (Q1)",
      "signal": "YoY REVENUE GROWTH ACCELERATION",
      "detail": "YoY growth: +26.1% vs prior quarter YoY: +15.0% (accel: +11.1%)",
      "severity": "MEDIUM"
    },
    {
      "quarter": "2023-03 (Q1)",
      "signal": "INCREMENTAL MARGIN (YoY)",
      "detail": "YoY Incr OPM: +32.4% vs year-ago OPM: +5.9%",
      "severity": "HIGH"
    },
    {
      "quarter": "2022-12 (Q4)",
      "signal": "YoY REVENUE GROWTH DECELERATION",
      "detail": "YoY growth: +15.0% vs prior quarter YoY: +20.9% (decel: -5.9%)",
      "severity": "WARNING"
    },
    {
      "quarter": "2022-12 (Q4)",
      "signal": "INCREMENTAL MARGIN (YoY)",
      "detail": "YoY Incr OPM: +31.3% vs year-ago OPM: +7.7%",
      "severity": "HIGH"
    },
    {
      "quarter": "2022-09 (Q3)",
      "signal": "INCREMENTAL MARGIN (YoY)",
      "detail": "YoY Incr OPM: +42.9% vs year-ago OPM: +6.0%",
      "severity": "HIGH"
    },
    {
      "quarter": "2022-06 (Q2)",
      "signal": "FCF TURNED POSITIVE",
      "detail": "FCF margin: -7.2% -> +10.2%",
      "severity": "HIGH"
    },
    {
      "quarter": "2022-06 (Q2)",
      "signal": "OPERATING LEVERAGE",
      "detail": "Rev growth +24.8% vs OpEx growth +10.1% (leverage: 2.5x)",
      "severity": "MEDIUM"
    },
    {
      "quarter": "2022-06 (Q2)",
      "signal": "INCREMENTAL MARGIN (YoY)",
      "detail": "YoY Incr OPM: +31.9% vs year-ago OPM: +4.8%",
      "severity": "HIGH"
    },
    {
      "quarter": "2021-12 (Q4)",
      "signal": "FCF TURNED POSITIVE",
      "detail": "FCF margin: -1.0% -> +0.7%",
      "severity": "HIGH"
    },
    {
      "quarter": "2021-12 (Q4)",
      "signal": "GROSS MARGIN INFLECTION",
      "detail": "GM: +24.7% -> +24.5% -> +26.7% (reversal +2.2%)",
      "severity": "MEDIUM"
    },
    {
      "quarter": "2021-12 (Q4)",
      "signal": "INCREMENTAL MARGIN (YoY)",
      "detail": "YoY Incr OPM: +18.9% vs year-ago OPM: +4.7%",
      "severity": "MEDIUM"
    },
    {
      "quarter": "2021-06 (Q2)",
      "signal": "GROSS MARGIN INFLECTION",
      "detail": "GM: +25.2% -> +21.9% -> +24.7% (reversal +2.7%)",
      "severity": "MEDIUM"
    }
  ],
  "data_quality": {
    "n_quarters": 20,
    "coverage": {
      "revenue": [
        20,
        20
      ],
      "gross_profit": [
        20,
        20
      ],
      "op_income": [
        20,
        20
      ],
      "fcf": [
        20,
        20
      ]
    },
    "gaps": [],
    "warnings": []
  },
  "market_cap": null,
  "source": "SEC EDGAR",
  "last_updated": "2026-02-02T21:27:11.254917",
  "sector": "Technology",
  "industry": "Electronic Components"
}