{
  "ticker": "BF-B",
  "name": "Brown-Forman Corporation",
  "quarters": [
    {
      "date": "2021-01-31T00:00:00",
      "quarter_label": "2021-01 (Q1)",
      "revenue": 911000000,
      "gross_profit": 550000000,
      "operating_income": 281000000,
      "net_income": 219000000,
      "opex": 269000000,
      "cogs": 361000000,
      "rd": null,
      "sga": 157000000,
      "fcf": 277000000,
      "ocf": 289000000,
      "capex": -12000000,
      "gross_margin": 0.6037321624588364,
      "op_margin": 0.3084522502744237,
      "fcf_margin": 0.3040614709110867
    },
    {
      "date": "2021-04-30T00:00:00",
      "quarter_label": "2021-04 (Q2)",
      "revenue": 812000000,
      "gross_profit": 498000000,
      "operating_income": 168000000,
      "net_income": 120000000,
      "opex": 330000000,
      "cogs": 314000000,
      "rd": null,
      "sga": 211000000,
      "fcf": 224000000,
      "ocf": 245000000,
      "capex": -21000000,
      "gross_margin": 0.6133004926108374,
      "op_margin": 0.20689655172413793,
      "fcf_margin": 0.27586206896551724,
      "fcf_margin_change": -0.02819940194556947
    },
    {
      "date": "2021-07-31T00:00:00",
      "quarter_label": "2021-07 (Q3)",
      "revenue": 906000000,
      "gross_profit": 553000000,
      "operating_income": 289000000,
      "net_income": 192000000,
      "opex": 264000000,
      "cogs": 353000000,
      "rd": null,
      "sga": 168000000,
      "fcf": 171000000,
      "ocf": 185000000,
      "capex": -14000000,
      "gross_margin": 0.6103752759381899,
      "op_margin": 0.3189845474613687,
      "fcf_margin": 0.18874172185430463,
      "op_leverage_ratio": Infinity,
      "fcf_margin_change": -0.08712034711121261
    },
    {
      "date": "2021-10-31T00:00:00",
      "quarter_label": "2021-10 (Q4)",
      "revenue": 994000000,
      "gross_profit": 590000000,
      "operating_income": 322000000,
      "net_income": 236000000,
      "opex": 268000000,
      "cogs": 404000000,
      "rd": null,
      "sga": 165000000,
      "fcf": 131000000,
      "ocf": 150000000,
      "capex": -19000000,
      "gross_margin": 0.5935613682092555,
      "op_margin": 0.323943661971831,
      "fcf_margin": 0.1317907444668008,
      "op_leverage_ratio": 6.410596026490066,
      "fcf_margin_change": -0.05695097738750382
    },
    {
      "date": "2022-01-31T00:00:00",
      "quarter_label": "2022-01 (Q1)",
      "revenue": 1037000000,
      "gross_profit": 622000000,
      "operating_income": 347000000,
      "net_income": 259000000,
      "opex": 275000000,
      "cogs": 415000000,
      "rd": null,
      "sga": 162000000,
      "fcf": 319000000,
      "ocf": 348000000,
      "capex": -29000000,
      "gross_margin": 0.5998071359691417,
      "op_margin": 0.33461909353905495,
      "fcf_margin": 0.3076181292189007,
      "incr_op_margin_yoy": 0.5238095238095238,
      "rev_growth_yoy": 0.13830954994511527,
      "op_leverage_ratio": 1.6562230526013222,
      "fcf_margin_change": 0.17582738475209989
    },
    {
      "date": "2022-04-30T00:00:00",
      "quarter_label": "2022-04 (Q2)",
      "revenue": 996000000,
      "gross_profit": 626000000,
      "operating_income": 246000000,
      "net_income": 151000000,
      "opex": 380000000,
      "cogs": 370000000,
      "rd": null,
      "sga": 195000000,
      "fcf": 177000000,
      "ocf": 253000000,
      "capex": -76000000,
      "gross_margin": 0.6285140562248996,
      "op_margin": 0.2469879518072289,
      "fcf_margin": 0.17771084337349397,
      "incr_op_margin_yoy": 0.42391304347826086,
      "rev_growth_yoy": 0.22660098522167488,
      "rev_growth_yoy_accel": 0.08829143527655961,
      "fcf_margin_change": -0.12990728584540673
    },
    {
      "date": "2022-07-31T00:00:00",
      "quarter_label": "2022-07 (Q3)",
      "revenue": 1007000000,
      "gross_profit": 622000000,
      "operating_income": 343000000,
      "net_income": 249000000,
      "opex": 279000000,
      "cogs": 385000000,
      "rd": null,
      "sga": 175000000,
      "fcf": 140000000,
      "ocf": 173000000,
      "capex": -33000000,
      "gross_margin": 0.6176762661370407,
      "op_margin": 0.34061569016881826,
      "fcf_margin": 0.13902681231380337,
      "incr_op_margin_yoy": 0.5346534653465347,
      "rev_growth_yoy": 0.11147902869757174,
      "rev_growth_yoy_accel": -0.11512195652410313,
      "op_leverage_ratio": Infinity,
      "fcf_margin_change": -0.03868403105969059
    },
    {
      "date": "2022-10-31T00:00:00",
      "quarter_label": "2022-10 (Q4)",
      "revenue": 1094000000,
      "gross_profit": 613000000,
      "operating_income": 313000000,
      "net_income": 227000000,
      "opex": 300000000,
      "cogs": 481000000,
      "rd": null,
      "sga": 180000000,
      "fcf": 115000000,
      "ocf": 143000000,
      "capex": -28000000,
      "gross_margin": 0.5603290676416819,
      "op_margin": 0.2861060329067642,
      "fcf_margin": 0.10511882998171847,
      "incr_op_margin_yoy": -0.09,
      "rev_growth_yoy": 0.1006036217303823,
      "rev_growth_yoy_accel": -0.010875406967189444,
      "op_leverage_ratio": 1.1478223861540644,
      "fcf_margin_change": -0.033907982332084904
    },
    {
      "date": "2023-01-31T00:00:00",
      "quarter_label": "2023-01 (Q1)",
      "revenue": 1081000000,
      "gross_profit": 624000000,
      "operating_income": 173000000,
      "net_income": 100000000,
      "opex": 451000000,
      "cogs": 457000000,
      "rd": null,
      "sga": 186000000,
      "fcf": 39000000,
      "ocf": 94000000,
      "capex": -55000000,
      "gross_margin": 0.5772432932469935,
      "op_margin": 0.16003700277520813,
      "fcf_margin": 0.036077705827937095,
      "incr_op_margin_yoy": -3.9545454545454546,
      "rev_growth_yoy": 0.04243008678881389,
      "rev_growth_yoy_accel": -0.05817353494156841,
      "fcf_margin_change": -0.06904112415378137
    },
    {
      "date": "2023-04-30T00:00:00",
      "quarter_label": "2023-04 (Q2)",
      "revenue": 1046000000,
      "gross_profit": 635000000,
      "operating_income": 298000000,
      "net_income": 207000000,
      "opex": 337000000,
      "cogs": 411000000,
      "rd": null,
      "sga": 201000000,
      "fcf": 163000000,
      "ocf": 230000000,
      "capex": -67000000,
      "gross_margin": 0.607074569789675,
      "op_margin": 0.28489483747609945,
      "fcf_margin": 0.15583173996175909,
      "incr_op_margin_yoy": 1.04,
      "rev_growth_yoy": 0.050200803212851405,
      "rev_growth_yoy_accel": 0.007770716424037517,
      "fcf_margin_change": 0.11975403413382199
    },
    {
      "date": "2023-07-31T00:00:00",
      "quarter_label": "2023-07 (Q3)",
      "revenue": 1038000000,
      "gross_profit": 651000000,
      "operating_income": 327000000,
      "net_income": 231000000,
      "opex": 324000000,
      "cogs": 387000000,
      "rd": null,
      "sga": 200000000,
      "fcf": -11000000,
      "ocf": 38000000,
      "capex": -49000000,
      "gross_margin": 0.6271676300578035,
      "op_margin": 0.315028901734104,
      "fcf_margin": -0.010597302504816955,
      "incr_op_margin_yoy": -0.5161290322580645,
      "rev_growth_yoy": 0.030784508440913606,
      "rev_growth_yoy_accel": -0.0194162947719378,
      "fcf_margin_change": -0.16642904246657603
    },
    {
      "date": "2023-10-31T00:00:00",
      "quarter_label": "2023-10 (Q4)",
      "revenue": 1107000000,
      "gross_profit": 671000000,
      "operating_income": 339000000,
      "net_income": 242000000,
      "opex": 332000000,
      "cogs": 436000000,
      "rd": null,
      "sga": 192000000,
      "fcf": 29000000,
      "ocf": 59000000,
      "capex": -30000000,
      "gross_margin": 0.6061427280939476,
      "op_margin": 0.3062330623306233,
      "fcf_margin": 0.026196928635953028,
      "incr_op_margin_yoy": 2.0,
      "rev_growth_yoy": 0.011882998171846435,
      "rev_growth_yoy_accel": -0.01890151026906717,
      "op_leverage_ratio": 2.6921965317919074,
      "fcf_margin_change": 0.03679423114076998
    },
    {
      "date": "2024-01-31T00:00:00",
      "quarter_label": "2024-01 (Q1)",
      "revenue": 1069000000,
      "gross_profit": 635000000,
      "operating_income": 373000000,
      "net_income": 285000000,
      "opex": 262000000,
      "cogs": 434000000,
      "rd": null,
      "sga": 203000000,
      "fcf": 196000000,
      "ocf": 265000000,
      "capex": -69000000,
      "gross_margin": 0.5940130963517306,
      "op_margin": 0.3489242282507016,
      "fcf_margin": 0.1833489242282507,
      "incr_op_margin_yoy": -16.666666666666668,
      "rev_growth_yoy": -0.011100832562442183,
      "rev_growth_yoy_accel": -0.02298383073428862,
      "fcf_margin_change": 0.15715199559229767
    },
    {
      "date": "2024-04-30T00:00:00",
      "quarter_label": "2024-04 (Q2)",
      "revenue": 964000000,
      "gross_profit": 569000000,
      "operating_income": 375000000,
      "net_income": 266000000,
      "opex": 194000000,
      "cogs": 395000000,
      "rd": null,
      "sga": 231000000,
      "fcf": 205000000,
      "ocf": 285000000,
      "capex": -80000000,
      "gross_margin": 0.5902489626556017,
      "op_margin": 0.38900414937759337,
      "fcf_margin": 0.21265560165975103,
      "incr_op_margin_yoy": -0.9390243902439024,
      "rev_growth_yoy": -0.07839388145315487,
      "rev_growth_yoy_accel": -0.06729304889071269,
      "fcf_margin_change": 0.02930667743150034
    },
    {
      "date": "2024-07-31T00:00:00",
      "quarter_label": "2024-07 (Q3)",
      "revenue": 951000000,
      "gross_profit": 565000000,
      "operating_income": 281000000,
      "net_income": 195000000,
      "opex": 284000000,
      "cogs": 386000000,
      "rd": null,
      "sga": 188000000,
      "fcf": -24000000,
      "ocf": 17000000,
      "capex": -41000000,
      "gross_margin": 0.594111461619348,
      "op_margin": 0.29547844374342797,
      "fcf_margin": -0.025236593059936908,
      "incr_op_margin_yoy": 0.5287356321839081,
      "rev_growth_yoy": -0.0838150289017341,
      "rev_growth_yoy_accel": -0.0054211474485792305,
      "fcf_margin_change": -0.23789219471968795
    },
    {
      "date": "2024-10-31T00:00:00",
      "quarter_label": "2024-10 (Q4)",
      "revenue": 1095000000,
      "gross_profit": 646000000,
      "operating_income": 341000000,
      "net_income": 258000000,
      "opex": 305000000,
      "cogs": 449000000,
      "rd": null,
      "sga": 187000000,
      "fcf": 81000000,
      "ocf": 112000000,
      "capex": -31000000,
      "gross_margin": 0.5899543378995433,
      "op_margin": 0.31141552511415527,
      "fcf_margin": 0.07397260273972603,
      "incr_op_margin_yoy": -0.16666666666666666,
      "rev_growth_yoy": -0.01084010840108401,
      "rev_growth_yoy_accel": 0.07297492050065009,
      "op_leverage_ratio": 2.0477692654348805,
      "fcf_margin_change": 0.09920919579966293
    },
    {
      "date": "2025-01-31T00:00:00",
      "quarter_label": "2025-01 (Q1)",
      "revenue": 1035000000,
      "gross_profit": 619000000,
      "operating_income": 280000000,
      "net_income": 270000000,
      "opex": 339000000,
      "cogs": 416000000,
      "rd": null,
      "sga": 178000000,
      "fcf": 272000000,
      "ocf": 317000000,
      "capex": -45000000,
      "gross_margin": 0.5980676328502416,
      "op_margin": 0.27053140096618356,
      "fcf_margin": 0.26280193236714977,
      "incr_op_margin_yoy": 2.735294117647059,
      "rev_growth_yoy": -0.031805425631431246,
      "rev_growth_yoy_accel": -0.020965317230347235,
      "fcf_margin_change": 0.18882932962742374
    },
    {
      "date": "2025-04-30T00:00:00",
      "quarter_label": "2025-04 (Q2)",
      "revenue": 894000000,
      "gross_profit": 513000000,
      "operating_income": 205000000,
      "net_income": 146000000,
      "opex": 308000000,
      "cogs": 381000000,
      "rd": null,
      "sga": 193000000,
      "fcf": 102000000,
      "ocf": 152000000,
      "capex": -50000000,
      "gross_margin": 0.5738255033557047,
      "op_margin": 0.22930648769574943,
      "fcf_margin": 0.11409395973154363,
      "incr_op_margin_yoy": 2.4285714285714284,
      "rev_growth_yoy": -0.07261410788381743,
      "rev_growth_yoy_accel": -0.04080868225238619,
      "fcf_margin_change": -0.14870797263560614
    },
    {
      "date": "2025-07-31T00:00:00",
      "quarter_label": "2025-07 (Q3)",
      "revenue": 924000000,
      "gross_profit": 552000000,
      "operating_income": 260000000,
      "net_income": 170000000,
      "opex": 292000000,
      "cogs": 372000000,
      "rd": null,
      "sga": 177000000,
      "fcf": 129000000,
      "ocf": 160000000,
      "capex": -31000000,
      "gross_margin": 0.5974025974025974,
      "op_margin": 0.2813852813852814,
      "fcf_margin": 0.1396103896103896,
      "incr_op_margin_yoy": 0.7777777777777778,
      "rev_growth_yoy": -0.028391167192429023,
      "rev_growth_yoy_accel": 0.04422294069138841,
      "op_leverage_ratio": Infinity,
      "fcf_margin_change": 0.025516429878845975
    },
    {
      "date": "2025-10-31T00:00:00",
      "quarter_label": "2025-10 (Q4)",
      "revenue": 1036000000,
      "gross_profit": 615000000,
      "operating_income": 305000000,
      "net_income": 224000000,
      "opex": 310000000,
      "cogs": 421000000,
      "rd": null,
      "sga": 187000000,
      "fcf": 107000000,
      "ocf": 132000000,
      "capex": -25000000,
      "gross_margin": 0.5936293436293436,
      "op_margin": 0.2944015444015444,
      "fcf_margin": 0.10328185328185328,
      "incr_op_margin_yoy": 0.6101694915254238,
      "rev_growth_yoy": -0.053881278538812784,
      "rev_growth_yoy_accel": -0.02549011134638376,
      "op_leverage_ratio": 1.9663299663299665,
      "fcf_margin_change": -0.03632853632853632
    }
  ],
  "signals": [
    {
      "quarter": "2025-10 (Q4)",
      "signal": "OPERATING LEVERAGE",
      "detail": "Rev growth +12.1% vs OpEx growth +6.2% (leverage: 2.0x)",
      "severity": "MEDIUM"
    },
    {
      "quarter": "2025-10 (Q4)",
      "signal": "INCREMENTAL MARGIN (YoY)",
      "detail": "YoY Incr OPM: +61.0% vs year-ago OPM: +31.1%",
      "severity": "HIGH"
    },
    {
      "quarter": "2025-07 (Q3)",
      "signal": "GROSS MARGIN INFLECTION",
      "detail": "GM: +59.8% -> +57.4% -> +59.7% (reversal +2.4%)",
      "severity": "MEDIUM"
    },
    {
      "quarter": "2025-07 (Q3)",
      "signal": "INCREMENTAL MARGIN (YoY)",
      "detail": "YoY Incr OPM: +77.8% vs year-ago OPM: +29.5%",
      "severity": "HIGH"
    },
    {
      "quarter": "2025-04 (Q2)",
      "signal": "INCREMENTAL MARGIN (YoY)",
      "detail": "YoY Incr OPM: +242.9% vs year-ago OPM: +38.9%",
      "severity": "HIGH"
    },
    {
      "quarter": "2025-01 (Q1)",
      "signal": "FCF MARGIN EXPANSION",
      "detail": "FCF margin: +7.4% -> +26.3% (+18.9%)",
      "severity": "MEDIUM"
    },
    {
      "quarter": "2025-01 (Q1)",
      "signal": "INCREMENTAL MARGIN (YoY)",
      "detail": "YoY Incr OPM: +273.5% vs year-ago OPM: +34.9%",
      "severity": "HIGH"
    },
    {
      "quarter": "2024-10 (Q4)",
      "signal": "FCF TURNED POSITIVE",
      "detail": "FCF margin: -2.5% -> +7.4%",
      "severity": "HIGH"
    },
    {
      "quarter": "2024-10 (Q4)",
      "signal": "OPERATING LEVERAGE",
      "detail": "Rev growth +15.1% vs OpEx growth +7.4% (leverage: 2.0x)",
      "severity": "MEDIUM"
    },
    {
      "quarter": "2024-10 (Q4)",
      "signal": "YoY REVENUE GROWTH ACCELERATION",
      "detail": "YoY growth: -1.1% vs prior quarter YoY: -8.4% (accel: +7.3%)",
      "severity": "MEDIUM"
    },
    {
      "quarter": "2024-07 (Q3)",
      "signal": "INCREMENTAL MARGIN (YoY)",
      "detail": "YoY Incr OPM: +52.9% vs year-ago OPM: +31.5%",
      "severity": "HIGH"
    },
    {
      "quarter": "2024-04 (Q2)",
      "signal": "YoY REVENUE GROWTH DECELERATION",
      "detail": "YoY growth: -7.8% vs prior quarter YoY: -1.1% (decel: -6.7%)",
      "severity": "WARNING"
    },
    {
      "quarter": "2024-01 (Q1)",
      "signal": "FCF MARGIN EXPANSION",
      "detail": "FCF margin: +2.6% -> +18.3% (+15.7%)",
      "severity": "MEDIUM"
    },
    {
      "quarter": "2023-10 (Q4)",
      "signal": "FCF TURNED POSITIVE",
      "detail": "FCF margin: -1.1% -> +2.6%",
      "severity": "HIGH"
    },
    {
      "quarter": "2023-10 (Q4)",
      "signal": "OPERATING LEVERAGE",
      "detail": "Rev growth +6.6% vs OpEx growth +2.5% (leverage: 2.7x)",
      "severity": "MEDIUM"
    },
    {
      "quarter": "2023-10 (Q4)",
      "signal": "INCREMENTAL MARGIN (YoY)",
      "detail": "YoY Incr OPM: +200.0% vs year-ago OPM: +28.6%",
      "severity": "HIGH"
    },
    {
      "quarter": "2023-04 (Q2)",
      "signal": "FCF MARGIN EXPANSION",
      "detail": "FCF margin: +3.6% -> +15.6% (+12.0%)",
      "severity": "MEDIUM"
    },
    {
      "quarter": "2023-04 (Q2)",
      "signal": "INCREMENTAL MARGIN (YoY)",
      "detail": "YoY Incr OPM: +104.0% vs year-ago OPM: +24.7%",
      "severity": "HIGH"
    },
    {
      "quarter": "2023-01 (Q1)",
      "signal": "YoY REVENUE GROWTH DECELERATION",
      "detail": "YoY growth: +4.2% vs prior quarter YoY: +10.1% (decel: -5.8%)",
      "severity": "WARNING"
    },
    {
      "quarter": "2022-07 (Q3)",
      "signal": "YoY REVENUE GROWTH DECELERATION",
      "detail": "YoY growth: +11.1% vs prior quarter YoY: +22.7% (decel: -11.5%)",
      "severity": "WARNING"
    },
    {
      "quarter": "2022-07 (Q3)",
      "signal": "INCREMENTAL MARGIN (YoY)",
      "detail": "YoY Incr OPM: +53.5% vs year-ago OPM: +31.9%",
      "severity": "HIGH"
    },
    {
      "quarter": "2022-04 (Q2)",
      "signal": "YoY REVENUE GROWTH ACCELERATION",
      "detail": "YoY growth: +22.7% vs prior quarter YoY: +13.8% (accel: +8.8%)",
      "severity": "MEDIUM"
    },
    {
      "quarter": "2022-04 (Q2)",
      "signal": "INCREMENTAL MARGIN (YoY)",
      "detail": "YoY Incr OPM: +42.4% vs year-ago OPM: +20.7%",
      "severity": "HIGH"
    },
    {
      "quarter": "2022-01 (Q1)",
      "signal": "FCF MARGIN EXPANSION",
      "detail": "FCF margin: +13.2% -> +30.8% (+17.6%)",
      "severity": "MEDIUM"
    },
    {
      "quarter": "2022-01 (Q1)",
      "signal": "OPERATING LEVERAGE",
      "detail": "Rev growth +4.3% vs OpEx growth +2.6% (leverage: 1.7x)",
      "severity": "MEDIUM"
    },
    {
      "quarter": "2022-01 (Q1)",
      "signal": "INCREMENTAL MARGIN (YoY)",
      "detail": "YoY Incr OPM: +52.4% vs year-ago OPM: +30.8%",
      "severity": "HIGH"
    },
    {
      "quarter": "2021-10 (Q4)",
      "signal": "OPERATING LEVERAGE",
      "detail": "Rev growth +9.7% vs OpEx growth +1.5% (leverage: 6.4x)",
      "severity": "MEDIUM"
    }
  ],
  "data_quality": {
    "n_quarters": 20,
    "coverage": {
      "revenue": [
        20,
        20
      ],
      "gross_profit": [
        20,
        20
      ],
      "op_income": [
        20,
        20
      ],
      "fcf": [
        20,
        20
      ]
    },
    "gaps": [],
    "warnings": []
  },
  "market_cap": null,
  "source": "SEC EDGAR",
  "last_updated": "2026-02-03T00:54:18.821687"
}