{
  "ticker": "BFAM",
  "name": "BRIGHT HORIZONS FAMILY SOLUTIONS INC.",
  "quarters": [
    {
      "date": "2020-12-31T00:00:00",
      "quarter_label": "2020-12 (Q4)",
      "revenue": 377078000,
      "gross_profit": 75283000,
      "operating_income": 7866000,
      "net_income": 2555000,
      "opex": 67417000,
      "cogs": 301795000,
      "rd": null,
      "sga": 59646000,
      "fcf": 9473000,
      "ocf": 39719000,
      "capex": -30246000,
      "gross_margin": 0.19964834861752742,
      "op_margin": 0.020860405539437465,
      "fcf_margin": 0.025122123274229736
    },
    {
      "date": "2021-03-31T00:00:00",
      "quarter_label": "2021-03 (Q1)",
      "revenue": 390840000,
      "gross_profit": 81358000,
      "operating_income": 13708000,
      "net_income": 7132000,
      "opex": 67650000,
      "cogs": 309482000,
      "rd": null,
      "sga": 60110000,
      "fcf": 50383000,
      "ocf": 68295000,
      "capex": -17912000,
      "gross_margin": 0.20816190768600962,
      "op_margin": 0.035073175724081466,
      "fcf_margin": 0.1289095281956811,
      "op_leverage_ratio": 10.55999859502435,
      "fcf_margin_change": 0.10378740492145137
    },
    {
      "date": "2021-06-30T00:00:00",
      "quarter_label": "2021-06 (Q2)",
      "revenue": 441478000,
      "gross_profit": 105982000,
      "operating_income": 34012000,
      "net_income": 18815000,
      "opex": 71970000,
      "cogs": 335496000,
      "rd": null,
      "sga": 64458000,
      "fcf": 51389000,
      "ocf": 67430000,
      "capex": -16041000,
      "gross_margin": 0.24006179243359804,
      "op_margin": 0.07704121156660128,
      "fcf_margin": 0.11640217632588713,
      "op_leverage_ratio": 2.0289044465481756,
      "fcf_margin_change": -0.012507351869793973
    },
    {
      "date": "2021-09-30T00:00:00",
      "quarter_label": "2021-09 (Q3)",
      "revenue": 460333000,
      "gross_profit": 120265000,
      "operating_income": 45990000,
      "net_income": 26819000,
      "opex": 74275000,
      "cogs": 340068000,
      "rd": null,
      "sga": 67135000,
      "fcf": 36125000,
      "ocf": 49522000,
      "capex": -13397000,
      "gross_margin": 0.26125652516765036,
      "op_margin": 0.09990593765817354,
      "fcf_margin": 0.07847579904112892,
      "op_leverage_ratio": 1.333515423968427,
      "fcf_margin_change": -0.037926377284758214
    },
    {
      "date": "2021-12-31T00:00:00",
      "quarter_label": "2021-12 (Q4)",
      "revenue": 462656000,
      "gross_profit": 107406000,
      "operating_income": 35308000,
      "net_income": 17693000,
      "opex": 72098000,
      "cogs": 355250000,
      "rd": null,
      "sga": 65118000,
      "fcf": 25865000,
      "ocf": 42006000,
      "capex": -16141000,
      "gross_margin": 0.23215088532300457,
      "op_margin": 0.07631588048139439,
      "fcf_margin": 0.055905467561211786,
      "incr_op_margin_yoy": 0.3206665264437122,
      "rev_growth_yoy": 0.22695039222654198,
      "fcf_margin_change": -0.022570331479917133
    },
    {
      "date": "2022-03-31T00:00:00",
      "quarter_label": "2022-03 (Q1)",
      "revenue": 460409000,
      "gross_profit": 110059000,
      "operating_income": 31164000,
      "net_income": 19406000,
      "opex": 78895000,
      "cogs": 350350000,
      "rd": null,
      "sga": 71746000,
      "fcf": 46963000,
      "ocf": 58558000,
      "capex": -11595000,
      "gross_margin": 0.2390461524427194,
      "op_margin": 0.06768764294355671,
      "fcf_margin": 0.10200278448075516,
      "incr_op_margin_yoy": 0.2509163564231195,
      "rev_growth_yoy": 0.17799866953228943,
      "rev_growth_yoy_accel": -0.04895172269425255,
      "fcf_margin_change": 0.04609731691954337
    },
    {
      "date": "2022-06-30T00:00:00",
      "quarter_label": "2022-06 (Q2)",
      "revenue": 490341000,
      "gross_profit": 128525000,
      "operating_income": 47822000,
      "net_income": 24945000,
      "opex": 80703000,
      "cogs": 361816000,
      "rd": null,
      "sga": 73673000,
      "fcf": 52621000,
      "ocf": 67212000,
      "capex": -14591000,
      "gross_margin": 0.2621135087622695,
      "op_margin": 0.0975280468082416,
      "fcf_margin": 0.10731511335988628,
      "incr_op_margin_yoy": 0.2826269365368479,
      "rev_growth_yoy": 0.11068048690988,
      "rev_growth_yoy_accel": -0.06731818262240943,
      "op_leverage_ratio": 2.836893200403174,
      "fcf_margin_change": 0.00531232887913112
    },
    {
      "date": "2022-09-30T00:00:00",
      "quarter_label": "2022-09 (Q3)",
      "revenue": 540215000,
      "gross_profit": 128809000,
      "operating_income": 39049000,
      "net_income": 18248000,
      "opex": 89760000,
      "cogs": 411406000,
      "rd": null,
      "sga": 80812000,
      "fcf": -16834000,
      "ocf": 5208000,
      "capex": -22042000,
      "gross_margin": 0.2384402506409485,
      "op_margin": 0.07228418314930167,
      "fcf_margin": -0.03116166711401942,
      "incr_op_margin_yoy": -0.08689066372900027,
      "rev_growth_yoy": 0.1735309004568432,
      "rev_growth_yoy_accel": 0.06285041354696319,
      "op_leverage_ratio": 0.9063194578221473,
      "fcf_margin_change": -0.1384767804739057
    },
    {
      "date": "2022-12-31T00:00:00",
      "quarter_label": "2022-12 (Q4)",
      "revenue": 529522000,
      "gross_profit": 111260000,
      "operating_income": 39550000,
      "net_income": 18042000,
      "opex": 71710000,
      "cogs": 418262000,
      "rd": null,
      "sga": 62925000,
      "fcf": 35165000,
      "ocf": 57493000,
      "capex": -22328000,
      "gross_margin": 0.21011402736807913,
      "op_margin": 0.0746900034370621,
      "fcf_margin": 0.06640894995864194,
      "incr_op_margin_yoy": 0.0634403134627464,
      "rev_growth_yoy": 0.14452638677548763,
      "rev_growth_yoy_accel": -0.029004513681355565,
      "fcf_margin_change": 0.09757061707266136
    },
    {
      "date": "2023-03-31T00:00:00",
      "quarter_label": "2023-03 (Q1)",
      "revenue": 553606000,
      "gross_profit": 121614000,
      "operating_income": 30645000,
      "net_income": 8126000,
      "opex": 90969000,
      "cogs": 431992000,
      "rd": null,
      "sga": 82771000,
      "fcf": 47980000,
      "ocf": 67313000,
      "capex": -19333000,
      "gross_margin": 0.21967608732564314,
      "op_margin": 0.05535525265260854,
      "fcf_margin": 0.08666813582222736,
      "incr_op_margin_yoy": -0.005568848782686138,
      "rev_growth_yoy": 0.20242219417952298,
      "rev_growth_yoy_accel": 0.057895807404035354,
      "op_leverage_ratio": 0.16935210511213533,
      "fcf_margin_change": 0.020259185863585424
    },
    {
      "date": "2023-06-30T00:00:00",
      "quarter_label": "2023-06 (Q2)",
      "revenue": 603216000,
      "gross_profit": 136563000,
      "operating_income": 45532000,
      "net_income": 20594000,
      "opex": 91031000,
      "cogs": 466653000,
      "rd": null,
      "sga": 81899000,
      "fcf": 91947000,
      "ocf": 112729000,
      "capex": -20782000,
      "gross_margin": 0.22639154133842604,
      "op_margin": 0.07548208270337657,
      "fcf_margin": 0.15242798599506643,
      "incr_op_margin_yoy": -0.020287929125138427,
      "rev_growth_yoy": 0.23019694457530576,
      "rev_growth_yoy_accel": 0.027774750395782782,
      "op_leverage_ratio": Infinity,
      "fcf_margin_change": 0.06575985017283907
    },
    {
      "date": "2023-09-30T00:00:00",
      "quarter_label": "2023-09 (Q3)",
      "revenue": 645787000,
      "gross_profit": 157645000,
      "operating_income": 66824000,
      "net_income": 39979000,
      "opex": 90821000,
      "cogs": 488142000,
      "rd": null,
      "sga": 83253000,
      "fcf": -39181000,
      "ocf": -19071000,
      "capex": -20110000,
      "gross_margin": 0.24411299700985,
      "op_margin": 0.10347684298383213,
      "fcf_margin": -0.06067170754443803,
      "incr_op_margin_yoy": 0.26309059220247794,
      "rev_growth_yoy": 0.19542589524541154,
      "rev_growth_yoy_accel": -0.03477104932989422,
      "op_leverage_ratio": Infinity,
      "fcf_margin_change": -0.21309969353950448
    },
    {
      "date": "2023-12-31T00:00:00",
      "quarter_label": "2023-12 (Q4)",
      "revenue": 615648000,
      "gross_profit": 115902000,
      "operating_income": 28240000,
      "net_income": 5524000,
      "opex": 87662000,
      "cogs": 499746000,
      "rd": null,
      "sga": 79145000,
      "fcf": 64374000,
      "ocf": 95169000,
      "capex": -30795000,
      "gross_margin": 0.18826017464525183,
      "op_margin": 0.045870367482717396,
      "fcf_margin": 0.10456299703726805,
      "incr_op_margin_yoy": -0.13131922996539952,
      "rev_growth_yoy": 0.16264857739621771,
      "rev_growth_yoy_accel": -0.03277731784919383,
      "fcf_margin_change": 0.16523470458170608
    },
    {
      "date": "2024-03-31T00:00:00",
      "quarter_label": "2024-03 (Q1)",
      "revenue": 622709000,
      "gross_profit": 135128000,
      "operating_income": 39937000,
      "net_income": 16989000,
      "opex": 95191000,
      "cogs": 487581000,
      "rd": null,
      "sga": 87546000,
      "fcf": 96930000,
      "ocf": 116301000,
      "capex": -19371000,
      "gross_margin": 0.21700023606532104,
      "op_margin": 0.064134290655828,
      "fcf_margin": 0.15565858209854042,
      "incr_op_margin_yoy": 0.13446594214433527,
      "rev_growth_yoy": 0.12482343038189615,
      "rev_growth_yoy_accel": -0.03782514701432156,
      "op_leverage_ratio": 0.13353890667746787,
      "fcf_margin_change": 0.05109558506127236
    },
    {
      "date": "2024-06-30T00:00:00",
      "quarter_label": "2024-06 (Q2)",
      "revenue": 670059000,
      "gross_profit": 162412000,
      "operating_income": 69059000,
      "net_income": 39174000,
      "opex": 93353000,
      "cogs": 507647000,
      "rd": null,
      "sga": 87499000,
      "fcf": 86804000,
      "ocf": 109449000,
      "capex": -22645000,
      "gross_margin": 0.24238462583145665,
      "op_margin": 0.10306405853812874,
      "fcf_margin": 0.12954680110258948,
      "incr_op_margin_yoy": 0.3519740286941041,
      "rev_growth_yoy": 0.11081105275722129,
      "rev_growth_yoy_accel": -0.01401237762467486,
      "op_leverage_ratio": Infinity,
      "fcf_margin_change": -0.026111780995950934
    },
    {
      "date": "2024-09-30T00:00:00",
      "quarter_label": "2024-09 (Q3)",
      "revenue": 719099000,
      "gross_profit": 181535000,
      "operating_income": 89396000,
      "net_income": 54905000,
      "opex": 92139000,
      "cogs": 537564000,
      "rd": null,
      "sga": 89499000,
      "fcf": -32175000,
      "ocf": -8937000,
      "capex": -23238000,
      "gross_margin": 0.25244785488507143,
      "op_margin": 0.1243166796226945,
      "fcf_margin": -0.04474349150812336,
      "incr_op_margin_yoy": 0.3078895678742907,
      "rev_growth_yoy": 0.11352349923426765,
      "rev_growth_yoy_accel": 0.002712446477046354,
      "op_leverage_ratio": Infinity,
      "fcf_margin_change": -0.17429029261071283
    },
    {
      "date": "2024-12-31T00:00:00",
      "quarter_label": "2024-12 (Q4)",
      "revenue": 674146000,
      "gross_profit": 140531000,
      "operating_income": 48227000,
      "net_income": 29123000,
      "opex": 92304000,
      "cogs": 533615000,
      "rd": null,
      "sga": 90101000,
      "fcf": 88592000,
      "ocf": 120649000,
      "capex": -32057000,
      "gross_margin": 0.20845781180931133,
      "op_margin": 0.07153791611906027,
      "fcf_margin": 0.1314136700358676,
      "incr_op_margin_yoy": 0.34166980067694624,
      "rev_growth_yoy": 0.09501858204688393,
      "rev_growth_yoy_accel": -0.018504917187383715,
      "fcf_margin_change": 0.17615716154399097
    },
    {
      "date": "2025-03-31T00:00:00",
      "quarter_label": "2025-03 (Q1)",
      "revenue": 665527000,
      "gross_profit": 155737000,
      "operating_income": 62272000,
      "net_income": 38049000,
      "opex": 93465000,
      "cogs": 509790000,
      "rd": null,
      "sga": 91861000,
      "fcf": 70947000,
      "ocf": 86178000,
      "capex": -15231000,
      "gross_margin": 0.2340055324577365,
      "op_margin": 0.0935679544180777,
      "fcf_margin": 0.10660273737955034,
      "incr_op_margin_yoy": 0.5216264187958335,
      "rev_growth_yoy": 0.06876084977092028,
      "rev_growth_yoy_accel": -0.026257732275963647,
      "fcf_margin_change": -0.02481093265631726
    },
    {
      "date": "2025-06-30T00:00:00",
      "quarter_label": "2025-06 (Q2)",
      "revenue": 731570000,
      "gross_profit": 182550000,
      "operating_income": 86052000,
      "net_income": 54775000,
      "opex": 96498000,
      "cogs": 549020000,
      "rd": null,
      "sga": 94834000,
      "fcf": 115384000,
      "ocf": 134196000,
      "capex": -18812000,
      "gross_margin": 0.24953182880653937,
      "op_margin": 0.11762647456839401,
      "fcf_margin": 0.15772106565332095,
      "incr_op_margin_yoy": 0.2762595308156265,
      "rev_growth_yoy": 0.0917993788606675,
      "rev_growth_yoy_accel": 0.02303852908974721,
      "op_leverage_ratio": 3.058001637478795,
      "fcf_margin_change": 0.05111832827377061
    },
    {
      "date": "2025-09-30T00:00:00",
      "quarter_label": "2025-09 (Q3)",
      "revenue": 802812000,
      "gross_profit": 217049000,
      "operating_income": 120846000,
      "net_income": 78552000,
      "opex": 96203000,
      "cogs": 585763000,
      "rd": null,
      "sga": 94726000,
      "fcf": -42446000,
      "ocf": -17582000,
      "capex": -24864000,
      "gross_margin": 0.2703609313263877,
      "op_margin": 0.1505283926996607,
      "fcf_margin": -0.052871656128707596,
      "incr_op_margin_yoy": 0.3756883638144613,
      "rev_growth_yoy": 0.11641373440930942,
      "rev_growth_yoy_accel": 0.024614355548641928,
      "op_leverage_ratio": Infinity,
      "fcf_margin_change": -0.21059272178202854
    }
  ],
  "signals": [
    {
      "quarter": "2025-09 (Q3)",
      "signal": "INCREMENTAL MARGIN (YoY)",
      "detail": "YoY Incr OPM: +37.6% vs year-ago OPM: +12.4%",
      "severity": "HIGH"
    },
    {
      "quarter": "2025-06 (Q2)",
      "signal": "FCF MARGIN EXPANSION",
      "detail": "FCF margin: +10.7% -> +15.8% (+5.1%)",
      "severity": "MEDIUM"
    },
    {
      "quarter": "2025-06 (Q2)",
      "signal": "OPERATING LEVERAGE",
      "detail": "Rev growth +9.9% vs OpEx growth +3.2% (leverage: 3.1x)",
      "severity": "MEDIUM"
    },
    {
      "quarter": "2025-06 (Q2)",
      "signal": "INCREMENTAL MARGIN (YoY)",
      "detail": "YoY Incr OPM: +27.6% vs year-ago OPM: +10.3%",
      "severity": "MEDIUM"
    },
    {
      "quarter": "2025-03 (Q1)",
      "signal": "GROSS MARGIN INFLECTION",
      "detail": "GM: +25.2% -> +20.8% -> +23.4% (reversal +2.6%)",
      "severity": "MEDIUM"
    },
    {
      "quarter": "2025-03 (Q1)",
      "signal": "INCREMENTAL MARGIN (YoY)",
      "detail": "YoY Incr OPM: +52.2% vs year-ago OPM: +6.4%",
      "severity": "HIGH"
    },
    {
      "quarter": "2024-12 (Q4)",
      "signal": "FCF TURNED POSITIVE",
      "detail": "FCF margin: -4.5% -> +13.1%",
      "severity": "HIGH"
    },
    {
      "quarter": "2024-12 (Q4)",
      "signal": "INCREMENTAL MARGIN (YoY)",
      "detail": "YoY Incr OPM: +34.2% vs year-ago OPM: +4.6%",
      "severity": "HIGH"
    },
    {
      "quarter": "2024-09 (Q3)",
      "signal": "INCREMENTAL MARGIN (YoY)",
      "detail": "YoY Incr OPM: +30.8% vs year-ago OPM: +10.3%",
      "severity": "HIGH"
    },
    {
      "quarter": "2024-06 (Q2)",
      "signal": "INCREMENTAL MARGIN (YoY)",
      "detail": "YoY Incr OPM: +35.2% vs year-ago OPM: +7.5%",
      "severity": "HIGH"
    },
    {
      "quarter": "2024-03 (Q1)",
      "signal": "FCF MARGIN EXPANSION",
      "detail": "FCF margin: +10.5% -> +15.6% (+5.1%)",
      "severity": "MEDIUM"
    },
    {
      "quarter": "2024-03 (Q1)",
      "signal": "GROSS MARGIN INFLECTION",
      "detail": "GM: +24.4% -> +18.8% -> +21.7% (reversal +2.9%)",
      "severity": "MEDIUM"
    },
    {
      "quarter": "2023-12 (Q4)",
      "signal": "FCF TURNED POSITIVE",
      "detail": "FCF margin: -6.1% -> +10.5%",
      "severity": "HIGH"
    },
    {
      "quarter": "2023-09 (Q3)",
      "signal": "INCREMENTAL MARGIN (YoY)",
      "detail": "YoY Incr OPM: +26.3% vs year-ago OPM: +7.2%",
      "severity": "MEDIUM"
    },
    {
      "quarter": "2023-06 (Q2)",
      "signal": "FCF MARGIN EXPANSION",
      "detail": "FCF margin: +8.7% -> +15.2% (+6.6%)",
      "severity": "MEDIUM"
    },
    {
      "quarter": "2023-06 (Q2)",
      "signal": "OPERATING LEVERAGE",
      "detail": "Rev growth +9.0% vs OpEx growth +0.1% (leverage: 131.5x)",
      "severity": "MEDIUM"
    },
    {
      "quarter": "2023-03 (Q1)",
      "signal": "YoY REVENUE GROWTH ACCELERATION",
      "detail": "YoY growth: +20.2% vs prior quarter YoY: +14.5% (accel: +5.8%)",
      "severity": "MEDIUM"
    },
    {
      "quarter": "2022-12 (Q4)",
      "signal": "FCF TURNED POSITIVE",
      "detail": "FCF margin: -3.1% -> +6.6%",
      "severity": "HIGH"
    },
    {
      "quarter": "2022-09 (Q3)",
      "signal": "YoY REVENUE GROWTH ACCELERATION",
      "detail": "YoY growth: +17.4% vs prior quarter YoY: +11.1% (accel: +6.3%)",
      "severity": "MEDIUM"
    },
    {
      "quarter": "2022-06 (Q2)",
      "signal": "OPERATING LEVERAGE",
      "detail": "Rev growth +6.5% vs OpEx growth +2.3% (leverage: 2.8x)",
      "severity": "MEDIUM"
    },
    {
      "quarter": "2022-06 (Q2)",
      "signal": "YoY REVENUE GROWTH DECELERATION",
      "detail": "YoY growth: +11.1% vs prior quarter YoY: +17.8% (decel: -6.7%)",
      "severity": "WARNING"
    },
    {
      "quarter": "2022-06 (Q2)",
      "signal": "INCREMENTAL MARGIN (YoY)",
      "detail": "YoY Incr OPM: +28.3% vs year-ago OPM: +7.7%",
      "severity": "HIGH"
    },
    {
      "quarter": "2022-03 (Q1)",
      "signal": "INCREMENTAL MARGIN (YoY)",
      "detail": "YoY Incr OPM: +25.1% vs year-ago OPM: +3.5%",
      "severity": "HIGH"
    },
    {
      "quarter": "2021-12 (Q4)",
      "signal": "INCREMENTAL MARGIN (YoY)",
      "detail": "YoY Incr OPM: +32.1% vs year-ago OPM: +2.1%",
      "severity": "HIGH"
    },
    {
      "quarter": "2021-06 (Q2)",
      "signal": "OPERATING LEVERAGE",
      "detail": "Rev growth +13.0% vs OpEx growth +6.4% (leverage: 2.0x)",
      "severity": "MEDIUM"
    },
    {
      "quarter": "2021-03 (Q1)",
      "signal": "FCF MARGIN EXPANSION",
      "detail": "FCF margin: +2.5% -> +12.9% (+10.4%)",
      "severity": "MEDIUM"
    },
    {
      "quarter": "2021-03 (Q1)",
      "signal": "OPERATING LEVERAGE",
      "detail": "Rev growth +3.6% vs OpEx growth +0.3% (leverage: 10.6x)",
      "severity": "MEDIUM"
    }
  ],
  "data_quality": {
    "n_quarters": 20,
    "coverage": {
      "revenue": [
        20,
        20
      ],
      "gross_profit": [
        20,
        20
      ],
      "op_income": [
        20,
        20
      ],
      "fcf": [
        20,
        20
      ]
    },
    "gaps": [],
    "warnings": []
  },
  "market_cap": null,
  "source": "SEC EDGAR",
  "last_updated": "2026-02-02T21:02:12.857449",
  "sector": "Consumer Cyclical",
  "industry": "Personal Services"
}