{
  "ticker": "BFLY",
  "name": "Butterfly Network, Inc.",
  "quarters": [
    {
      "date": "2020-12-31T00:00:00",
      "quarter_label": "2020-12 (Q4)",
      "revenue": 15655000,
      "gross_profit": 8699000,
      "operating_income": -22211000,
      "net_income": -22942000,
      "opex": 30910000,
      "cogs": 6956000,
      "rd": 13311000,
      "sga": null,
      "fcf": -20402000,
      "ocf": -20623000,
      "capex": 221000,
      "gross_margin": 0.5556691152986266,
      "op_margin": -1.41877994251038,
      "fcf_margin": -1.303225806451613
    },
    {
      "date": "2021-03-31T00:00:00",
      "quarter_label": "2021-03 (Q1)",
      "revenue": 12443000,
      "gross_profit": 6416000,
      "operating_income": -53748000,
      "net_income": -690000,
      "opex": 60164000,
      "cogs": 6027000,
      "rd": 15716000,
      "sga": null,
      "fcf": -64716000,
      "ocf": -63427000,
      "capex": -1289000,
      "gross_margin": 0.5156312786305554,
      "op_margin": -4.319537089126417,
      "fcf_margin": -5.200996544241742,
      "fcf_margin_change": -3.8977707377901294
    },
    {
      "date": "2021-06-30T00:00:00",
      "quarter_label": "2021-06 (Q2)",
      "revenue": 16513000,
      "gross_profit": 8220000,
      "operating_income": -36687000,
      "net_income": -2942000,
      "opex": 44907000,
      "cogs": 8293000,
      "rd": 17088000,
      "sga": null,
      "fcf": -37042000,
      "ocf": -36502000,
      "capex": -540000,
      "gross_margin": 0.49778962029915824,
      "op_margin": -2.2217041119118273,
      "fcf_margin": -2.243202325440562,
      "op_leverage_ratio": Infinity,
      "fcf_margin_change": 2.95779421880118
    },
    {
      "date": "2021-09-30T00:00:00",
      "quarter_label": "2021-09 (Q3)",
      "revenue": 14621000,
      "gross_profit": -5122000,
      "operating_income": -56987000,
      "net_income": -13561000,
      "opex": 51865000,
      "cogs": 19743000,
      "rd": 21654000,
      "sga": null,
      "fcf": -48478000,
      "ocf": -46481000,
      "capex": -1997000,
      "gross_margin": -0.3503180357020724,
      "op_margin": -3.8976130223650913,
      "fcf_margin": -3.315641884959989,
      "fcf_margin_change": -1.072439559519427
    },
    {
      "date": "2021-12-31T00:00:00",
      "quarter_label": "2021-12 (Q4)",
      "revenue": 18987000,
      "gross_profit": 7540000,
      "operating_income": -45305000,
      "net_income": -15216000,
      "opex": 52845000,
      "cogs": 11447000,
      "rd": 20002000,
      "sga": null,
      "fcf": -46828000,
      "ocf": -42777000,
      "capex": -4051000,
      "gross_margin": 0.3971138147153315,
      "op_margin": -2.386106283246432,
      "fcf_margin": -2.466319060409754,
      "incr_op_margin_yoy": -6.930972388955582,
      "rev_growth_yoy": 0.21283934845097413,
      "op_leverage_ratio": 15.803561134459942,
      "fcf_margin_change": 0.8493228245502351
    },
    {
      "date": "2022-03-31T00:00:00",
      "quarter_label": "2022-03 (Q1)",
      "revenue": 15574000,
      "gross_profit": 8342000,
      "operating_income": -49533000,
      "net_income": -44477000,
      "opex": 57875000,
      "cogs": 7232000,
      "rd": 23623000,
      "sga": null,
      "fcf": -58740000,
      "ocf": -54234000,
      "capex": -4506000,
      "gross_margin": 0.5356363169384872,
      "op_margin": -3.180493129574933,
      "fcf_margin": -3.7716707332734045,
      "incr_op_margin_yoy": 1.3462152666879592,
      "rev_growth_yoy": 0.2516274210399421,
      "rev_growth_yoy_accel": 0.03878807258896799,
      "fcf_margin_change": -1.3053516728636505
    },
    {
      "date": "2022-06-30T00:00:00",
      "quarter_label": "2022-06 (Q2)",
      "revenue": 19215000,
      "gross_profit": 10572000,
      "operating_income": -48455000,
      "net_income": -35801000,
      "opex": 59027000,
      "cogs": 8643000,
      "rd": 23220000,
      "sga": null,
      "fcf": -51067000,
      "ocf": -43995000,
      "capex": -7072000,
      "gross_margin": 0.5501951600312256,
      "op_margin": -2.521727816809784,
      "fcf_margin": -2.6576632838927923,
      "incr_op_margin_yoy": -4.355292376017765,
      "rev_growth_yoy": 0.16362865621025857,
      "rev_growth_yoy_accel": -0.08799876482968355,
      "op_leverage_ratio": 11.74516259961403,
      "fcf_margin_change": 1.1140074493806122
    },
    {
      "date": "2022-09-30T00:00:00",
      "quarter_label": "2022-09 (Q3)",
      "revenue": 19618000,
      "gross_profit": 10989000,
      "operating_income": -46032000,
      "net_income": -54742000,
      "opex": 57021000,
      "cogs": 8629000,
      "rd": 23154000,
      "sga": null,
      "fcf": -46629000,
      "ocf": -42027000,
      "capex": -4602000,
      "gross_margin": 0.5601488428993782,
      "op_margin": -2.346416556223876,
      "fcf_margin": -2.376847792843307,
      "incr_op_margin_yoy": 2.1923153892335403,
      "rev_growth_yoy": 0.34176868887217016,
      "rev_growth_yoy_accel": 0.17814003266191158,
      "op_leverage_ratio": Infinity,
      "fcf_margin_change": 0.2808154910494851
    },
    {
      "date": "2022-12-31T00:00:00",
      "quarter_label": "2022-12 (Q4)",
      "revenue": 18983000,
      "gross_profit": 9556000,
      "operating_income": -49002000,
      "net_income": -33703000,
      "opex": 58558000,
      "cogs": 9427000,
      "rd": 19124000,
      "sga": null,
      "fcf": -30981000,
      "ocf": -28859000,
      "capex": -2122000,
      "gross_margin": 0.5033977769583311,
      "op_margin": -2.581362271506084,
      "fcf_margin": -1.632039192962124,
      "rev_growth_yoy": -0.0002106704587349239,
      "rev_growth_yoy_accel": -0.34197935933090506,
      "fcf_margin_change": 0.7448085998811831
    },
    {
      "date": "2023-03-31T00:00:00",
      "quarter_label": "2023-03 (Q1)",
      "revenue": 15476000,
      "gross_profit": 9089000,
      "operating_income": -35047000,
      "net_income": -33540000,
      "opex": 44136000,
      "cogs": 6387000,
      "rd": 16651000,
      "sga": null,
      "fcf": -44594000,
      "ocf": -43252000,
      "capex": -1342000,
      "gross_margin": 0.5872964590333419,
      "op_margin": -2.2646032566554664,
      "fcf_margin": -2.88149392607909,
      "rev_growth_yoy": -0.006292538846795942,
      "rev_growth_yoy_accel": -0.006081868388061018,
      "fcf_margin_change": -1.249454733116966
    },
    {
      "date": "2023-06-30T00:00:00",
      "quarter_label": "2023-06 (Q2)",
      "revenue": 18487000,
      "gross_profit": 10922000,
      "operating_income": -31264000,
      "net_income": -28671000,
      "opex": 42186000,
      "cogs": 7565000,
      "rd": 15626000,
      "sga": null,
      "fcf": -27367000,
      "ocf": -26486000,
      "capex": -881000,
      "gross_margin": 0.5907935305890626,
      "op_margin": -1.6911343105966354,
      "fcf_margin": -1.4803375344836913,
      "rev_growth_yoy": -0.03788706739526412,
      "rev_growth_yoy_accel": -0.03159452854846818,
      "op_leverage_ratio": Infinity,
      "fcf_margin_change": 1.4011563915953988
    },
    {
      "date": "2023-09-30T00:00:00",
      "quarter_label": "2023-09 (Q3)",
      "revenue": 15421000,
      "gross_profit": 9382000,
      "operating_income": -32563000,
      "net_income": -27368000,
      "opex": 41945000,
      "cogs": 6039000,
      "rd": 12130000,
      "sga": null,
      "fcf": -17029000,
      "ocf": -15981000,
      "capex": -1048000,
      "gross_margin": 0.6083911549186175,
      "op_margin": -2.111601063484858,
      "fcf_margin": -1.104273393424551,
      "incr_op_margin_yoy": -3.209197045508697,
      "rev_growth_yoy": -0.21393618105821186,
      "rev_growth_yoy_accel": -0.17604911366294773,
      "fcf_margin_change": 0.3760641410591403
    },
    {
      "date": "2023-12-31T00:00:00",
      "quarter_label": "2023-12 (Q4)",
      "revenue": 16516000,
      "gross_profit": -12537000,
      "operating_income": -46731000,
      "net_income": -44121000,
      "opex": 34194000,
      "cogs": 29053000,
      "rd": 11207000,
      "sga": null,
      "fcf": -15613000,
      "ocf": -13101000,
      "capex": -2512000,
      "gross_margin": -0.7590821022039235,
      "op_margin": -2.8294381206103174,
      "fcf_margin": -0.9453257447323807,
      "incr_op_margin_yoy": -0.9205512768544791,
      "rev_growth_yoy": -0.1299583838170995,
      "rev_growth_yoy_accel": 0.08397779724111235,
      "op_leverage_ratio": Infinity,
      "fcf_margin_change": 0.15894764869217026
    },
    {
      "date": "2024-03-31T00:00:00",
      "quarter_label": "2024-03 (Q1)",
      "revenue": 17656000,
      "gross_profit": 10276000,
      "operating_income": -22621000,
      "net_income": -21761000,
      "opex": 32897000,
      "cogs": 7380000,
      "rd": 10720000,
      "sga": null,
      "fcf": -21805000,
      "ocf": -20667000,
      "capex": -1138000,
      "gross_margin": 0.5820117806977798,
      "op_margin": -1.2812075215224286,
      "fcf_margin": -1.2349909379247848,
      "incr_op_margin_yoy": 5.7,
      "rev_growth_yoy": 0.1408632721633497,
      "rev_growth_yoy_accel": 0.2708216559804492,
      "op_leverage_ratio": Infinity,
      "fcf_margin_change": -0.289665193192404
    },
    {
      "date": "2024-06-30T00:00:00",
      "quarter_label": "2024-06 (Q2)",
      "revenue": 21487000,
      "gross_profit": 12586000,
      "operating_income": -17232000,
      "net_income": -15706000,
      "opex": 29818000,
      "cogs": 8901000,
      "rd": 9411000,
      "sga": null,
      "fcf": -10734000,
      "ocf": -10000000,
      "capex": -734000,
      "gross_margin": 0.5857495229673756,
      "op_margin": -0.8019732861730349,
      "fcf_margin": -0.4995578722017964,
      "incr_op_margin_yoy": 4.677333333333333,
      "rev_growth_yoy": 0.16227619408232813,
      "rev_growth_yoy_accel": 0.021412921918978423,
      "op_leverage_ratio": Infinity,
      "fcf_margin_change": 0.7354330657229884
    },
    {
      "date": "2024-09-30T00:00:00",
      "quarter_label": "2024-09 (Q3)",
      "revenue": 20561000,
      "gross_profit": 12233000,
      "operating_income": -17246000,
      "net_income": -16924000,
      "opex": 29479000,
      "cogs": 8328000,
      "rd": 8844000,
      "sga": null,
      "fcf": -8334000,
      "ocf": -7920000,
      "capex": -414000,
      "gross_margin": 0.5949613345654394,
      "op_margin": -0.8387724332474101,
      "fcf_margin": -0.40533048003501776,
      "incr_op_margin_yoy": 2.9799610894941635,
      "rev_growth_yoy": 0.33331171778743274,
      "rev_growth_yoy_accel": 0.1710355237051046,
      "fcf_margin_change": 0.09422739216677867
    },
    {
      "date": "2024-12-31T00:00:00",
      "quarter_label": "2024-12 (Q4)",
      "revenue": 22351000,
      "gross_profit": 13735000,
      "operating_income": -17312000,
      "net_income": -18101000,
      "opex": 31047000,
      "cogs": 8616000,
      "rd": 8825000,
      "sga": null,
      "fcf": -3528000,
      "ocf": -3120000,
      "capex": -408000,
      "gross_margin": 0.6145138919958838,
      "op_margin": -0.7745514742069706,
      "fcf_margin": -0.15784528656435953,
      "incr_op_margin_yoy": 5.041816623821766,
      "rev_growth_yoy": 0.3532937757326229,
      "rev_growth_yoy_accel": 0.019982057945190146,
      "op_leverage_ratio": 1.6367241354496176,
      "fcf_margin_change": 0.24748519347065823
    },
    {
      "date": "2025-03-31T00:00:00",
      "quarter_label": "2025-03 (Q1)",
      "revenue": 21225000,
      "gross_profit": 13380000,
      "operating_income": -18468000,
      "net_income": -13967000,
      "opex": 31848000,
      "cogs": 7845000,
      "rd": 9924000,
      "sga": null,
      "fcf": -12030000,
      "ocf": -11677000,
      "capex": -353000,
      "gross_margin": 0.6303886925795052,
      "op_margin": -0.8701060070671378,
      "fcf_margin": -0.5667844522968198,
      "incr_op_margin_yoy": 1.163631269263099,
      "rev_growth_yoy": 0.20214091526959674,
      "rev_growth_yoy_accel": -0.15115286046302615,
      "fcf_margin_change": -0.4089391657324603
    },
    {
      "date": "2025-06-30T00:00:00",
      "quarter_label": "2025-06 (Q2)",
      "revenue": 23383000,
      "gross_profit": 14891000,
      "operating_income": -16100000,
      "net_income": -13834000,
      "opex": 30991000,
      "cogs": 8492000,
      "rd": 8315000,
      "sga": null,
      "fcf": -8063000,
      "ocf": -7167000,
      "capex": -896000,
      "gross_margin": 0.6368301757687209,
      "op_margin": -0.6885344053372108,
      "fcf_margin": -0.3448231621263311,
      "incr_op_margin_yoy": 0.5970464135021097,
      "rev_growth_yoy": 0.08823940056778518,
      "rev_growth_yoy_accel": -0.11390151470181156,
      "op_leverage_ratio": Infinity,
      "fcf_margin_change": 0.22196129017048877
    },
    {
      "date": "2025-09-30T00:00:00",
      "quarter_label": "2025-09 (Q3)",
      "revenue": 21489000,
      "gross_profit": -3757000,
      "operating_income": -35134000,
      "net_income": -33971000,
      "opex": 31377000,
      "cogs": 25246000,
      "rd": 8703000,
      "sga": null,
      "fcf": -3903000,
      "ocf": -2887000,
      "capex": -1016000,
      "gross_margin": -0.17483363581367212,
      "op_margin": -1.6349760342500814,
      "fcf_margin": -0.18162780957699287,
      "rev_growth_yoy": 0.045133991537376586,
      "rev_growth_yoy_accel": -0.04310540903040859,
      "fcf_margin_change": 0.1631953525493382
    }
  ],
  "signals": [
    {
      "quarter": "2025-09 (Q3)",
      "signal": "FCF MARGIN EXPANSION",
      "detail": "FCF margin: -34.5% -> -18.2% (+16.3%)",
      "severity": "MEDIUM"
    },
    {
      "quarter": "2025-06 (Q2)",
      "signal": "FCF MARGIN EXPANSION",
      "detail": "FCF margin: -56.7% -> -34.5% (+22.2%)",
      "severity": "MEDIUM"
    },
    {
      "quarter": "2025-06 (Q2)",
      "signal": "YoY REVENUE GROWTH DECELERATION",
      "detail": "YoY growth: +8.8% vs prior quarter YoY: +20.2% (decel: -11.4%)",
      "severity": "WARNING"
    },
    {
      "quarter": "2025-03 (Q1)",
      "signal": "YoY REVENUE GROWTH DECELERATION",
      "detail": "YoY growth: +20.2% vs prior quarter YoY: +35.3% (decel: -15.1%)",
      "severity": "WARNING"
    },
    {
      "quarter": "2024-12 (Q4)",
      "signal": "FCF MARGIN EXPANSION",
      "detail": "FCF margin: -40.5% -> -15.8% (+24.7%)",
      "severity": "MEDIUM"
    },
    {
      "quarter": "2024-12 (Q4)",
      "signal": "OPERATING LEVERAGE",
      "detail": "Rev growth +8.7% vs OpEx growth +5.3% (leverage: 1.6x)",
      "severity": "MEDIUM"
    },
    {
      "quarter": "2024-09 (Q3)",
      "signal": "FCF MARGIN EXPANSION",
      "detail": "FCF margin: -50.0% -> -40.5% (+9.4%)",
      "severity": "MEDIUM"
    },
    {
      "quarter": "2024-09 (Q3)",
      "signal": "YoY REVENUE GROWTH ACCELERATION",
      "detail": "YoY growth: +33.3% vs prior quarter YoY: +16.2% (accel: +17.1%)",
      "severity": "HIGH"
    },
    {
      "quarter": "2024-06 (Q2)",
      "signal": "FCF MARGIN EXPANSION",
      "detail": "FCF margin: -123.5% -> -50.0% (+73.5%)",
      "severity": "MEDIUM"
    },
    {
      "quarter": "2024-03 (Q1)",
      "signal": "GROSS MARGIN INFLECTION",
      "detail": "GM: +60.8% -> -75.9% -> +58.2% (reversal +134.1%)",
      "severity": "HIGH"
    },
    {
      "quarter": "2024-03 (Q1)",
      "signal": "YoY REVENUE GROWTH ACCELERATION",
      "detail": "YoY growth: +14.1% vs prior quarter YoY: -13.0% (accel: +27.1%)",
      "severity": "HIGH"
    },
    {
      "quarter": "2023-12 (Q4)",
      "signal": "FCF MARGIN EXPANSION",
      "detail": "FCF margin: -110.4% -> -94.5% (+15.9%)",
      "severity": "MEDIUM"
    },
    {
      "quarter": "2023-12 (Q4)",
      "signal": "YoY REVENUE GROWTH ACCELERATION",
      "detail": "YoY growth: -13.0% vs prior quarter YoY: -21.4% (accel: +8.4%)",
      "severity": "MEDIUM"
    },
    {
      "quarter": "2023-09 (Q3)",
      "signal": "FCF MARGIN EXPANSION",
      "detail": "FCF margin: -148.0% -> -110.4% (+37.6%)",
      "severity": "MEDIUM"
    },
    {
      "quarter": "2023-09 (Q3)",
      "signal": "YoY REVENUE GROWTH DECELERATION",
      "detail": "YoY growth: -21.4% vs prior quarter YoY: -3.8% (decel: -17.6%)",
      "severity": "WARNING"
    },
    {
      "quarter": "2023-06 (Q2)",
      "signal": "FCF MARGIN EXPANSION",
      "detail": "FCF margin: -288.1% -> -148.0% (+140.1%)",
      "severity": "MEDIUM"
    },
    {
      "quarter": "2023-03 (Q1)",
      "signal": "GROSS MARGIN INFLECTION",
      "detail": "GM: +56.0% -> +50.3% -> +58.7% (reversal +8.4%)",
      "severity": "HIGH"
    },
    {
      "quarter": "2022-12 (Q4)",
      "signal": "FCF MARGIN EXPANSION",
      "detail": "FCF margin: -237.7% -> -163.2% (+74.5%)",
      "severity": "MEDIUM"
    },
    {
      "quarter": "2022-12 (Q4)",
      "signal": "YoY REVENUE GROWTH DECELERATION",
      "detail": "YoY growth: -0.0% vs prior quarter YoY: +34.2% (decel: -34.2%)",
      "severity": "WARNING"
    },
    {
      "quarter": "2022-09 (Q3)",
      "signal": "FCF MARGIN EXPANSION",
      "detail": "FCF margin: -265.8% -> -237.7% (+28.1%)",
      "severity": "MEDIUM"
    },
    {
      "quarter": "2022-09 (Q3)",
      "signal": "YoY REVENUE GROWTH ACCELERATION",
      "detail": "YoY growth: +34.2% vs prior quarter YoY: +16.4% (accel: +17.8%)",
      "severity": "HIGH"
    },
    {
      "quarter": "2022-06 (Q2)",
      "signal": "FCF MARGIN EXPANSION",
      "detail": "FCF margin: -377.2% -> -265.8% (+111.4%)",
      "severity": "MEDIUM"
    },
    {
      "quarter": "2022-06 (Q2)",
      "signal": "OPERATING LEVERAGE",
      "detail": "Rev growth +23.4% vs OpEx growth +2.0% (leverage: 11.7x)",
      "severity": "MEDIUM"
    },
    {
      "quarter": "2022-06 (Q2)",
      "signal": "YoY REVENUE GROWTH DECELERATION",
      "detail": "YoY growth: +16.4% vs prior quarter YoY: +25.2% (decel: -8.8%)",
      "severity": "WARNING"
    },
    {
      "quarter": "2021-12 (Q4)",
      "signal": "FCF MARGIN EXPANSION",
      "detail": "FCF margin: -331.6% -> -246.6% (+84.9%)",
      "severity": "MEDIUM"
    },
    {
      "quarter": "2021-12 (Q4)",
      "signal": "OPERATING LEVERAGE",
      "detail": "Rev growth +29.9% vs OpEx growth +1.9% (leverage: 15.8x)",
      "severity": "MEDIUM"
    },
    {
      "quarter": "2021-12 (Q4)",
      "signal": "GROSS MARGIN INFLECTION",
      "detail": "GM: +49.8% -> -35.0% -> +39.7% (reversal +74.7%)",
      "severity": "HIGH"
    },
    {
      "quarter": "2021-06 (Q2)",
      "signal": "FCF MARGIN EXPANSION",
      "detail": "FCF margin: -520.1% -> -224.3% (+295.8%)",
      "severity": "MEDIUM"
    }
  ],
  "data_quality": {
    "n_quarters": 20,
    "coverage": {
      "revenue": [
        20,
        20
      ],
      "gross_profit": [
        20,
        20
      ],
      "op_income": [
        20,
        20
      ],
      "fcf": [
        20,
        20
      ]
    },
    "gaps": [],
    "warnings": []
  },
  "market_cap": null,
  "source": "SEC EDGAR",
  "last_updated": "2026-02-02T21:57:40.952758"
}