{
  "ticker": "BGS",
  "name": "B&G Foods, Inc.",
  "quarters": [
    {
      "date": "2021-01-02T00:00:00",
      "quarter_label": "2021-01 (Q1)",
      "revenue": 510241000,
      "gross_profit": 106697000,
      "operating_income": 43307000,
      "net_income": 12172000,
      "opex": 63390000,
      "cogs": 403544000,
      "rd": null,
      "sga": 58476000,
      "fcf": 38914000,
      "ocf": 49174000,
      "capex": -10260000,
      "gross_margin": 0.20911098872885558,
      "op_margin": 0.08487557840314675,
      "fcf_margin": 0.07626592139792765
    },
    {
      "date": "2021-04-03T00:00:00",
      "quarter_label": "2021-04 (Q2)",
      "revenue": 505134000,
      "gross_profit": 117794000,
      "operating_income": 61979000,
      "net_income": 26878000,
      "opex": 55815000,
      "cogs": 387340000,
      "rd": null,
      "sga": 50379000,
      "fcf": 14235000,
      "ocf": 26020000,
      "capex": -11785000,
      "gross_margin": 0.2331935684392656,
      "op_margin": 0.12269813554423183,
      "fcf_margin": 0.028180641176400716,
      "fcf_margin_change": -0.04808528022152693
    },
    {
      "date": "2021-07-03T00:00:00",
      "quarter_label": "2021-07 (Q3)",
      "revenue": 464375000,
      "gross_profit": 111590000,
      "operating_income": 59115000,
      "net_income": 24551000,
      "opex": 52475000,
      "cogs": 352785000,
      "rd": null,
      "sga": 47076000,
      "fcf": 31917000,
      "ocf": 39945000,
      "capex": -8028000,
      "gross_margin": 0.2403014804845222,
      "op_margin": 0.127300134589502,
      "fcf_margin": 0.06873109017496636,
      "fcf_margin_change": 0.040550448998565636
    },
    {
      "date": "2021-10-02T00:00:00",
      "quarter_label": "2021-10 (Q4)",
      "revenue": 514965000,
      "gross_profit": 105665000,
      "operating_income": 53860000,
      "net_income": 20747000,
      "opex": 51805000,
      "cogs": 409300000,
      "rd": null,
      "sga": 46409000,
      "fcf": -65045000,
      "ocf": -53179000,
      "capex": -11866000,
      "gross_margin": 0.20518870214480595,
      "op_margin": 0.10458963230510811,
      "fcf_margin": -0.1263095550183022,
      "op_leverage_ratio": Infinity,
      "fcf_margin_change": -0.19504064519326858
    },
    {
      "date": "2022-01-01T00:00:00",
      "quarter_label": "2022-01 (Q1)",
      "revenue": 571790000,
      "gross_profit": 101917000,
      "operating_income": 21125000,
      "net_income": -4813000,
      "opex": 80792000,
      "cogs": 469873000,
      "rd": null,
      "sga": 52308000,
      "fcf": 69190000,
      "ocf": 81092000,
      "capex": -11902000,
      "gross_margin": 0.1782420119274559,
      "op_margin": 0.036945382045856,
      "fcf_margin": 0.12100596372794208,
      "incr_op_margin_yoy": -0.36039578222229446,
      "rev_growth_yoy": 0.12062731140774653,
      "op_leverage_ratio": 0.19721054761240658,
      "fcf_margin_change": 0.2473155187462443
    },
    {
      "date": "2022-04-02T00:00:00",
      "quarter_label": "2022-04 (Q2)",
      "revenue": 532407000,
      "gross_profit": 101288000,
      "operating_income": 56324000,
      "net_income": 23656000,
      "opex": 44964000,
      "cogs": 431119000,
      "rd": null,
      "sga": 46840000,
      "fcf": 18102000,
      "ocf": 25231000,
      "capex": -7129000,
      "gross_margin": 0.19024543253563533,
      "op_margin": 0.10579124617069272,
      "fcf_margin": 0.03400030427849371,
      "incr_op_margin_yoy": -0.2073479265207348,
      "rev_growth_yoy": 0.05399161410635594,
      "rev_growth_yoy_accel": -0.0666356973013906,
      "fcf_margin_change": -0.08700565944944837
    },
    {
      "date": "2022-07-02T00:00:00",
      "quarter_label": "2022-07 (Q3)",
      "revenue": 478965000,
      "gross_profit": 76497000,
      "operating_income": 26941000,
      "net_income": 256000,
      "opex": 49556000,
      "cogs": 402468000,
      "rd": null,
      "sga": 44197000,
      "fcf": -10175000,
      "ocf": -4104000,
      "capex": -6071000,
      "gross_margin": 0.15971313143966678,
      "op_margin": 0.05624836887872809,
      "fcf_margin": -0.021243723445345693,
      "incr_op_margin_yoy": -2.205209047292666,
      "rev_growth_yoy": 0.0314185733512786,
      "rev_growth_yoy_accel": -0.022573040755077337,
      "fcf_margin_change": -0.055244027723839406
    },
    {
      "date": "2022-10-01T00:00:00",
      "quarter_label": "2022-10 (Q4)",
      "revenue": 528396000,
      "gross_profit": 105761000,
      "operating_income": -50810000,
      "net_income": -59583000,
      "opex": 156571000,
      "cogs": 422635000,
      "rd": null,
      "sga": 47519000,
      "fcf": -73756000,
      "ocf": -69535000,
      "capex": -4221000,
      "gross_margin": 0.200154808136322,
      "op_margin": -0.09615894140001059,
      "fcf_margin": -0.13958470541033619,
      "incr_op_margin_yoy": -7.793165065892339,
      "rev_growth_yoy": 0.026081384171739826,
      "rev_growth_yoy_accel": -0.005337189179538775,
      "op_leverage_ratio": 0.04779111973227829,
      "fcf_margin_change": -0.11834098196499049
    },
    {
      "date": "2022-12-31T00:00:00",
      "quarter_label": "2022-12 (Q4)",
      "revenue": 623232000,
      "gross_profit": 126078000,
      "operating_income": 66173000,
      "net_income": 24301000,
      "opex": 59905000,
      "cogs": 497154000,
      "rd": null,
      "sga": 51855000,
      "fcf": 49506000,
      "ocf": 54371000,
      "capex": -4865000,
      "gross_margin": 0.20229705791743685,
      "op_margin": 0.1061771539330458,
      "fcf_margin": 0.07943430375847196,
      "incr_op_margin_yoy": 0.8757046771120874,
      "rev_growth_yoy": 0.08996659612794908,
      "rev_growth_yoy_accel": 0.06388521195620925,
      "op_leverage_ratio": Infinity,
      "fcf_margin_change": 0.21901900916880815
    },
    {
      "date": "2023-04-01T00:00:00",
      "quarter_label": "2023-04 (Q2)",
      "revenue": 511814000,
      "gross_profit": 114236000,
      "operating_income": 62181000,
      "net_income": 3415000,
      "opex": 52055000,
      "cogs": 397578000,
      "rd": null,
      "sga": 46729000,
      "fcf": 65618000,
      "ocf": 69527000,
      "capex": -3909000,
      "gross_margin": 0.22319827124697644,
      "op_margin": 0.12149140117308241,
      "fcf_margin": 0.12820673135162383,
      "incr_op_margin_yoy": -0.2844170349147769,
      "rev_growth_yoy": -0.03867905568484261,
      "rev_growth_yoy_accel": -0.1286456518127917,
      "fcf_margin_change": 0.04877242759315187
    },
    {
      "date": "2023-07-01T00:00:00",
      "quarter_label": "2023-07 (Q3)",
      "revenue": 469637000,
      "gross_profit": 102276000,
      "operating_income": 49193000,
      "net_income": 10553000,
      "opex": 53083000,
      "cogs": 367361000,
      "rd": null,
      "sga": 47872000,
      "fcf": 56154000,
      "ocf": 62850000,
      "capex": -6696000,
      "gross_margin": 0.2177767083939298,
      "op_margin": 0.10474685767944178,
      "fcf_margin": 0.11956894367351806,
      "incr_op_margin_yoy": -2.3855060034305318,
      "rev_growth_yoy": -0.01947532700719259,
      "rev_growth_yoy_accel": 0.01920372867765002,
      "fcf_margin_change": -0.008637787678105774
    },
    {
      "date": "2023-09-30T00:00:00",
      "quarter_label": "2023-09 (Q3)",
      "revenue": 502734000,
      "gross_profit": 113838000,
      "operating_income": -72505000,
      "net_income": -82741000,
      "opex": 186343000,
      "cogs": 388896000,
      "rd": null,
      "sga": 48197000,
      "fcf": 16963000,
      "ocf": 23304000,
      "capex": -6341000,
      "gross_margin": 0.22643783790234995,
      "op_margin": -0.14422139739902215,
      "fcf_margin": 0.03374150146996225,
      "incr_op_margin_yoy": 0.8454134517964306,
      "rev_growth_yoy": -0.048565848341016966,
      "rev_growth_yoy_accel": -0.029090521333824376,
      "op_leverage_ratio": 0.028072557174676643,
      "fcf_margin_change": -0.08582744220355581
    },
    {
      "date": "2023-12-30T00:00:00",
      "quarter_label": "2023-12 (Q4)",
      "revenue": 578128000,
      "gross_profit": 125171000,
      "operating_income": 41550000,
      "net_income": 2575000,
      "opex": 83621000,
      "cogs": 452957000,
      "rd": null,
      "sga": 53246000,
      "fcf": 83335000,
      "ocf": 92078000,
      "capex": -8743000,
      "gross_margin": 0.21651087648410042,
      "op_margin": 0.07186989732377605,
      "fcf_margin": 0.14414627902471425,
      "incr_op_margin_yoy": 0.5459161050017737,
      "rev_growth_yoy": -0.07237112343397001,
      "rev_growth_yoy_accel": -0.023805275092953042,
      "op_leverage_ratio": Infinity,
      "fcf_margin_change": 0.110404777554752
    },
    {
      "date": "2024-03-30T00:00:00",
      "quarter_label": "2024-03 (Q1)",
      "revenue": 475223000,
      "gross_profit": 108881000,
      "operating_income": -15558000,
      "net_income": -40239000,
      "opex": 124439000,
      "cogs": 366342000,
      "rd": null,
      "sga": 48612000,
      "fcf": 27501000,
      "ocf": 35122000,
      "capex": -7621000,
      "gross_margin": 0.2291155941526399,
      "op_margin": -0.03273831443343441,
      "fcf_margin": 0.057869673816292565,
      "incr_op_margin_yoy": 2.1245388210215626,
      "rev_growth_yoy": -0.0714927688574365,
      "rev_growth_yoy_accel": 0.0008783545765335132,
      "fcf_margin_change": -0.08627660520842168
    },
    {
      "date": "2024-06-29T00:00:00",
      "quarter_label": "2024-06 (Q2)",
      "revenue": 444590000,
      "gross_profit": 92037000,
      "operating_income": 43798000,
      "net_income": 3938000,
      "opex": 48239000,
      "cogs": 352553000,
      "rd": null,
      "sga": 43128000,
      "fcf": 5162000,
      "ocf": 11288000,
      "capex": -6126000,
      "gross_margin": 0.20701545243932612,
      "op_margin": 0.09851323691491037,
      "fcf_margin": 0.011610697496569873,
      "incr_op_margin_yoy": 0.2153950572922905,
      "rev_growth_yoy": -0.05333268034673588,
      "rev_growth_yoy_accel": 0.01816008851070061,
      "fcf_margin_change": -0.04625897631972269
    },
    {
      "date": "2024-09-28T00:00:00",
      "quarter_label": "2024-09 (Q3)",
      "revenue": 461073000,
      "gross_profit": 102345000,
      "operating_income": 51247000,
      "net_income": 7464000,
      "opex": 51098000,
      "cogs": 358728000,
      "rd": null,
      "sga": 45988000,
      "fcf": -679000,
      "ocf": 4156000,
      "capex": -4835000,
      "gross_margin": 0.22197135811465862,
      "op_margin": 0.11114725867704246,
      "fcf_margin": -0.0014726518360433163,
      "incr_op_margin_yoy": -2.9704519814694796,
      "rev_growth_yoy": -0.08286887300242275,
      "rev_growth_yoy_accel": -0.02953619265568687,
      "op_leverage_ratio": 0.6255481002059968,
      "fcf_margin_change": -0.01308334933261319
    },
    {
      "date": "2024-12-28T00:00:00",
      "quarter_label": "2024-12 (Q4)",
      "revenue": 551568000,
      "gross_profit": 118687000,
      "operating_income": -256764000,
      "net_income": -222414000,
      "opex": 375451000,
      "cogs": 432881000,
      "rd": null,
      "sga": 50340000,
      "fcf": 71667000,
      "ocf": 80348000,
      "capex": -8681000,
      "gross_margin": 0.2151810837467003,
      "op_margin": -0.4655164911670003,
      "fcf_margin": 0.12993320859803326,
      "incr_op_margin_yoy": 11.231701807228916,
      "rev_growth_yoy": -0.045941383223092463,
      "rev_growth_yoy_accel": 0.03692748977933029,
      "op_leverage_ratio": 0.03092009902361648,
      "fcf_margin_change": 0.13140586043407657
    },
    {
      "date": "2025-03-29T00:00:00",
      "quarter_label": "2025-03 (Q1)",
      "revenue": 425402000,
      "gross_profit": 90087000,
      "operating_income": 35846000,
      "net_income": 835000,
      "opex": 54241000,
      "cogs": 335315000,
      "rd": null,
      "sga": 49132000,
      "fcf": 42358000,
      "ocf": 52745000,
      "capex": -10387000,
      "gross_margin": 0.2117691031071786,
      "op_margin": 0.08426382574600025,
      "fcf_margin": 0.0995716992397779,
      "incr_op_margin_yoy": -1.0317737500250899,
      "rev_growth_yoy": -0.10483709753105384,
      "rev_growth_yoy_accel": -0.05889571430796138,
      "fcf_margin_change": -0.03036150935825535
    },
    {
      "date": "2025-06-28T00:00:00",
      "quarter_label": "2025-06 (Q2)",
      "revenue": 424425000,
      "gross_profit": 86982000,
      "operating_income": 22029000,
      "net_income": -9772000,
      "opex": 64953000,
      "cogs": 337443000,
      "rd": null,
      "sga": 47198000,
      "fcf": 11454000,
      "ocf": 17823000,
      "capex": -6369000,
      "gross_margin": 0.20494080226188371,
      "op_margin": 0.05190316310302173,
      "fcf_margin": 0.026987100194380633,
      "incr_op_margin_yoy": 1.0795437639474337,
      "rev_growth_yoy": -0.045356395780381926,
      "rev_growth_yoy_accel": 0.05948070175067192,
      "fcf_margin_change": -0.07258459904539727
    },
    {
      "date": "2025-09-27T00:00:00",
      "quarter_label": "2025-09 (Q3)",
      "revenue": 439304000,
      "gross_profit": 99013000,
      "operating_income": 11028000,
      "net_income": -19142000,
      "opex": 87985000,
      "cogs": 340291000,
      "rd": null,
      "sga": 44615000,
      "fcf": -70722000,
      "ocf": -64618000,
      "capex": -6104000,
      "gross_margin": 0.22538606523045546,
      "op_margin": 0.025103345291643146,
      "fcf_margin": -0.16098646950631,
      "incr_op_margin_yoy": 1.8475354862419036,
      "rev_growth_yoy": -0.04721378176557725,
      "rev_growth_yoy_accel": -0.0018573859851953242,
      "op_leverage_ratio": 0.09886449431420231,
      "fcf_margin_change": -0.18797356970069062
    }
  ],
  "signals": [
    {
      "quarter": "2025-09 (Q3)",
      "signal": "GROSS MARGIN INFLECTION",
      "detail": "GM: +21.2% -> +20.5% -> +22.5% (reversal +2.0%)",
      "severity": "MEDIUM"
    },
    {
      "quarter": "2025-09 (Q3)",
      "signal": "INCREMENTAL MARGIN (YoY)",
      "detail": "YoY Incr OPM: +184.8% vs year-ago OPM: +11.1%",
      "severity": "HIGH"
    },
    {
      "quarter": "2025-06 (Q2)",
      "signal": "YoY REVENUE GROWTH ACCELERATION",
      "detail": "YoY growth: -4.5% vs prior quarter YoY: -10.5% (accel: +5.9%)",
      "severity": "MEDIUM"
    },
    {
      "quarter": "2025-06 (Q2)",
      "signal": "INCREMENTAL MARGIN (YoY)",
      "detail": "YoY Incr OPM: +108.0% vs year-ago OPM: +9.9%",
      "severity": "HIGH"
    },
    {
      "quarter": "2025-03 (Q1)",
      "signal": "YoY REVENUE GROWTH DECELERATION",
      "detail": "YoY growth: -10.5% vs prior quarter YoY: -4.6% (decel: -5.9%)",
      "severity": "WARNING"
    },
    {
      "quarter": "2025-03 (Q1)",
      "signal": "OP MARGIN TURNED POSITIVE (YoY)",
      "detail": "Op margin: -3.3% (year-ago) -> +8.4%",
      "severity": "HIGH"
    },
    {
      "quarter": "2025-03 (Q1)",
      "signal": "OP MARGIN TURNED POSITIVE (QoQ)",
      "detail": "Op margin: -46.6% -> +8.4%",
      "severity": "HIGH"
    },
    {
      "quarter": "2024-12 (Q4)",
      "signal": "FCF TURNED POSITIVE",
      "detail": "FCF margin: -0.1% -> +13.0%",
      "severity": "HIGH"
    },
    {
      "quarter": "2024-09 (Q3)",
      "signal": "OP MARGIN TURNED POSITIVE (YoY)",
      "detail": "Op margin: -14.4% (year-ago) -> +11.1%",
      "severity": "HIGH"
    },
    {
      "quarter": "2024-06 (Q2)",
      "signal": "INCREMENTAL MARGIN (YoY)",
      "detail": "YoY Incr OPM: +21.5% vs year-ago OPM: +10.5%",
      "severity": "MEDIUM"
    },
    {
      "quarter": "2024-06 (Q2)",
      "signal": "OP MARGIN TURNED POSITIVE (QoQ)",
      "detail": "Op margin: -3.3% -> +9.9%",
      "severity": "HIGH"
    },
    {
      "quarter": "2023-12 (Q4)",
      "signal": "FCF MARGIN EXPANSION",
      "detail": "FCF margin: +3.4% -> +14.4% (+11.0%)",
      "severity": "MEDIUM"
    },
    {
      "quarter": "2023-12 (Q4)",
      "signal": "INCREMENTAL MARGIN (YoY)",
      "detail": "YoY Incr OPM: +54.6% vs year-ago OPM: +10.6%",
      "severity": "HIGH"
    },
    {
      "quarter": "2023-12 (Q4)",
      "signal": "OP MARGIN TURNED POSITIVE (QoQ)",
      "detail": "Op margin: -14.4% -> +7.2%",
      "severity": "HIGH"
    },
    {
      "quarter": "2023-04 (Q2)",
      "signal": "YoY REVENUE GROWTH DECELERATION",
      "detail": "YoY growth: -3.9% vs prior quarter YoY: +9.0% (decel: -12.9%)",
      "severity": "WARNING"
    },
    {
      "quarter": "2022-12 (Q4)",
      "signal": "FCF TURNED POSITIVE",
      "detail": "FCF margin: -14.0% -> +7.9%",
      "severity": "HIGH"
    },
    {
      "quarter": "2022-12 (Q4)",
      "signal": "YoY REVENUE GROWTH ACCELERATION",
      "detail": "YoY growth: +9.0% vs prior quarter YoY: +2.6% (accel: +6.4%)",
      "severity": "MEDIUM"
    },
    {
      "quarter": "2022-12 (Q4)",
      "signal": "INCREMENTAL MARGIN (YoY)",
      "detail": "YoY Incr OPM: +87.6% vs year-ago OPM: +3.7%",
      "severity": "HIGH"
    },
    {
      "quarter": "2022-12 (Q4)",
      "signal": "OP MARGIN TURNED POSITIVE (QoQ)",
      "detail": "Op margin: -9.6% -> +10.6%",
      "severity": "HIGH"
    },
    {
      "quarter": "2022-10 (Q4)",
      "signal": "GROSS MARGIN INFLECTION",
      "detail": "GM: +19.0% -> +16.0% -> +20.0% (reversal +4.0%)",
      "severity": "MEDIUM"
    },
    {
      "quarter": "2022-04 (Q2)",
      "signal": "YoY REVENUE GROWTH DECELERATION",
      "detail": "YoY growth: +5.4% vs prior quarter YoY: +12.1% (decel: -6.7%)",
      "severity": "WARNING"
    },
    {
      "quarter": "2022-01 (Q1)",
      "signal": "FCF TURNED POSITIVE",
      "detail": "FCF margin: -12.6% -> +12.1%",
      "severity": "HIGH"
    }
  ],
  "data_quality": {
    "n_quarters": 20,
    "coverage": {
      "revenue": [
        20,
        20
      ],
      "gross_profit": [
        20,
        20
      ],
      "op_income": [
        20,
        20
      ],
      "fcf": [
        20,
        20
      ]
    },
    "gaps": [],
    "warnings": []
  },
  "market_cap": null,
  "source": "SEC EDGAR",
  "last_updated": "2026-02-02T22:38:58.916440"
}