{
  "ticker": "BGSF",
  "name": "BGSF, INC",
  "quarters": [
    {
      "date": "2020-12-27T00:00:00",
      "quarter_label": "2020-12 (Q4)",
      "revenue": 69698426,
      "gross_profit": 19327203,
      "operating_income": 3317492,
      "net_income": 2206308,
      "opex": 16009711,
      "cogs": 50371222,
      "rd": null,
      "sga": 15179622,
      "fcf": 3968896,
      "ocf": 3968896,
      "capex": null,
      "gross_margin": 0.2772975533192098,
      "op_margin": 0.047597803715108286,
      "fcf_margin": 0.056943839736065205
    },
    {
      "date": "2021-03-28T00:00:00",
      "quarter_label": "2021-03 (Q1)",
      "revenue": 67711690,
      "gross_profit": 18814731,
      "operating_income": 1231713,
      "net_income": 711797,
      "opex": 17583018,
      "cogs": 48896959,
      "rd": null,
      "sga": 16723344,
      "fcf": 1911133,
      "ocf": 1911133,
      "capex": null,
      "gross_margin": 0.27786532871945746,
      "op_margin": 0.018190551734862916,
      "fcf_margin": 0.028224565064023658,
      "fcf_margin_change": -0.028719274672041547
    },
    {
      "date": "2021-06-27T00:00:00",
      "quarter_label": "2021-06 (Q2)",
      "revenue": 74391537,
      "gross_profit": 21782814,
      "operating_income": 4317937,
      "net_income": 3442838,
      "opex": 17464877,
      "cogs": 52608723,
      "rd": null,
      "sga": 17768868,
      "fcf": -172344,
      "ocf": -172344,
      "capex": null,
      "gross_margin": 0.2928130655507225,
      "op_margin": 0.058043390070029066,
      "fcf_margin": -0.0023167151392503157,
      "op_leverage_ratio": Infinity,
      "fcf_margin_change": -0.030541280203273975
    },
    {
      "date": "2021-09-26T00:00:00",
      "quarter_label": "2021-09 (Q3)",
      "revenue": 82352022,
      "gross_profit": 24666872,
      "operating_income": 6195740,
      "net_income": 4643609,
      "opex": 18471132,
      "cogs": 57685150,
      "rd": null,
      "sga": 18488691,
      "fcf": 616081,
      "ocf": 616081,
      "capex": null,
      "gross_margin": 0.2995296460358921,
      "op_margin": 0.07523482544241597,
      "fcf_margin": 0.0074810670708243205,
      "op_leverage_ratio": 1.8572632981887574,
      "fcf_margin_change": 0.009797782210074636
    },
    {
      "date": "2021-12-26T00:00:00",
      "quarter_label": "2021-12 (Q4)",
      "revenue": 67694450,
      "gross_profit": 23431825,
      "operating_income": 2784806,
      "net_income": 5311234,
      "opex": 20647019,
      "cogs": -1104558,
      "rd": null,
      "sga": 12134318,
      "fcf": 4308130,
      "ocf": 4308130,
      "capex": null,
      "gross_margin": 0.346141005651128,
      "op_margin": 0.04113787762512289,
      "fcf_margin": 0.06364081545828351,
      "incr_op_margin_yoy": 0.265814560653421,
      "rev_growth_yoy": -0.028752098361589973,
      "fcf_margin_change": 0.05615974838745919
    },
    {
      "date": "2022-03-27T00:00:00",
      "quarter_label": "2022-03 (Q1)",
      "revenue": 68542277,
      "gross_profit": 23430799,
      "operating_income": 2815514,
      "net_income": 15799783,
      "opex": 20615285,
      "cogs": 45111478,
      "rd": null,
      "sga": 19716312,
      "fcf": -385,
      "ocf": -385,
      "capex": null,
      "gross_margin": 0.34184447942982693,
      "op_margin": 0.04107704212977926,
      "fcf_margin": -5.61697125994224e-06,
      "rev_growth_yoy": 0.012266522959329475,
      "rev_growth_yoy_accel": 0.04101862132091945,
      "op_leverage_ratio": Infinity,
      "fcf_margin_change": -0.06364643242954346
    },
    {
      "date": "2022-06-26T00:00:00",
      "quarter_label": "2022-06 (Q2)",
      "revenue": 74089166,
      "gross_profit": 25059426,
      "operating_income": 4239311,
      "net_income": 3176414,
      "opex": 20820115,
      "cogs": 49029740,
      "rd": null,
      "sga": 19898281,
      "fcf": -672,
      "ocf": -672,
      "capex": null,
      "gross_margin": 0.33823333900127855,
      "op_margin": 0.05721904063544189,
      "fcf_margin": -9.070152038153595e-06,
      "rev_growth_yoy": -0.004064588691049628,
      "rev_growth_yoy_accel": -0.016331111650379104,
      "op_leverage_ratio": 8.1449181736944,
      "fcf_margin_change": -3.453180778211355e-06
    },
    {
      "date": "2022-09-25T00:00:00",
      "quarter_label": "2022-09 (Q3)",
      "revenue": 78507873,
      "gross_profit": 27999845,
      "operating_income": 6468522,
      "net_income": 4652473,
      "opex": 21531323,
      "cogs": 50508028,
      "rd": null,
      "sga": 20385866,
      "fcf": -6774,
      "ocf": -6774,
      "capex": null,
      "gross_margin": 0.35665015405524997,
      "op_margin": 0.08239329067035099,
      "fcf_margin": -8.628433991581966e-05,
      "incr_op_margin_yoy": -0.07096030877054973,
      "rev_growth_yoy": -0.046679473152462486,
      "rev_growth_yoy_accel": -0.04261488446141286,
      "op_leverage_ratio": 1.7459306521990907,
      "fcf_margin_change": -7.721418787766606e-05
    },
    {
      "date": "2023-01-01T00:00:00",
      "quarter_label": "2023-01 (Q1)",
      "revenue": 77282512,
      "gross_profit": 27057401,
      "operating_income": 2759603,
      "net_income": 1732203,
      "opex": 24297798,
      "cogs": 50225112,
      "rd": null,
      "sga": 23210804,
      "fcf": -7114169,
      "ocf": -7114169,
      "capex": null,
      "gross_margin": 0.35011026815484464,
      "op_margin": 0.03570798785629536,
      "fcf_margin": -0.092054060044011,
      "incr_op_margin_yoy": -0.002628581250308978,
      "rev_growth_yoy": 0.14163734250001292,
      "rev_growth_yoy_accel": 0.1883168156524754,
      "fcf_margin_change": -0.09196777570409517
    },
    {
      "date": "2023-04-02T00:00:00",
      "quarter_label": "2023-04 (Q2)",
      "revenue": 75316,
      "gross_profit": 26784,
      "operating_income": -20730,
      "net_income": -16466,
      "opex": 47514,
      "cogs": 48532,
      "rd": null,
      "sga": 23212,
      "fcf": 3939,
      "ocf": 3939,
      "capex": null,
      "gross_margin": 0.35562164745870734,
      "op_margin": -0.2752403207817728,
      "fcf_margin": 0.05229964416591428,
      "incr_op_margin_yoy": 0.041425002053180074,
      "rev_growth_yoy": -0.9989011745261979,
      "rev_growth_yoy_accel": -1.1405385170262108,
      "fcf_margin_change": 0.14435370420992527
    },
    {
      "date": "2023-07-02T00:00:00",
      "quarter_label": "2023-07 (Q3)",
      "revenue": 80800,
      "gross_profit": 29574,
      "operating_income": 5050,
      "net_income": 2604,
      "opex": 24524,
      "cogs": 51226,
      "rd": null,
      "sga": 22584,
      "fcf": 8610,
      "ocf": 8610,
      "capex": null,
      "gross_margin": 0.3660148514851485,
      "op_margin": 0.0625,
      "fcf_margin": 0.10655940594059406,
      "incr_op_margin_yoy": 0.05721327505055307,
      "rev_growth_yoy": -0.9989094221954125,
      "rev_growth_yoy_accel": -8.247669214589415e-06,
      "op_leverage_ratio": Infinity,
      "fcf_margin_change": 0.054259761774679775
    },
    {
      "date": "2023-10-01T00:00:00",
      "quarter_label": "2023-10 (Q4)",
      "revenue": 83484,
      "gross_profit": 29979,
      "operating_income": 5267,
      "net_income": 2640,
      "opex": 24712,
      "cogs": 53505,
      "rd": null,
      "sga": 22679,
      "fcf": 2545,
      "ocf": 2545,
      "capex": null,
      "gross_margin": 0.35909874946097453,
      "op_margin": 0.06308993340041205,
      "fcf_margin": 0.030484883330937664,
      "incr_op_margin_yoy": 0.08241383939886353,
      "rev_growth_yoy": -0.9989366162040844,
      "rev_growth_yoy_accel": -2.719400867190469e-05,
      "op_leverage_ratio": 4.333158837160312,
      "fcf_margin_change": -0.07607452260965639
    },
    {
      "date": "2023-12-31T00:00:00",
      "quarter_label": "2023-12 (Q4)",
      "revenue": 73567000,
      "gross_profit": 25447000,
      "operating_income": -7174588,
      "net_income": 999000,
      "opex": 32621588,
      "cogs": 201229737,
      "rd": null,
      "sga": 88581525,
      "fcf": 20370906,
      "ocf": 20370906,
      "capex": null,
      "gross_margin": 0.3459023747060503,
      "op_margin": -0.09752454225399976,
      "fcf_margin": 0.276902768904536,
      "incr_op_margin_yoy": 2.6737071499163507,
      "rev_growth_yoy": -0.04807700867694363,
      "rev_growth_yoy_accel": 0.9508596075271407,
      "op_leverage_ratio": 0.66729611055757,
      "fcf_margin_change": 0.24641788557359837
    },
    {
      "date": "2024-03-31T00:00:00",
      "quarter_label": "2024-03 (Q1)",
      "revenue": 68765,
      "gross_profit": 23438,
      "operating_income": 415,
      "net_income": -792,
      "opex": 23023,
      "cogs": 45327,
      "rd": null,
      "sga": 21016,
      "fcf": 7381000,
      "ocf": 7381000,
      "capex": null,
      "gross_margin": 0.3408419981095034,
      "op_margin": 0.006035046898858431,
      "fcf_margin": 107.33658110957609,
      "rev_growth_yoy": -0.08698019013224281,
      "rev_growth_yoy_accel": -0.03890318145529918,
      "fcf_margin_change": 107.05967834067155
    },
    {
      "date": "2024-06-30T00:00:00",
      "quarter_label": "2024-06 (Q2)",
      "revenue": 68137,
      "gross_profit": 23630,
      "operating_income": 81,
      "net_income": -761,
      "opex": 23549,
      "cogs": 44507,
      "rd": null,
      "sga": 21568,
      "fcf": 7336000,
      "ocf": 7336000,
      "capex": null,
      "gross_margin": 0.3468012973861485,
      "op_margin": 0.001188781425657132,
      "fcf_margin": 107.66543874840396,
      "rev_growth_yoy": -0.15672029702970297,
      "rev_growth_yoy_accel": -0.06974010689746016,
      "fcf_margin_change": 0.3288576388278699
    },
    {
      "date": "2024-09-29T00:00:00",
      "quarter_label": "2024-09 (Q3)",
      "revenue": 71186,
      "gross_profit": 24329,
      "operating_income": 470,
      "net_income": -804,
      "opex": 23859,
      "cogs": 46857,
      "rd": null,
      "sga": 21966,
      "fcf": 6461000,
      "ocf": 6461000,
      "capex": null,
      "gross_margin": 0.34176663950776837,
      "op_margin": 0.006602421824516057,
      "fcf_margin": 90.76222852808137,
      "rev_growth_yoy": -0.1473096641272579,
      "rev_growth_yoy_accel": 0.009410632902445065,
      "op_leverage_ratio": 3.3992663263339944,
      "fcf_margin_change": -16.903210220322592
    },
    {
      "date": "2024-12-29T00:00:00",
      "quarter_label": "2024-12 (Q4)",
      "revenue": 64411000,
      "gross_profit": 21466000,
      "operating_income": 1212033,
      "net_income": -981000,
      "opex": 20253967,
      "cogs": 179499308,
      "rd": null,
      "sga": 85268451,
      "fcf": 3201000,
      "ocf": 3201000,
      "capex": null,
      "gross_margin": 0.3332660570399466,
      "op_margin": 0.01881717408517179,
      "fcf_margin": 0.04969648041483597,
      "incr_op_margin_yoy": -0.9159699650502403,
      "rev_growth_yoy": -0.12445797708211562,
      "rev_growth_yoy_accel": 0.022851687045142288,
      "op_leverage_ratio": 1.0659559219948784,
      "fcf_margin_change": -90.71253204766653
    },
    {
      "date": "2025-03-30T00:00:00",
      "quarter_label": "2025-03 (Q1)",
      "revenue": 63234000,
      "gross_profit": 20921000,
      "operating_income": 339000,
      "net_income": -722000,
      "opex": 20582000,
      "cogs": 42313000,
      "rd": null,
      "sga": 18911000,
      "fcf": 1064000,
      "ocf": 1064000,
      "capex": null,
      "gross_margin": 0.3308504918240187,
      "op_margin": 0.005361039946864029,
      "fcf_margin": 0.01682639086567353,
      "incr_op_margin_yoy": 0.005360306187414643,
      "rev_growth_yoy": 918.5666400058169,
      "rev_growth_yoy_accel": 918.691097982899,
      "fcf_margin_change": -0.03287008954916244
    },
    {
      "date": "2025-06-29T00:00:00",
      "quarter_label": "2025-06 (Q2)",
      "revenue": 23506000,
      "gross_profit": 8410000,
      "operating_income": -4425000,
      "net_income": -3736000,
      "opex": 12835000,
      "cogs": 15096000,
      "rd": null,
      "sga": 12576000,
      "fcf": 2151000,
      "ocf": 2151000,
      "capex": null,
      "gross_margin": 0.3577809920871267,
      "op_margin": -0.18824980855951673,
      "fcf_margin": 0.09150855100825321,
      "incr_op_margin_yoy": -0.1888005318573626,
      "rev_growth_yoy": 343.9814344629203,
      "rev_growth_yoy_accel": -574.5852055428966,
      "fcf_margin_change": 0.07468216014257968
    },
    {
      "date": "2025-09-28T00:00:00",
      "quarter_label": "2025-09 (Q3)",
      "revenue": 26895000,
      "gross_profit": 9660000,
      "operating_income": -937000,
      "net_income": -5812000,
      "opex": 10597000,
      "cogs": 17235000,
      "rd": null,
      "sga": 10223000,
      "fcf": -4759000,
      "ocf": -4759000,
      "capex": null,
      "gross_margin": 0.3591745677635248,
      "op_margin": -0.03483918944041643,
      "fcf_margin": -0.17694738799033277,
      "incr_op_margin_yoy": -0.034949168675267435,
      "rev_growth_yoy": 376.81305312842414,
      "rev_growth_yoy_accel": 32.83161866550387,
      "op_leverage_ratio": Infinity,
      "fcf_margin_change": -0.268455938998586
    }
  ],
  "signals": [
    {
      "quarter": "2025-09 (Q3)",
      "signal": "YoY REVENUE GROWTH ACCELERATION",
      "detail": "YoY growth: +37681.3% vs prior quarter YoY: +34398.1% (accel: +3283.2%)",
      "severity": "HIGH"
    },
    {
      "quarter": "2025-06 (Q2)",
      "signal": "FCF MARGIN EXPANSION",
      "detail": "FCF margin: +1.7% -> +9.2% (+7.5%)",
      "severity": "MEDIUM"
    },
    {
      "quarter": "2025-06 (Q2)",
      "signal": "GROSS MARGIN INFLECTION",
      "detail": "GM: +33.3% -> +33.1% -> +35.8% (reversal +2.7%)",
      "severity": "MEDIUM"
    },
    {
      "quarter": "2025-06 (Q2)",
      "signal": "YoY REVENUE GROWTH DECELERATION",
      "detail": "YoY growth: +34398.1% vs prior quarter YoY: +91856.7% (decel: -57458.5%)",
      "severity": "WARNING"
    },
    {
      "quarter": "2025-03 (Q1)",
      "signal": "YoY REVENUE GROWTH ACCELERATION",
      "detail": "YoY growth: +91856.7% vs prior quarter YoY: -12.4% (accel: +91869.1%)",
      "severity": "HIGH"
    },
    {
      "quarter": "2024-12 (Q4)",
      "signal": "OP MARGIN TURNED POSITIVE (YoY)",
      "detail": "Op margin: -9.8% (year-ago) -> +1.9%",
      "severity": "HIGH"
    },
    {
      "quarter": "2024-09 (Q3)",
      "signal": "OPERATING LEVERAGE",
      "detail": "Rev growth +4.5% vs OpEx growth +1.3% (leverage: 3.4x)",
      "severity": "MEDIUM"
    },
    {
      "quarter": "2024-06 (Q2)",
      "signal": "FCF MARGIN EXPANSION",
      "detail": "FCF margin: +10733.7% -> +10766.5% (+32.9%)",
      "severity": "MEDIUM"
    },
    {
      "quarter": "2024-06 (Q2)",
      "signal": "YoY REVENUE GROWTH DECELERATION",
      "detail": "YoY growth: -15.7% vs prior quarter YoY: -8.7% (decel: -7.0%)",
      "severity": "WARNING"
    },
    {
      "quarter": "2024-03 (Q1)",
      "signal": "FCF MARGIN EXPANSION",
      "detail": "FCF margin: +27.7% -> +10733.7% (+10706.0%)",
      "severity": "MEDIUM"
    },
    {
      "quarter": "2024-03 (Q1)",
      "signal": "OP MARGIN TURNED POSITIVE (YoY)",
      "detail": "Op margin: -27.5% (year-ago) -> +0.6%",
      "severity": "HIGH"
    },
    {
      "quarter": "2024-03 (Q1)",
      "signal": "OP MARGIN TURNED POSITIVE (QoQ)",
      "detail": "Op margin: -9.8% -> +0.6%",
      "severity": "HIGH"
    },
    {
      "quarter": "2023-12 (Q4)",
      "signal": "FCF MARGIN EXPANSION",
      "detail": "FCF margin: +3.0% -> +27.7% (+24.6%)",
      "severity": "MEDIUM"
    },
    {
      "quarter": "2023-12 (Q4)",
      "signal": "YoY REVENUE GROWTH ACCELERATION",
      "detail": "YoY growth: -4.8% vs prior quarter YoY: -99.9% (accel: +95.1%)",
      "severity": "HIGH"
    },
    {
      "quarter": "2023-10 (Q4)",
      "signal": "OPERATING LEVERAGE",
      "detail": "Rev growth +3.3% vs OpEx growth +0.8% (leverage: 4.3x)",
      "severity": "MEDIUM"
    },
    {
      "quarter": "2023-07 (Q3)",
      "signal": "FCF MARGIN EXPANSION",
      "detail": "FCF margin: +5.2% -> +10.7% (+5.4%)",
      "severity": "MEDIUM"
    },
    {
      "quarter": "2023-07 (Q3)",
      "signal": "OP MARGIN TURNED POSITIVE (QoQ)",
      "detail": "Op margin: -27.5% -> +6.2%",
      "severity": "HIGH"
    },
    {
      "quarter": "2023-04 (Q2)",
      "signal": "FCF TURNED POSITIVE",
      "detail": "FCF margin: -9.2% -> +5.2%",
      "severity": "HIGH"
    },
    {
      "quarter": "2023-04 (Q2)",
      "signal": "YoY REVENUE GROWTH DECELERATION",
      "detail": "YoY growth: -99.9% vs prior quarter YoY: +14.2% (decel: -114.1%)",
      "severity": "WARNING"
    },
    {
      "quarter": "2023-01 (Q1)",
      "signal": "YoY REVENUE GROWTH ACCELERATION",
      "detail": "YoY growth: +14.2% vs prior quarter YoY: -4.7% (accel: +18.8%)",
      "severity": "HIGH"
    },
    {
      "quarter": "2022-09 (Q3)",
      "signal": "OPERATING LEVERAGE",
      "detail": "Rev growth +6.0% vs OpEx growth +3.4% (leverage: 1.7x)",
      "severity": "MEDIUM"
    },
    {
      "quarter": "2022-06 (Q2)",
      "signal": "OPERATING LEVERAGE",
      "detail": "Rev growth +8.1% vs OpEx growth +1.0% (leverage: 8.1x)",
      "severity": "MEDIUM"
    },
    {
      "quarter": "2021-12 (Q4)",
      "signal": "FCF MARGIN EXPANSION",
      "detail": "FCF margin: +0.7% -> +6.4% (+5.6%)",
      "severity": "MEDIUM"
    },
    {
      "quarter": "2021-12 (Q4)",
      "signal": "INCREMENTAL MARGIN (YoY)",
      "detail": "YoY Incr OPM: +26.6% vs year-ago OPM: +4.8%",
      "severity": "HIGH"
    },
    {
      "quarter": "2021-09 (Q3)",
      "signal": "FCF TURNED POSITIVE",
      "detail": "FCF margin: -0.2% -> +0.7%",
      "severity": "HIGH"
    },
    {
      "quarter": "2021-09 (Q3)",
      "signal": "OPERATING LEVERAGE",
      "detail": "Rev growth +10.7% vs OpEx growth +5.8% (leverage: 1.9x)",
      "severity": "MEDIUM"
    }
  ],
  "data_quality": {
    "n_quarters": 20,
    "coverage": {
      "revenue": [
        20,
        20
      ],
      "gross_profit": [
        20,
        20
      ],
      "op_income": [
        20,
        20
      ],
      "fcf": [
        20,
        20
      ]
    },
    "gaps": [],
    "warnings": []
  },
  "market_cap": null,
  "source": "SEC EDGAR",
  "last_updated": "2026-02-02T23:34:39.812855"
}