{
  "ticker": "BHR",
  "name": "BRAEMAR HOTELS & RESORTS INC.",
  "quarters": [
    {
      "date": "2020-12-31T00:00:00",
      "quarter_label": "2020-12 (Q4)",
      "revenue": 51805000,
      "gross_profit": 7921000,
      "operating_income": -22450000,
      "net_income": -25724000,
      "opex": 74255000,
      "cogs": 43884000,
      "rd": null,
      "sga": null,
      "fcf": -14658000,
      "ocf": -14658000,
      "capex": null,
      "gross_margin": 0.152900299198919,
      "op_margin": -0.433355853682077,
      "fcf_margin": -0.28294566161567414
    },
    {
      "date": "2021-03-31T00:00:00",
      "quarter_label": "2021-03 (Q1)",
      "revenue": 83848000,
      "gross_profit": 27806000,
      "operating_income": -3707000,
      "net_income": -8708000,
      "opex": 88054000,
      "cogs": 56042000,
      "rd": null,
      "sga": null,
      "fcf": 11967000,
      "ocf": 11967000,
      "capex": null,
      "gross_margin": 0.33162389085010974,
      "op_margin": -0.044210953153325065,
      "fcf_margin": 0.1427225455586299,
      "op_leverage_ratio": 3.32843116309405,
      "fcf_margin_change": 0.42566820717430404
    },
    {
      "date": "2021-06-30T00:00:00",
      "quarter_label": "2021-06 (Q2)",
      "revenue": 97110000,
      "gross_profit": 30878000,
      "operating_income": -2788000,
      "net_income": -9233000,
      "opex": 100095000,
      "cogs": 66232000,
      "rd": null,
      "sga": null,
      "fcf": 19543000,
      "ocf": 19543000,
      "capex": null,
      "gross_margin": 0.317969313150036,
      "op_margin": -0.02870971063742148,
      "fcf_margin": 0.20124600967974463,
      "op_leverage_ratio": 1.156652360549029,
      "fcf_margin_change": 0.05852346412111473
    },
    {
      "date": "2021-09-30T00:00:00",
      "quarter_label": "2021-09 (Q3)",
      "revenue": 116177000,
      "gross_profit": 39134000,
      "operating_income": 1050000,
      "net_income": -6946000,
      "opex": 115127000,
      "cogs": 77043000,
      "rd": null,
      "sga": null,
      "fcf": 23637000,
      "ocf": 23637000,
      "capex": null,
      "gross_margin": 0.33684808524923177,
      "op_margin": 0.009037933498024566,
      "fcf_margin": 0.20345679437410158,
      "op_leverage_ratio": 1.3074167037002147,
      "fcf_margin_change": 0.0022107846943569542
    },
    {
      "date": "2021-12-31T00:00:00",
      "quarter_label": "2021-12 (Q4)",
      "revenue": 130407000,
      "gross_profit": 42698000,
      "operating_income": 6894000,
      "net_income": -1777000,
      "opex": 123513000,
      "cogs": 87709000,
      "rd": null,
      "sga": null,
      "fcf": 8803000,
      "ocf": 8803000,
      "capex": null,
      "gross_margin": 0.3274210740221,
      "op_margin": 0.05286526030044399,
      "fcf_margin": 0.06750404502825769,
      "incr_op_margin_yoy": 0.3733238339991349,
      "rev_growth_yoy": 1.517266673101052,
      "op_leverage_ratio": 1.681539495149429,
      "fcf_margin_change": -0.1359527493458439
    },
    {
      "date": "2022-03-31T00:00:00",
      "quarter_label": "2022-03 (Q1)",
      "revenue": 161880000,
      "gross_profit": 63313000,
      "operating_income": 26452000,
      "net_income": 14663000,
      "opex": 135428000,
      "cogs": 98567000,
      "rd": null,
      "sga": null,
      "fcf": 28794000,
      "ocf": 28794000,
      "capex": null,
      "gross_margin": 0.3911106992834198,
      "op_margin": 0.16340499135161848,
      "fcf_margin": 0.1778724981467754,
      "incr_op_margin_yoy": 0.386495283986057,
      "rev_growth_yoy": 0.9306363896574754,
      "rev_growth_yoy_accel": -0.5866302834435766,
      "op_leverage_ratio": 2.501818855439708,
      "fcf_margin_change": 0.1103684531185177
    },
    {
      "date": "2022-06-30T00:00:00",
      "quarter_label": "2022-06 (Q2)",
      "revenue": 174894000,
      "gross_profit": 61241000,
      "operating_income": 26764000,
      "net_income": 14366000,
      "opex": 148130000,
      "cogs": 113653000,
      "rd": null,
      "sga": null,
      "fcf": 51043000,
      "ocf": 51043000,
      "capex": null,
      "gross_margin": 0.35016066874792734,
      "op_margin": 0.15302983521447278,
      "fcf_margin": 0.2918510640730957,
      "incr_op_margin_yoy": 0.3799238918029415,
      "rev_growth_yoy": 0.8009885696632685,
      "rev_growth_yoy_accel": -0.12964781999420694,
      "op_leverage_ratio": 0.8571443428239677,
      "fcf_margin_change": 0.1139785659263203
    },
    {
      "date": "2022-09-30T00:00:00",
      "quarter_label": "2022-09 (Q3)",
      "revenue": 161189000,
      "gross_profit": 48493000,
      "operating_income": 3109000,
      "net_income": -8040000,
      "opex": 158080000,
      "cogs": 112696000,
      "rd": null,
      "sga": null,
      "fcf": 24149000,
      "ocf": 24149000,
      "capex": null,
      "gross_margin": 0.30084559120039206,
      "op_margin": 0.019287916669251625,
      "fcf_margin": 0.1498179156145891,
      "incr_op_margin_yoy": 0.04574335732693504,
      "rev_growth_yoy": 0.3874432977267445,
      "rev_growth_yoy_accel": -0.41354527193652396,
      "fcf_margin_change": -0.1420331484585066
    },
    {
      "date": "2022-12-31T00:00:00",
      "quarter_label": "2022-12 (Q4)",
      "revenue": 171622000,
      "gross_profit": 51051000,
      "operating_income": 12068000,
      "net_income": -3228000,
      "opex": 159554000,
      "cogs": 120571000,
      "rd": null,
      "sga": null,
      "fcf": 5497000,
      "ocf": 5497000,
      "capex": null,
      "gross_margin": 0.29746186386360723,
      "op_margin": 0.07031732528463716,
      "fcf_margin": 0.03202969316288121,
      "incr_op_margin_yoy": 0.1255368191192527,
      "rev_growth_yoy": 0.31604898510049306,
      "rev_growth_yoy_accel": -0.07139431262625145,
      "op_leverage_ratio": 6.941498755352575,
      "fcf_margin_change": -0.11778822245170789
    },
    {
      "date": "2023-03-31T00:00:00",
      "quarter_label": "2023-03 (Q1)",
      "revenue": 215301000,
      "gross_profit": 79204000,
      "operating_income": 37799000,
      "net_income": 16034000,
      "opex": 177502000,
      "cogs": 136097000,
      "rd": null,
      "sga": null,
      "fcf": 42314000,
      "ocf": 42314000,
      "capex": null,
      "gross_margin": 0.367875671733991,
      "op_margin": 0.17556351340681187,
      "fcf_margin": 0.19653415450926842,
      "incr_op_margin_yoy": 0.21240710581980868,
      "rev_growth_yoy": 0.33000370644922167,
      "rev_growth_yoy_accel": 0.013954721348728605,
      "op_leverage_ratio": 2.262514461159591,
      "fcf_margin_change": 0.16450446134638722
    },
    {
      "date": "2023-06-30T00:00:00",
      "quarter_label": "2023-06 (Q2)",
      "revenue": 186707000,
      "gross_profit": 61460000,
      "operating_income": 17386000,
      "net_income": -1846000,
      "opex": 169321000,
      "cogs": 125247000,
      "rd": null,
      "sga": null,
      "fcf": 19649000,
      "ocf": 19649000,
      "capex": null,
      "gross_margin": 0.3291788738504716,
      "op_margin": 0.09311916532320695,
      "fcf_margin": 0.10523976069456421,
      "incr_op_margin_yoy": -0.7938711588927453,
      "rev_growth_yoy": 0.06754376936887486,
      "rev_growth_yoy_accel": -0.2624599370803468,
      "fcf_margin_change": -0.09129439381470421
    },
    {
      "date": "2023-09-30T00:00:00",
      "quarter_label": "2023-09 (Q3)",
      "revenue": 159801000,
      "gross_profit": 43351000,
      "operating_income": 651000,
      "net_income": -22030000,
      "opex": 159150000,
      "cogs": 116450000,
      "rd": null,
      "sga": null,
      "fcf": 11038000,
      "ocf": 11038000,
      "capex": null,
      "gross_margin": 0.2712811559376975,
      "op_margin": 0.004073816809657011,
      "fcf_margin": 0.06907341005375436,
      "incr_op_margin_yoy": 1.7708933717579252,
      "rev_growth_yoy": -0.008611009436127776,
      "rev_growth_yoy_accel": -0.07615477880500264,
      "fcf_margin_change": -0.03616635064080985
    },
    {
      "date": "2023-12-31T00:00:00",
      "quarter_label": "2023-12 (Q4)",
      "revenue": 177534000,
      "gross_profit": 54171000,
      "operating_income": 5837000,
      "net_income": -19175000,
      "opex": 171697000,
      "cogs": 123363000,
      "rd": null,
      "sga": null,
      "fcf": 11710000,
      "ocf": 11710000,
      "capex": null,
      "gross_margin": 0.30513028490317345,
      "op_margin": 0.03287820924442642,
      "fcf_margin": 0.0659591965482668,
      "incr_op_margin_yoy": -1.0539580514208389,
      "rev_growth_yoy": 0.03444779806784678,
      "rev_growth_yoy_accel": 0.043058807503974554,
      "op_leverage_ratio": 1.4075682638490756,
      "fcf_margin_change": -0.003114213505487559
    },
    {
      "date": "2024-03-31T00:00:00",
      "quarter_label": "2024-03 (Q1)",
      "revenue": 219079000,
      "gross_profit": 83046000,
      "operating_income": 42467000,
      "net_income": 15929000,
      "opex": 176612000,
      "cogs": 136033000,
      "rd": null,
      "sga": null,
      "fcf": 36039000,
      "ocf": 36039000,
      "capex": null,
      "gross_margin": 0.3790687377612642,
      "op_margin": 0.19384331679439837,
      "fcf_margin": 0.1645023028222696,
      "incr_op_margin_yoy": 1.235574377977766,
      "rev_growth_yoy": 0.01754752648617517,
      "rev_growth_yoy_accel": -0.016900271581671608,
      "op_leverage_ratio": 8.174786326946146,
      "fcf_margin_change": 0.0985431062740028
    },
    {
      "date": "2024-06-30T00:00:00",
      "quarter_label": "2024-06 (Q2)",
      "revenue": 187587000,
      "gross_profit": 59224000,
      "operating_income": 12175000,
      "net_income": -11565000,
      "opex": 175412000,
      "cogs": 128363000,
      "rd": null,
      "sga": null,
      "fcf": 24117000,
      "ocf": 24117000,
      "capex": null,
      "gross_margin": 0.31571484164680924,
      "op_margin": 0.06490321824006993,
      "fcf_margin": 0.12856434614338946,
      "rev_growth_yoy": 0.004713267311884396,
      "rev_growth_yoy_accel": -0.012834259174290773,
      "fcf_margin_change": -0.03593795667888014
    },
    {
      "date": "2024-09-30T00:00:00",
      "quarter_label": "2024-09 (Q3)",
      "revenue": 148398000,
      "gross_profit": 34683000,
      "operating_income": 70329000,
      "net_income": 12596000,
      "opex": 166279000,
      "cogs": 113715000,
      "rd": null,
      "sga": null,
      "fcf": 9000,
      "ocf": 9000,
      "capex": null,
      "gross_margin": 0.23371608781789513,
      "op_margin": 0.4739214814215825,
      "fcf_margin": 6.064771762422674e-05,
      "incr_op_margin_yoy": -6.110497237569061,
      "rev_growth_yoy": -0.0713575008917341,
      "rev_growth_yoy_accel": -0.0760707682036185,
      "fcf_margin_change": -0.12850369842576523
    },
    {
      "date": "2024-12-31T00:00:00",
      "quarter_label": "2024-12 (Q4)",
      "revenue": 173340000,
      "gross_profit": 49721000,
      "operating_income": 3779000,
      "net_income": -18653000,
      "opex": 169516000,
      "cogs": 123619000,
      "rd": null,
      "sga": null,
      "fcf": 6652000,
      "ocf": 6652000,
      "capex": null,
      "gross_margin": 0.2868408907349717,
      "op_margin": 0.021801084573670245,
      "fcf_margin": 0.038375447098188534,
      "incr_op_margin_yoy": 0.4907010014306152,
      "rev_growth_yoy": -0.02362364392172767,
      "rev_growth_yoy_accel": 0.04773385697000643,
      "op_leverage_ratio": 8.633719436526183,
      "fcf_margin_change": 0.038314799380564306
    },
    {
      "date": "2025-03-31T00:00:00",
      "quarter_label": "2025-03 (Q1)",
      "revenue": 215820000,
      "gross_profit": 80105000,
      "operating_income": 36740000,
      "net_income": 10998000,
      "opex": 179080000,
      "cogs": 135715000,
      "rd": null,
      "sga": null,
      "fcf": 15146000,
      "ocf": 15146000,
      "capex": null,
      "gross_margin": 0.37116578630340097,
      "op_margin": 0.17023445463812437,
      "fcf_margin": 0.07017885274766009,
      "incr_op_margin_yoy": 1.7572875115065971,
      "rev_growth_yoy": -0.014875912342123161,
      "rev_growth_yoy_accel": 0.008747731579604508,
      "op_leverage_ratio": 4.343670210155511,
      "fcf_margin_change": 0.03180340564947155
    },
    {
      "date": "2025-06-30T00:00:00",
      "quarter_label": "2025-06 (Q2)",
      "revenue": 179077000,
      "gross_profit": 54039000,
      "operating_income": 17894000,
      "net_income": -5467000,
      "opex": 161183000,
      "cogs": 125038000,
      "rd": null,
      "sga": null,
      "fcf": 23049000,
      "ocf": 23049000,
      "capex": null,
      "gross_margin": 0.301764045634001,
      "op_margin": 0.09992349659643616,
      "fcf_margin": 0.12870999625859267,
      "incr_op_margin_yoy": -0.6720329024676851,
      "rev_growth_yoy": -0.04536561702036922,
      "rev_growth_yoy_accel": -0.030489704678246056,
      "fcf_margin_change": 0.05853114351093258
    },
    {
      "date": "2025-09-30T00:00:00",
      "quarter_label": "2025-09 (Q3)",
      "revenue": 143556000,
      "gross_profit": 31937000,
      "operating_income": 29806000,
      "net_income": 5742000,
      "opex": 154720000,
      "cogs": 111619000,
      "rd": null,
      "sga": null,
      "fcf": -5760000,
      "ocf": -5760000,
      "capex": null,
      "gross_margin": 0.22247067346540722,
      "op_margin": 0.207626292178662,
      "fcf_margin": -0.04012371478726072,
      "incr_op_margin_yoy": 8.369062370921107,
      "rev_growth_yoy": -0.03262847208183399,
      "rev_growth_yoy_accel": 0.012737144938535228,
      "fcf_margin_change": -0.16883371104585337
    }
  ],
  "signals": [
    {
      "quarter": "2025-09 (Q3)",
      "signal": "INCREMENTAL MARGIN (YoY)",
      "detail": "YoY Incr OPM: +836.9% vs year-ago OPM: +47.4%",
      "severity": "HIGH"
    },
    {
      "quarter": "2025-06 (Q2)",
      "signal": "FCF MARGIN EXPANSION",
      "detail": "FCF margin: +7.0% -> +12.9% (+5.9%)",
      "severity": "MEDIUM"
    },
    {
      "quarter": "2025-03 (Q1)",
      "signal": "OPERATING LEVERAGE",
      "detail": "Rev growth +24.5% vs OpEx growth +5.6% (leverage: 4.3x)",
      "severity": "MEDIUM"
    },
    {
      "quarter": "2025-03 (Q1)",
      "signal": "INCREMENTAL MARGIN (YoY)",
      "detail": "YoY Incr OPM: +175.7% vs year-ago OPM: +19.4%",
      "severity": "HIGH"
    },
    {
      "quarter": "2024-12 (Q4)",
      "signal": "OPERATING LEVERAGE",
      "detail": "Rev growth +16.8% vs OpEx growth +1.9% (leverage: 8.6x)",
      "severity": "MEDIUM"
    },
    {
      "quarter": "2024-12 (Q4)",
      "signal": "GROSS MARGIN INFLECTION",
      "detail": "GM: +31.6% -> +23.4% -> +28.7% (reversal +5.3%)",
      "severity": "HIGH"
    },
    {
      "quarter": "2024-12 (Q4)",
      "signal": "INCREMENTAL MARGIN (YoY)",
      "detail": "YoY Incr OPM: +49.1% vs year-ago OPM: +3.3%",
      "severity": "HIGH"
    },
    {
      "quarter": "2024-09 (Q3)",
      "signal": "YoY REVENUE GROWTH DECELERATION",
      "detail": "YoY growth: -7.1% vs prior quarter YoY: +0.5% (decel: -7.6%)",
      "severity": "WARNING"
    },
    {
      "quarter": "2024-03 (Q1)",
      "signal": "FCF MARGIN EXPANSION",
      "detail": "FCF margin: +6.6% -> +16.5% (+9.9%)",
      "severity": "MEDIUM"
    },
    {
      "quarter": "2024-03 (Q1)",
      "signal": "OPERATING LEVERAGE",
      "detail": "Rev growth +23.4% vs OpEx growth +2.9% (leverage: 8.2x)",
      "severity": "MEDIUM"
    },
    {
      "quarter": "2024-03 (Q1)",
      "signal": "INCREMENTAL MARGIN (YoY)",
      "detail": "YoY Incr OPM: +123.6% vs year-ago OPM: +17.6%",
      "severity": "HIGH"
    },
    {
      "quarter": "2023-12 (Q4)",
      "signal": "GROSS MARGIN INFLECTION",
      "detail": "GM: +32.9% -> +27.1% -> +30.5% (reversal +3.4%)",
      "severity": "MEDIUM"
    },
    {
      "quarter": "2023-09 (Q3)",
      "signal": "YoY REVENUE GROWTH DECELERATION",
      "detail": "YoY growth: -0.9% vs prior quarter YoY: +6.8% (decel: -7.6%)",
      "severity": "WARNING"
    },
    {
      "quarter": "2023-09 (Q3)",
      "signal": "INCREMENTAL MARGIN (YoY)",
      "detail": "YoY Incr OPM: +177.1% vs year-ago OPM: +1.9%",
      "severity": "HIGH"
    },
    {
      "quarter": "2023-06 (Q2)",
      "signal": "YoY REVENUE GROWTH DECELERATION",
      "detail": "YoY growth: +6.8% vs prior quarter YoY: +33.0% (decel: -26.2%)",
      "severity": "WARNING"
    },
    {
      "quarter": "2023-03 (Q1)",
      "signal": "FCF MARGIN EXPANSION",
      "detail": "FCF margin: +3.2% -> +19.7% (+16.5%)",
      "severity": "MEDIUM"
    },
    {
      "quarter": "2023-03 (Q1)",
      "signal": "OPERATING LEVERAGE",
      "detail": "Rev growth +25.5% vs OpEx growth +11.2% (leverage: 2.3x)",
      "severity": "MEDIUM"
    },
    {
      "quarter": "2023-03 (Q1)",
      "signal": "GROSS MARGIN INFLECTION",
      "detail": "GM: +30.1% -> +29.7% -> +36.8% (reversal +7.0%)",
      "severity": "HIGH"
    },
    {
      "quarter": "2022-12 (Q4)",
      "signal": "OPERATING LEVERAGE",
      "detail": "Rev growth +6.5% vs OpEx growth +0.9% (leverage: 6.9x)",
      "severity": "MEDIUM"
    },
    {
      "quarter": "2022-12 (Q4)",
      "signal": "YoY REVENUE GROWTH DECELERATION",
      "detail": "YoY growth: +31.6% vs prior quarter YoY: +38.7% (decel: -7.1%)",
      "severity": "WARNING"
    },
    {
      "quarter": "2022-09 (Q3)",
      "signal": "YoY REVENUE GROWTH DECELERATION",
      "detail": "YoY growth: +38.7% vs prior quarter YoY: +80.1% (decel: -41.4%)",
      "severity": "WARNING"
    },
    {
      "quarter": "2022-06 (Q2)",
      "signal": "FCF MARGIN EXPANSION",
      "detail": "FCF margin: +17.8% -> +29.2% (+11.4%)",
      "severity": "MEDIUM"
    },
    {
      "quarter": "2022-06 (Q2)",
      "signal": "YoY REVENUE GROWTH DECELERATION",
      "detail": "YoY growth: +80.1% vs prior quarter YoY: +93.1% (decel: -13.0%)",
      "severity": "WARNING"
    },
    {
      "quarter": "2022-06 (Q2)",
      "signal": "OP MARGIN TURNED POSITIVE (YoY)",
      "detail": "Op margin: -2.9% (year-ago) -> +15.3%",
      "severity": "HIGH"
    },
    {
      "quarter": "2022-03 (Q1)",
      "signal": "FCF MARGIN EXPANSION",
      "detail": "FCF margin: +6.8% -> +17.8% (+11.0%)",
      "severity": "MEDIUM"
    },
    {
      "quarter": "2022-03 (Q1)",
      "signal": "OPERATING LEVERAGE",
      "detail": "Rev growth +24.1% vs OpEx growth +9.6% (leverage: 2.5x)",
      "severity": "MEDIUM"
    },
    {
      "quarter": "2022-03 (Q1)",
      "signal": "GROSS MARGIN INFLECTION",
      "detail": "GM: +33.7% -> +32.7% -> +39.1% (reversal +6.4%)",
      "severity": "HIGH"
    },
    {
      "quarter": "2022-03 (Q1)",
      "signal": "YoY REVENUE GROWTH DECELERATION",
      "detail": "YoY growth: +93.1% vs prior quarter YoY: +151.7% (decel: -58.7%)",
      "severity": "WARNING"
    },
    {
      "quarter": "2022-03 (Q1)",
      "signal": "OP MARGIN TURNED POSITIVE (YoY)",
      "detail": "Op margin: -4.4% (year-ago) -> +16.3%",
      "severity": "HIGH"
    },
    {
      "quarter": "2021-12 (Q4)",
      "signal": "OPERATING LEVERAGE",
      "detail": "Rev growth +12.2% vs OpEx growth +7.3% (leverage: 1.7x)",
      "severity": "MEDIUM"
    },
    {
      "quarter": "2021-12 (Q4)",
      "signal": "OP MARGIN TURNED POSITIVE (YoY)",
      "detail": "Op margin: -43.3% (year-ago) -> +5.3%",
      "severity": "HIGH"
    },
    {
      "quarter": "2021-09 (Q3)",
      "signal": "OP MARGIN TURNED POSITIVE (QoQ)",
      "detail": "Op margin: -2.9% -> +0.9%",
      "severity": "HIGH"
    },
    {
      "quarter": "2021-06 (Q2)",
      "signal": "FCF MARGIN EXPANSION",
      "detail": "FCF margin: +14.3% -> +20.1% (+5.9%)",
      "severity": "MEDIUM"
    },
    {
      "quarter": "2021-03 (Q1)",
      "signal": "FCF TURNED POSITIVE",
      "detail": "FCF margin: -28.3% -> +14.3%",
      "severity": "HIGH"
    },
    {
      "quarter": "2021-03 (Q1)",
      "signal": "OPERATING LEVERAGE",
      "detail": "Rev growth +61.9% vs OpEx growth +18.6% (leverage: 3.3x)",
      "severity": "MEDIUM"
    }
  ],
  "data_quality": {
    "n_quarters": 20,
    "coverage": {
      "revenue": [
        20,
        20
      ],
      "gross_profit": [
        20,
        20
      ],
      "op_income": [
        20,
        20
      ],
      "fcf": [
        20,
        20
      ]
    },
    "gaps": [],
    "warnings": []
  },
  "market_cap": null,
  "source": "SEC EDGAR",
  "last_updated": "2026-02-02T22:58:38.565893",
  "sector": "Real Estate",
  "industry": "REIT - Hotel & Motel"
}