{
  "ticker": "BILL",
  "name": "BILL HOLDINGS, INC.",
  "sector": "Technology",
  "industry": "Software - Application",
  "quarters": [
    {
      "date": "2021-03-31T00:00:00",
      "quarter_label": "2021-03 (Q1)",
      "revenue": 59738000,
      "gross_profit": 44304000,
      "operating_income": -15296000,
      "net_income": -26728000,
      "opex": 59600000,
      "cogs": 15434000,
      "rd": 22286000,
      "sga": null,
      "fcf": -5006000,
      "ocf": -1580000,
      "capex": -3426000,
      "gross_margin": 0.7416384880645486,
      "op_margin": -0.2560514245538853,
      "fcf_margin": -0.08379925675449462
    },
    {
      "date": "2021-06-30T00:00:00",
      "quarter_label": "2021-06 (Q2)",
      "revenue": 78273000,
      "gross_profit": 57980000,
      "operating_income": -70719000,
      "net_income": -41862000,
      "opex": 128699000,
      "cogs": 20293000,
      "rd": 29677000,
      "sga": null,
      "fcf": 15946000,
      "ocf": 17786000,
      "capex": -1840000,
      "gross_margin": 0.7407407407407407,
      "op_margin": -0.9034916254647196,
      "fcf_margin": 0.20372286739999745,
      "op_leverage_ratio": 0.2676186707533057,
      "fcf_margin_change": 0.2875221241544921
    },
    {
      "date": "2021-09-30T00:00:00",
      "quarter_label": "2021-09 (Q3)",
      "revenue": 116403000,
      "gross_profit": 86568000,
      "operating_income": -76151000,
      "net_income": -75685000,
      "opex": 162719000,
      "cogs": 29835000,
      "rd": 42472000,
      "sga": null,
      "fcf": -22538000,
      "ocf": -21134000,
      "capex": -1404000,
      "gross_margin": 0.7436921728821422,
      "op_margin": -0.6542013521988265,
      "fcf_margin": -0.19362043933575596,
      "op_leverage_ratio": 1.842874195279665,
      "fcf_margin_change": -0.3973433067357534
    },
    {
      "date": "2021-12-31T00:00:00",
      "quarter_label": "2021-12 (Q4)",
      "revenue": 156478000,
      "gross_profit": 122092000,
      "operating_income": -76075000,
      "net_income": -80440000,
      "opex": 198167000,
      "cogs": 34386000,
      "rd": 51954000,
      "sga": null,
      "fcf": -13993000,
      "ocf": -12930000,
      "capex": -1063000,
      "gross_margin": 0.7802502588223265,
      "op_margin": -0.48617057988982476,
      "fcf_margin": -0.08942471146103606,
      "op_leverage_ratio": 1.5803594848121143,
      "fcf_margin_change": 0.1041957278747199
    },
    {
      "date": "2022-03-31T00:00:00",
      "quarter_label": "2022-03 (Q1)",
      "revenue": 166911000,
      "gross_profit": 129569000,
      "operating_income": -83183000,
      "net_income": -86720000,
      "opex": 212752000,
      "cogs": 37342000,
      "rd": 60230000,
      "sga": null,
      "fcf": 25154000,
      "ocf": 26445000,
      "capex": -1291000,
      "gross_margin": 0.7762759794141788,
      "op_margin": -0.49836739340127373,
      "fcf_margin": 0.1507030693004056,
      "incr_op_margin_yoy": -0.6334337939592994,
      "rev_growth_yoy": 1.7940506880042855,
      "op_leverage_ratio": 0.905901173142535,
      "fcf_margin_change": 0.24012778076144167
    },
    {
      "date": "2022-06-30T00:00:00",
      "quarter_label": "2022-06 (Q2)",
      "revenue": 200221000,
      "gross_profit": 156780000,
      "operating_income": -83355000,
      "net_income": -84942000,
      "opex": 240135000,
      "cogs": 43441000,
      "rd": 65162000,
      "sga": null,
      "fcf": -12093000,
      "ocf": -10474000,
      "capex": -1619000,
      "gross_margin": 0.7830347466050015,
      "op_margin": -0.41631497195598866,
      "fcf_margin": -0.06039825992278532,
      "incr_op_margin_yoy": -0.10361793551349756,
      "rev_growth_yoy": 1.5579829570860961,
      "rev_growth_yoy_accel": -0.23606773091818933,
      "op_leverage_ratio": 1.5505375871337224,
      "fcf_margin_change": -0.21110132922319094
    },
    {
      "date": "2022-09-30T00:00:00",
      "quarter_label": "2022-09 (Q3)",
      "revenue": 229924000,
      "gross_profit": 184817000,
      "operating_income": -87694000,
      "net_income": -81640000,
      "opex": 272511000,
      "cogs": 45107000,
      "rd": 75121000,
      "sga": null,
      "fcf": 16776000,
      "ocf": 18152000,
      "capex": -1376000,
      "gross_margin": 0.8038177832675145,
      "op_margin": -0.38140429011325483,
      "fcf_margin": 0.0729632400271394,
      "incr_op_margin_yoy": -0.10168162718792118,
      "rev_growth_yoy": 0.9752411879418915,
      "rev_growth_yoy_accel": -0.5827417691442046,
      "op_leverage_ratio": 1.1003300188539995,
      "fcf_margin_change": 0.13336149994992472
    },
    {
      "date": "2022-12-31T00:00:00",
      "quarter_label": "2022-12 (Q4)",
      "revenue": 260006000,
      "gross_profit": 212539000,
      "operating_income": -112463000,
      "net_income": -95076000,
      "opex": 325002000,
      "cogs": 47467000,
      "rd": 78910000,
      "sga": null,
      "fcf": 53445000,
      "ocf": 55230000,
      "capex": -1785000,
      "gross_margin": 0.8174388283347307,
      "op_margin": -0.43254001830726985,
      "fcf_margin": 0.20555294877810512,
      "incr_op_margin_yoy": -0.3514797929062669,
      "rev_growth_yoy": 0.6616137731821726,
      "rev_growth_yoy_accel": -0.3136274147597189,
      "op_leverage_ratio": 0.6792374009152102,
      "fcf_margin_change": 0.1325897087509657
    },
    {
      "date": "2023-03-31T00:00:00",
      "quarter_label": "2023-03 (Q1)",
      "revenue": 272555000,
      "gross_profit": 223705000,
      "operating_income": -54218000,
      "net_income": -31138000,
      "opex": 277923000,
      "cogs": 48850000,
      "rd": 78761000,
      "sga": null,
      "fcf": 30693000,
      "ocf": 34031000,
      "capex": -3338000,
      "gross_margin": 0.8207701197923355,
      "op_margin": -0.1989249876171782,
      "fcf_margin": 0.11261213333088735,
      "incr_op_margin_yoy": 0.2741755329218886,
      "rev_growth_yoy": 0.6329361156544506,
      "rev_growth_yoy_accel": -0.028677657527722,
      "op_leverage_ratio": null,
      "fcf_margin_change": -0.09294081544721777
    },
    {
      "date": "2023-06-30T00:00:00",
      "quarter_label": "2023-06 (Q2)",
      "revenue": 295983000,
      "gross_profit": 243431000,
      "operating_income": -41398000,
      "net_income": -15871000,
      "opex": 284829000,
      "cogs": 52552000,
      "rd": 81841000,
      "sga": null,
      "fcf": 79265000,
      "ocf": 80355000,
      "capex": -1090000,
      "gross_margin": 0.8224492622887125,
      "op_margin": -0.1398661409607984,
      "fcf_margin": 0.2678025427136018,
      "incr_op_margin_yoy": 0.4381383012050709,
      "rev_growth_yoy": 0.4782814989436672,
      "rev_growth_yoy_accel": -0.1546546167107834,
      "op_leverage_ratio": 3.4592263215160854,
      "fcf_margin_change": 0.15519040938271447
    },
    {
      "date": "2023-09-30T00:00:00",
      "quarter_label": "2023-09 (Q3)",
      "revenue": 304985000,
      "gross_profit": 248959000,
      "operating_income": -56647000,
      "net_income": -27861000,
      "opex": 305606000,
      "cogs": 56026000,
      "rd": 89065000,
      "sga": null,
      "fcf": 53258000,
      "ocf": 53661000,
      "capex": -403000,
      "gross_margin": 0.8162991622538813,
      "op_margin": -0.1857370034591865,
      "fcf_margin": 0.17462498155647,
      "incr_op_margin_yoy": 0.4136235861499314,
      "rev_growth_yoy": 0.3264600476679251,
      "rev_growth_yoy_accel": -0.15182145127574215,
      "op_leverage_ratio": 0.4169400423570341,
      "fcf_margin_change": -0.09317756115713183
    },
    {
      "date": "2023-12-31T00:00:00",
      "quarter_label": "2023-12 (Q4)",
      "revenue": 318495000,
      "gross_profit": 260118000,
      "operating_income": -67674000,
      "net_income": -40421000,
      "opex": 327792000,
      "cogs": 58377000,
      "rd": 86489000,
      "sga": null,
      "fcf": 79329000,
      "ocf": 79681000,
      "capex": -352000,
      "gross_margin": 0.8167098384590025,
      "op_margin": -0.2124805726934489,
      "fcf_margin": 0.24907455376065557,
      "incr_op_margin_yoy": 0.7657679221734002,
      "rev_growth_yoy": 0.22495250109612855,
      "rev_growth_yoy_accel": -0.10150754657179653,
      "op_leverage_ratio": 0.6101824843948231,
      "fcf_margin_change": 0.07444957220418558
    },
    {
      "date": "2024-03-31T00:00:00",
      "quarter_label": "2024-03 (Q1)",
      "revenue": 323028000,
      "gross_profit": 268016000,
      "operating_income": -27622000,
      "net_income": 31809000,
      "opex": 295638000,
      "cogs": 55012000,
      "rd": 81594000,
      "sga": null,
      "fcf": 66793000,
      "ocf": 66809000,
      "capex": -16000,
      "gross_margin": 0.8296989734636007,
      "op_margin": -0.08550961526554973,
      "fcf_margin": 0.20677154921554788,
      "incr_op_margin_yoy": 0.5269351930735244,
      "rev_growth_yoy": 0.1851846416319642,
      "rev_growth_yoy_accel": -0.03976785946416436,
      "op_leverage_ratio": null,
      "fcf_margin_change": -0.042303004545107686
    },
    {
      "date": "2024-06-30T00:00:00",
      "quarter_label": "2024-06 (Q2)",
      "revenue": 343664000,
      "gross_profit": 278463000,
      "operating_income": -22224000,
      "net_income": 7595000,
      "opex": 300687000,
      "cogs": 65201000,
      "rd": 79609000,
      "sga": null,
      "fcf": 78415000,
      "ocf": 78620000,
      "capex": -205000,
      "gross_margin": 0.8102768983658457,
      "op_margin": -0.06466781507518972,
      "fcf_margin": 0.22817344848456633,
      "incr_op_margin_yoy": 0.40213082779304127,
      "rev_growth_yoy": 0.16109371146315835,
      "rev_growth_yoy_accel": -0.02409093016880584,
      "op_leverage_ratio": 3.7405910946751333,
      "fcf_margin_change": 0.02140189926901845
    },
    {
      "date": "2024-09-30T00:00:00",
      "quarter_label": "2024-09 (Q3)",
      "revenue": 358450000,
      "gross_profit": 293754000,
      "operating_income": -7698000,
      "net_income": 8912000,
      "opex": 301452000,
      "cogs": 64696000,
      "rd": 78685000,
      "sga": null,
      "fcf": 88565000,
      "ocf": 88582000,
      "capex": -17000,
      "gross_margin": 0.8195117868600921,
      "op_margin": -0.02147579857720742,
      "fcf_margin": 0.24707769563397963,
      "incr_op_margin_yoy": 0.9155335266061909,
      "rev_growth_yoy": 0.17530370346082594,
      "rev_growth_yoy_accel": 0.014209991997667593,
      "op_leverage_ratio": 16.911022918874707,
      "fcf_margin_change": 0.0189042471494133
    },
    {
      "date": "2024-12-31T00:00:00",
      "quarter_label": "2024-12 (Q4)",
      "revenue": 362554000,
      "gross_profit": 295946000,
      "operating_income": -21710000,
      "net_income": 33548000,
      "opex": 317656000,
      "cogs": 66608000,
      "rd": 84784000,
      "sga": null,
      "fcf": 78334000,
      "ocf": 78716000,
      "capex": -382000,
      "gross_margin": 0.8162811608753454,
      "op_margin": -0.05988073500775057,
      "fcf_margin": 0.21606160737434976,
      "incr_op_margin_yoy": 1.0432374770194512,
      "rev_growth_yoy": 0.1383349817108589,
      "rev_growth_yoy_accel": -0.03696872174996704,
      "op_leverage_ratio": 0.21299759631169324,
      "fcf_margin_change": -0.03101608825962987
    },
    {
      "date": "2025-03-31T00:00:00",
      "quarter_label": "2025-03 (Q1)",
      "revenue": 358217000,
      "gross_profit": 291005000,
      "operating_income": -28946000,
      "net_income": -11589000,
      "opex": 319951000,
      "cogs": 67212000,
      "rd": 86540000,
      "sga": null,
      "fcf": 98383000,
      "ocf": 99530000,
      "capex": -1147000,
      "gross_margin": 0.8123707138410516,
      "op_margin": -0.08080576857044752,
      "fcf_margin": 0.27464637356686034,
      "incr_op_margin_yoy": -0.037625394299354915,
      "rev_growth_yoy": 0.10893482917889472,
      "rev_growth_yoy_accel": -0.02940015253196418,
      "fcf_margin_change": 0.05858476619251057
    },
    {
      "date": "2025-06-30T00:00:00",
      "quarter_label": "2025-06 (Q2)",
      "revenue": 383349000,
      "gross_profit": 309761000,
      "operating_income": -22249000,
      "net_income": -7072000,
      "opex": 332010000,
      "cogs": 73588000,
      "rd": 90050000,
      "sga": null,
      "fcf": 81027000,
      "ocf": 83816000,
      "capex": -2789000,
      "gross_margin": 0.8080391497043165,
      "op_margin": -0.05803849755705636,
      "fcf_margin": 0.2113661441662819,
      "incr_op_margin_yoy": -0.0006299609424215699,
      "rev_growth_yoy": 0.1154761627636296,
      "rev_growth_yoy_accel": 0.006541333584734882,
      "op_leverage_ratio": 1.8614571155125463,
      "fcf_margin_change": -0.06328022940057842
    },
    {
      "date": "2025-09-30T00:00:00",
      "quarter_label": "2025-09 (Q3)",
      "revenue": 395741000,
      "gross_profit": 318738000,
      "operating_income": -20719000,
      "net_income": -2962000,
      "opex": 339457000,
      "cogs": 77003000,
      "rd": 80289000,
      "sga": null,
      "fcf": 95556000,
      "ocf": 96855000,
      "capex": -1299000,
      "gross_margin": 0.8054207170851643,
      "op_margin": -0.05235494932291575,
      "fcf_margin": 0.24146095552394117,
      "incr_op_margin_yoy": -0.3491727226408517,
      "rev_growth_yoy": 0.10403403543032501,
      "rev_growth_yoy_accel": -0.011442127333304589,
      "op_leverage_ratio": 1.4411755344249944,
      "fcf_margin_change": 0.030094811357659262
    },
    {
      "date": "2025-12-31T00:00:00",
      "quarter_label": "2025-12 (Q4)",
      "revenue": 414671000,
      "gross_profit": 331083000,
      "operating_income": -18076000,
      "net_income": -2588000,
      "opex": 349159000,
      "cogs": 83588000,
      "rd": 82806000,
      "sga": null,
      "fcf": 103825000,
      "ocf": 105317000,
      "capex": -1492000,
      "gross_margin": 0.7984233283735781,
      "op_margin": -0.04359118433649809,
      "fcf_margin": 0.2503792162943635,
      "incr_op_margin_yoy": 0.06972772799662298,
      "rev_growth_yoy": 0.1437496207461509,
      "rev_growth_yoy_accel": 0.039715585315825905,
      "op_leverage_ratio": 1.6736439254901005,
      "fcf_margin_change": 0.00891826077042232
    }
  ],
  "signals": [
    {
      "quarter": "2025-12 (Q4)",
      "signal": "OPERATING LEVERAGE",
      "detail": "Rev growth +4.8% vs OpEx growth +2.9% (leverage: 1.7x)",
      "severity": "MEDIUM"
    },
    {
      "quarter": "2025-06 (Q2)",
      "signal": "OPERATING LEVERAGE",
      "detail": "Rev growth +7.0% vs OpEx growth +3.8% (leverage: 1.9x)",
      "severity": "MEDIUM"
    },
    {
      "quarter": "2025-03 (Q1)",
      "signal": "FCF MARGIN EXPANSION",
      "detail": "FCF margin: +21.6% -> +27.5% (+5.9%)",
      "severity": "MEDIUM"
    },
    {
      "quarter": "2024-09 (Q3)",
      "signal": "OPERATING LEVERAGE",
      "detail": "Rev growth +4.3% vs OpEx growth +0.3% (leverage: 16.9x)",
      "severity": "MEDIUM"
    },
    {
      "quarter": "2024-06 (Q2)",
      "signal": "OPERATING LEVERAGE",
      "detail": "Rev growth +6.4% vs OpEx growth +1.7% (leverage: 3.7x)",
      "severity": "MEDIUM"
    },
    {
      "quarter": "2023-12 (Q4)",
      "signal": "FCF MARGIN EXPANSION",
      "detail": "FCF margin: +17.5% -> +24.9% (+7.4%)",
      "severity": "MEDIUM"
    },
    {
      "quarter": "2023-12 (Q4)",
      "signal": "YoY REVENUE GROWTH DECELERATION",
      "detail": "YoY growth: +22.5% vs prior quarter YoY: +32.6% (decel: -10.2%)",
      "severity": "WARNING"
    },
    {
      "quarter": "2023-09 (Q3)",
      "signal": "YoY REVENUE GROWTH DECELERATION",
      "detail": "YoY growth: +32.6% vs prior quarter YoY: +47.8% (decel: -15.2%)",
      "severity": "WARNING"
    },
    {
      "quarter": "2023-06 (Q2)",
      "signal": "FCF MARGIN EXPANSION",
      "detail": "FCF margin: +11.3% -> +26.8% (+15.5%)",
      "severity": "MEDIUM"
    },
    {
      "quarter": "2023-06 (Q2)",
      "signal": "OPERATING LEVERAGE",
      "detail": "Rev growth +8.6% vs OpEx growth +2.5% (leverage: 3.5x)",
      "severity": "MEDIUM"
    },
    {
      "quarter": "2023-06 (Q2)",
      "signal": "YoY REVENUE GROWTH DECELERATION",
      "detail": "YoY growth: +47.8% vs prior quarter YoY: +63.3% (decel: -15.5%)",
      "severity": "WARNING"
    },
    {
      "quarter": "2022-12 (Q4)",
      "signal": "FCF MARGIN EXPANSION",
      "detail": "FCF margin: +7.3% -> +20.6% (+13.3%)",
      "severity": "MEDIUM"
    },
    {
      "quarter": "2022-12 (Q4)",
      "signal": "YoY REVENUE GROWTH DECELERATION",
      "detail": "YoY growth: +66.2% vs prior quarter YoY: +97.5% (decel: -31.4%)",
      "severity": "WARNING"
    },
    {
      "quarter": "2022-09 (Q3)",
      "signal": "FCF TURNED POSITIVE",
      "detail": "FCF margin: -6.0% -> +7.3%",
      "severity": "HIGH"
    },
    {
      "quarter": "2022-09 (Q3)",
      "signal": "YoY REVENUE GROWTH DECELERATION",
      "detail": "YoY growth: +97.5% vs prior quarter YoY: +155.8% (decel: -58.3%)",
      "severity": "WARNING"
    },
    {
      "quarter": "2022-06 (Q2)",
      "signal": "OPERATING LEVERAGE",
      "detail": "Rev growth +20.0% vs OpEx growth +12.9% (leverage: 1.6x)",
      "severity": "MEDIUM"
    },
    {
      "quarter": "2022-06 (Q2)",
      "signal": "YoY REVENUE GROWTH DECELERATION",
      "detail": "YoY growth: +155.8% vs prior quarter YoY: +179.4% (decel: -23.6%)",
      "severity": "WARNING"
    },
    {
      "quarter": "2022-03 (Q1)",
      "signal": "FCF TURNED POSITIVE",
      "detail": "FCF margin: -8.9% -> +15.1%",
      "severity": "HIGH"
    },
    {
      "quarter": "2021-12 (Q4)",
      "signal": "FCF MARGIN EXPANSION",
      "detail": "FCF margin: -19.4% -> -8.9% (+10.4%)",
      "severity": "MEDIUM"
    },
    {
      "quarter": "2021-12 (Q4)",
      "signal": "OPERATING LEVERAGE",
      "detail": "Rev growth +34.4% vs OpEx growth +21.8% (leverage: 1.6x)",
      "severity": "MEDIUM"
    },
    {
      "quarter": "2021-09 (Q3)",
      "signal": "OPERATING LEVERAGE",
      "detail": "Rev growth +48.7% vs OpEx growth +26.4% (leverage: 1.8x)",
      "severity": "MEDIUM"
    },
    {
      "quarter": "2021-06 (Q2)",
      "signal": "FCF TURNED POSITIVE",
      "detail": "FCF margin: -8.4% -> +20.4%",
      "severity": "HIGH"
    }
  ],
  "data_quality": {
    "n_quarters": 20,
    "coverage": {
      "revenue": [
        20,
        20
      ],
      "gross_profit": [
        20,
        20
      ],
      "op_income": [
        20,
        20
      ],
      "fcf": [
        20,
        20
      ]
    },
    "gaps": [],
    "warnings": []
  },
  "market_cap": null,
  "source": "SEC EDGAR",
  "last_updated": "2026-02-09T19:07:09.694936"
}