{
  "ticker": "BIO",
  "name": "BIO-RAD LABORATORIES, INC.",
  "sector": "Healthcare",
  "industry": "Medical Devices",
  "quarters": [
    {
      "date": "2021-03-31T00:00:00",
      "quarter_label": "2021-03 (Q1)",
      "revenue": 726796000,
      "gross_profit": 400627000,
      "operating_income": 100862000,
      "net_income": 977414000,
      "opex": 299765000,
      "cogs": 326169000,
      "rd": 73912000,
      "sga": 225853000,
      "fcf": 94063000,
      "ocf": 113610000,
      "capex": -19547000,
      "gross_margin": 0.5512234519727681,
      "op_margin": 0.13877621781077495,
      "fcf_margin": 0.1294214607675331
    },
    {
      "date": "2021-06-30T00:00:00",
      "quarter_label": "2021-06 (Q2)",
      "revenue": 715931000,
      "gross_profit": 401598000,
      "operating_income": 124782000,
      "net_income": 914114000,
      "opex": 276816000,
      "cogs": 314333000,
      "rd": 63391000,
      "sga": 213425000,
      "fcf": 131236000,
      "ocf": 154624000,
      "capex": -23388000,
      "gross_margin": 0.5609451190128658,
      "op_margin": 0.17429333273737274,
      "fcf_margin": 0.18330816796590732,
      "fcf_margin_change": 0.05388670719837421
    },
    {
      "date": "2021-09-30T00:00:00",
      "quarter_label": "2021-09 (Q3)",
      "revenue": 747049000,
      "gross_profit": 437435000,
      "operating_income": 156804000,
      "net_income": 3928033000,
      "opex": 280631000,
      "cogs": 309614000,
      "rd": 64481000,
      "sga": 216150000,
      "fcf": 195735000,
      "ocf": 230363000,
      "capex": -34628000,
      "gross_margin": 0.5855506131458579,
      "op_margin": 0.20989787818469738,
      "fcf_margin": 0.26201092565547907,
      "op_leverage_ratio": 3.1538218310146244,
      "fcf_margin_change": 0.07870275768957175
    },
    {
      "date": "2021-12-31T00:00:00",
      "quarter_label": "2021-12 (Q4)",
      "revenue": 732800000,
      "gross_profit": 401000000,
      "operating_income": 106982000,
      "net_income": -1573700000,
      "opex": 294018000,
      "cogs": 331768000,
      "rd": 69873000,
      "sga": 224146000,
      "fcf": 114684000,
      "ocf": 170867000,
      "capex": -56183000,
      "gross_margin": 0.5472161572052402,
      "op_margin": 0.14599072052401746,
      "fcf_margin": 0.15650109170305676,
      "fcf_margin_change": -0.1055098339524223
    },
    {
      "date": "2022-03-31T00:00:00",
      "quarter_label": "2022-03 (Q1)",
      "revenue": 700062000,
      "gross_profit": 403560000,
      "operating_income": 143423000,
      "net_income": -3369613000,
      "opex": 260137000,
      "cogs": 296502000,
      "rd": 62543000,
      "sga": 197594000,
      "fcf": 17416000,
      "ocf": 50494000,
      "capex": -33078000,
      "gross_margin": 0.5764632275427034,
      "op_margin": 0.20487185420719878,
      "fcf_margin": 0.024877796538020917,
      "incr_op_margin_yoy": -1.5920176554200642,
      "rev_growth_yoy": -0.03678336149345896,
      "fcf_margin_change": -0.13162329516503585
    },
    {
      "date": "2022-06-30T00:00:00",
      "quarter_label": "2022-06 (Q2)",
      "revenue": 691099000,
      "gross_profit": 395981000,
      "operating_income": 120217000,
      "net_income": -927184000,
      "opex": 275764000,
      "cogs": 295118000,
      "rd": 67034000,
      "sga": 208730000,
      "fcf": 35935000,
      "ocf": 53269000,
      "capex": -17334000,
      "gross_margin": 0.572972902579804,
      "op_margin": 0.17395047598100996,
      "fcf_margin": 0.05199689190694821,
      "incr_op_margin_yoy": 0.1838353737113402,
      "rev_growth_yoy": -0.0346849067857098,
      "rev_growth_yoy_accel": 0.0020984547077491644,
      "fcf_margin_change": 0.02711909536892729
    },
    {
      "date": "2022-09-30T00:00:00",
      "quarter_label": "2022-09 (Q3)",
      "revenue": 680800000,
      "gross_profit": 373792000,
      "operating_income": 92796000,
      "net_income": -164232000,
      "opex": 280996000,
      "cogs": 307008000,
      "rd": 69949000,
      "sga": 211047000,
      "fcf": -16548000,
      "ocf": 11027000,
      "capex": -27575000,
      "gross_margin": 0.549048178613396,
      "op_margin": 0.13630434782608697,
      "fcf_margin": -0.024306698002350177,
      "incr_op_margin_yoy": 0.9661730743105557,
      "rev_growth_yoy": -0.08868092989884198,
      "rev_growth_yoy_accel": -0.05399602311313218,
      "fcf_margin_change": -0.07630358990929839
    },
    {
      "date": "2022-12-31T00:00:00",
      "quarter_label": "2022-12 (Q4)",
      "revenue": 730300000,
      "gross_profit": 397100000,
      "operating_income": 126180000,
      "net_income": 827700000,
      "opex": 270920000,
      "cogs": 336291000,
      "rd": 57363000,
      "sga": 210454000,
      "fcf": 44797000,
      "ocf": 79610000,
      "capex": -34813000,
      "gross_margin": 0.5437491441873202,
      "op_margin": 0.17277831028344515,
      "fcf_margin": 0.06134054498151444,
      "incr_op_margin_yoy": -7.6792,
      "rev_growth_yoy": -0.003411572052401747,
      "rev_growth_yoy_accel": 0.08526935784644023,
      "op_leverage_ratio": null,
      "fcf_margin_change": 0.08564724298386461
    },
    {
      "date": "2023-03-31T00:00:00",
      "quarter_label": "2023-03 (Q1)",
      "revenue": 676844000,
      "gross_profit": 362417000,
      "operating_income": 61913000,
      "net_income": 68962000,
      "opex": 300504000,
      "cogs": 314427000,
      "rd": 74951000,
      "sga": 225553000,
      "fcf": 62394000,
      "ocf": 98119000,
      "capex": -35725000,
      "gross_margin": 0.5354513004473704,
      "op_margin": 0.09147307208160226,
      "fcf_margin": 0.09218372328040139,
      "incr_op_margin_yoy": 3.5106382978723403,
      "rev_growth_yoy": -0.03316563390099734,
      "rev_growth_yoy_accel": -0.02975406184859559,
      "fcf_margin_change": 0.03084317829888695
    },
    {
      "date": "2023-06-30T00:00:00",
      "quarter_label": "2023-06 (Q2)",
      "revenue": 681110000,
      "gross_profit": 362483000,
      "operating_income": 89617000,
      "net_income": -1162251000,
      "opex": 272866000,
      "cogs": 318627000,
      "rd": 65042000,
      "sga": 207824000,
      "fcf": 63427000,
      "ocf": 98066000,
      "capex": -34639000,
      "gross_margin": 0.5321945060269266,
      "op_margin": 0.13157492915975394,
      "fcf_margin": 0.09312299041270866,
      "incr_op_margin_yoy": 3.063369706677345,
      "rev_growth_yoy": -0.014453790267385715,
      "rev_growth_yoy_accel": 0.018711843633611624,
      "fcf_margin_change": 0.0009392671323072699
    },
    {
      "date": "2023-09-30T00:00:00",
      "quarter_label": "2023-09 (Q3)",
      "revenue": 632124000,
      "gross_profit": 335683000,
      "operating_income": 90949000,
      "net_income": 106257000,
      "opex": 244734000,
      "cogs": 296441000,
      "rd": 43535000,
      "sga": 201199000,
      "fcf": 53640000,
      "ocf": 97711000,
      "capex": -44071000,
      "gross_margin": 0.5310397959893944,
      "op_margin": 0.14387841626010087,
      "fcf_margin": 0.0848567686086907,
      "incr_op_margin_yoy": 0.03794477771386309,
      "rev_growth_yoy": -0.07149823736780259,
      "rev_growth_yoy_accel": -0.05704444710041687,
      "fcf_margin_change": -0.008266221804017967
    },
    {
      "date": "2023-12-31T00:00:00",
      "quarter_label": "2023-12 (Q4)",
      "revenue": 681200000,
      "gross_profit": 366300000,
      "operating_income": 95317000,
      "net_income": 349700000,
      "opex": 270983000,
      "cogs": 314821000,
      "rd": 63899000,
      "sga": 207147000,
      "fcf": 38739000,
      "ocf": 81004000,
      "capex": -42265000,
      "gross_margin": 0.5377275396359366,
      "op_margin": 0.1399251321197886,
      "fcf_margin": 0.05686876100998239,
      "incr_op_margin_yoy": 0.6285743380855398,
      "rev_growth_yoy": -0.06723264411885527,
      "rev_growth_yoy_accel": 0.004265593248947319,
      "op_leverage_ratio": 0.723849741765203,
      "fcf_margin_change": -0.027988007598708307
    },
    {
      "date": "2024-03-31T00:00:00",
      "quarter_label": "2024-03 (Q1)",
      "revenue": 610820000,
      "gross_profit": 325966000,
      "operating_income": 44708000,
      "net_income": 383916000,
      "opex": 281258000,
      "cogs": 284854000,
      "rd": 66375000,
      "sga": 214883000,
      "fcf": 29600000,
      "ocf": 69800000,
      "capex": -40200000,
      "gross_margin": 0.5336531220326773,
      "op_margin": 0.07319341213450771,
      "fcf_margin": 0.048459447955207756,
      "incr_op_margin_yoy": 0.26058705925118136,
      "rev_growth_yoy": -0.09754684979108923,
      "rev_growth_yoy_accel": -0.03031420567223396,
      "fcf_margin_change": -0.008409313054774631
    },
    {
      "date": "2024-06-30T00:00:00",
      "quarter_label": "2024-06 (Q2)",
      "revenue": 638476000,
      "gross_profit": 355119000,
      "operating_income": 101496000,
      "net_income": -2165486000,
      "opex": 253623000,
      "cogs": 283357000,
      "rd": 58904000,
      "sga": 194719000,
      "fcf": 55300000,
      "ocf": 97600000,
      "capex": -42300000,
      "gross_margin": 0.5561978837105859,
      "op_margin": 0.15896603787769625,
      "fcf_margin": 0.08661249600611456,
      "incr_op_margin_yoy": -0.2786273865928602,
      "rev_growth_yoy": -0.0625948818839835,
      "rev_growth_yoy_accel": 0.034951967907105724,
      "op_leverage_ratio": null,
      "fcf_margin_change": 0.03815304805090681
    },
    {
      "date": "2024-09-30T00:00:00",
      "quarter_label": "2024-09 (Q3)",
      "revenue": 649729000,
      "gross_profit": 355903000,
      "operating_income": 64466000,
      "net_income": 653172000,
      "opex": 291437000,
      "cogs": 293826000,
      "rd": 90997000,
      "sga": 200440000,
      "fcf": 123400000,
      "ocf": 163600000,
      "capex": -40200000,
      "gross_margin": 0.5477714554837478,
      "op_margin": 0.09921982857468267,
      "fcf_margin": 0.1899253381025012,
      "incr_op_margin_yoy": -1.504288554387958,
      "rev_growth_yoy": 0.027850548310141682,
      "rev_growth_yoy_accel": 0.09044543019412518,
      "op_leverage_ratio": 0.11821150793773488,
      "fcf_margin_change": 0.10331284209638664
    },
    {
      "date": "2024-12-31T00:00:00",
      "quarter_label": "2024-12 (Q4)",
      "revenue": 667500000,
      "gross_profit": 342000000,
      "operating_income": 58330000,
      "net_income": -715800000,
      "opex": 283670000,
      "cogs": 325563000,
      "rd": 79624000,
      "sga": 203958000,
      "fcf": 81300000,
      "ocf": 124200000,
      "capex": -42900000,
      "gross_margin": 0.5123595505617977,
      "op_margin": 0.08738576779026218,
      "fcf_margin": 0.12179775280898876,
      "incr_op_margin_yoy": 2.6997810218978104,
      "rev_growth_yoy": -0.020111567821491486,
      "rev_growth_yoy_accel": -0.04796211613163317,
      "op_leverage_ratio": null,
      "fcf_margin_change": -0.06812758529351244
    },
    {
      "date": "2025-03-31T00:00:00",
      "quarter_label": "2025-03 (Q1)",
      "revenue": 585400000,
      "gross_profit": 306000000,
      "operating_income": 23700000,
      "net_income": 64000000,
      "opex": 282300000,
      "cogs": 279400000,
      "rd": 73500000,
      "sga": 208800000,
      "fcf": 95500000,
      "ocf": 129900000,
      "capex": -34400000,
      "gross_margin": 0.5227195080286984,
      "op_margin": 0.040485138366928596,
      "fcf_margin": 0.1631363170481722,
      "incr_op_margin_yoy": 0.8264358772619984,
      "rev_growth_yoy": -0.04161618807504666,
      "rev_growth_yoy_accel": -0.021504620253555175,
      "fcf_margin_change": 0.04133856423918343
    },
    {
      "date": "2025-06-30T00:00:00",
      "quarter_label": "2025-06 (Q2)",
      "revenue": 651600000,
      "gross_profit": 345300000,
      "operating_income": 77100000,
      "net_income": 317800000,
      "opex": 268200000,
      "cogs": 306300000,
      "rd": 60500000,
      "sga": 207700000,
      "fcf": 70800000,
      "ocf": 116500000,
      "capex": -45700000,
      "gross_margin": 0.5299263351749539,
      "op_margin": 0.11832412523020258,
      "fcf_margin": 0.10865561694290976,
      "incr_op_margin_yoy": -1.858884486437062,
      "rev_growth_yoy": 0.020555197063006285,
      "rev_growth_yoy_accel": 0.06217138513805295,
      "op_leverage_ratio": null,
      "fcf_margin_change": -0.05448070010526243
    },
    {
      "date": "2025-09-30T00:00:00",
      "quarter_label": "2025-09 (Q3)",
      "revenue": 653000000,
      "gross_profit": 343400000,
      "operating_income": 65300000,
      "net_income": -341900000,
      "opex": 278100000,
      "cogs": 309600000,
      "rd": 71300000,
      "sga": 206800000,
      "fcf": 89200000,
      "ocf": 120900000,
      "capex": -31700000,
      "gross_margin": 0.5258805513016845,
      "op_margin": 0.1,
      "fcf_margin": 0.13660030627871364,
      "incr_op_margin_yoy": 0.2549678997248548,
      "rev_growth_yoy": 0.0050344066526197846,
      "rev_growth_yoy_accel": -0.0155207904103865,
      "fcf_margin_change": 0.02794468933580388
    },
    {
      "date": "2025-12-31T00:00:00",
      "quarter_label": "2025-12 (Q4)",
      "revenue": 693200000,
      "gross_profit": 345200000,
      "operating_income": -118900000,
      "net_income": 720000000,
      "opex": 464100000,
      "cogs": 348000000,
      "rd": 70300000,
      "sga": 221000000,
      "fcf": 119100000,
      "ocf": 164900000,
      "capex": -45800000,
      "gross_margin": 0.4979803808424697,
      "op_margin": -0.17152336987882286,
      "fcf_margin": 0.17181188690132718,
      "incr_op_margin_yoy": -6.896108949416343,
      "rev_growth_yoy": 0.03850187265917603,
      "rev_growth_yoy_accel": 0.03346746600655625,
      "op_leverage_ratio": 0.09204515141036407,
      "fcf_margin_change": 0.035211580622613536
    }
  ],
  "signals": [
    {
      "quarter": "2025-09 (Q3)",
      "signal": "INCREMENTAL MARGIN (YoY)",
      "detail": "YoY Incr OPM: +25.5% vs year-ago OPM: +9.9%",
      "severity": "MEDIUM"
    },
    {
      "quarter": "2025-06 (Q2)",
      "signal": "YoY REVENUE GROWTH ACCELERATION",
      "detail": "YoY growth: +2.1% vs prior quarter YoY: -4.2% (accel: +6.2%)",
      "severity": "MEDIUM"
    },
    {
      "quarter": "2025-03 (Q1)",
      "signal": "INCREMENTAL MARGIN (YoY)",
      "detail": "YoY Incr OPM: +82.6% vs year-ago OPM: +7.3%",
      "severity": "HIGH"
    },
    {
      "quarter": "2024-12 (Q4)",
      "signal": "INCREMENTAL MARGIN (YoY)",
      "detail": "YoY Incr OPM: +270.0% vs year-ago OPM: +14.0%",
      "severity": "HIGH"
    },
    {
      "quarter": "2024-09 (Q3)",
      "signal": "FCF MARGIN EXPANSION",
      "detail": "FCF margin: +8.7% -> +19.0% (+10.3%)",
      "severity": "MEDIUM"
    },
    {
      "quarter": "2024-09 (Q3)",
      "signal": "YoY REVENUE GROWTH ACCELERATION",
      "detail": "YoY growth: +2.8% vs prior quarter YoY: -6.3% (accel: +9.0%)",
      "severity": "MEDIUM"
    },
    {
      "quarter": "2024-06 (Q2)",
      "signal": "GROSS MARGIN INFLECTION",
      "detail": "GM: +53.8% -> +53.4% -> +55.6% (reversal +2.3%)",
      "severity": "MEDIUM"
    },
    {
      "quarter": "2024-03 (Q1)",
      "signal": "INCREMENTAL MARGIN (YoY)",
      "detail": "YoY Incr OPM: +26.1% vs year-ago OPM: +9.1%",
      "severity": "MEDIUM"
    },
    {
      "quarter": "2023-12 (Q4)",
      "signal": "INCREMENTAL MARGIN (YoY)",
      "detail": "YoY Incr OPM: +62.9% vs year-ago OPM: +17.3%",
      "severity": "HIGH"
    },
    {
      "quarter": "2023-09 (Q3)",
      "signal": "YoY REVENUE GROWTH DECELERATION",
      "detail": "YoY growth: -7.1% vs prior quarter YoY: -1.4% (decel: -5.7%)",
      "severity": "WARNING"
    },
    {
      "quarter": "2023-06 (Q2)",
      "signal": "INCREMENTAL MARGIN (YoY)",
      "detail": "YoY Incr OPM: +306.3% vs year-ago OPM: +17.4%",
      "severity": "HIGH"
    },
    {
      "quarter": "2023-03 (Q1)",
      "signal": "INCREMENTAL MARGIN (YoY)",
      "detail": "YoY Incr OPM: +351.1% vs year-ago OPM: +20.5%",
      "severity": "HIGH"
    },
    {
      "quarter": "2022-12 (Q4)",
      "signal": "FCF TURNED POSITIVE",
      "detail": "FCF margin: -2.4% -> +6.1%",
      "severity": "HIGH"
    },
    {
      "quarter": "2022-12 (Q4)",
      "signal": "YoY REVENUE GROWTH ACCELERATION",
      "detail": "YoY growth: -0.3% vs prior quarter YoY: -8.9% (accel: +8.5%)",
      "severity": "MEDIUM"
    },
    {
      "quarter": "2022-09 (Q3)",
      "signal": "YoY REVENUE GROWTH DECELERATION",
      "detail": "YoY growth: -8.9% vs prior quarter YoY: -3.5% (decel: -5.4%)",
      "severity": "WARNING"
    },
    {
      "quarter": "2022-09 (Q3)",
      "signal": "INCREMENTAL MARGIN (YoY)",
      "detail": "YoY Incr OPM: +96.6% vs year-ago OPM: +21.0%",
      "severity": "HIGH"
    },
    {
      "quarter": "2022-03 (Q1)",
      "signal": "GROSS MARGIN INFLECTION",
      "detail": "GM: +58.6% -> +54.7% -> +57.6% (reversal +2.9%)",
      "severity": "MEDIUM"
    },
    {
      "quarter": "2021-09 (Q3)",
      "signal": "FCF MARGIN EXPANSION",
      "detail": "FCF margin: +18.3% -> +26.2% (+7.9%)",
      "severity": "MEDIUM"
    },
    {
      "quarter": "2021-09 (Q3)",
      "signal": "OPERATING LEVERAGE",
      "detail": "Rev growth +4.3% vs OpEx growth +1.4% (leverage: 3.2x)",
      "severity": "MEDIUM"
    },
    {
      "quarter": "2021-06 (Q2)",
      "signal": "FCF MARGIN EXPANSION",
      "detail": "FCF margin: +12.9% -> +18.3% (+5.4%)",
      "severity": "MEDIUM"
    }
  ],
  "data_quality": {
    "n_quarters": 20,
    "coverage": {
      "revenue": [
        20,
        20
      ],
      "gross_profit": [
        20,
        20
      ],
      "op_income": [
        20,
        20
      ],
      "fcf": [
        20,
        20
      ]
    },
    "gaps": [],
    "warnings": []
  },
  "market_cap": null,
  "source": "SEC EDGAR",
  "last_updated": "2026-02-24T10:44:44.012586"
}