{
  "ticker": "BIRD",
  "name": "Allbirds, Inc.",
  "quarters": [
    {
      "date": "2020-12-31T00:00:00",
      "quarter_label": "2020-12 (Q4)",
      "revenue": 79275000,
      "gross_profit": 39422000,
      "operating_income": -9658000,
      "net_income": -9353000,
      "opex": 49080000,
      "cogs": 39853000,
      "rd": null,
      "sga": 25468000,
      "fcf": 2630000,
      "ocf": 5046000,
      "capex": -2416000,
      "gross_margin": 0.497281614632608,
      "op_margin": -0.12182907600126143,
      "fcf_margin": 0.03317565436770735
    },
    {
      "date": "2021-03-31T00:00:00",
      "quarter_label": "2021-03 (Q1)",
      "revenue": 49637000,
      "gross_profit": 25826000,
      "operating_income": -10428000,
      "net_income": -13522000,
      "opex": 36254000,
      "cogs": 23811000,
      "rd": null,
      "sga": 23536000,
      "fcf": -27713000,
      "ocf": -23986000,
      "capex": -3727000,
      "gross_margin": 0.52029735882507,
      "op_margin": -0.2100852186876725,
      "fcf_margin": -0.5583133549569878,
      "fcf_margin_change": -0.5914890093246951
    },
    {
      "date": "2021-06-30T00:00:00",
      "quarter_label": "2021-06 (Q2)",
      "revenue": 67905000,
      "gross_profit": 38122000,
      "operating_income": -4169000,
      "net_income": -7606000,
      "opex": 42291000,
      "cogs": 29783000,
      "rd": null,
      "sga": 28996000,
      "fcf": -6083000,
      "ocf": 1480000,
      "capex": -7563000,
      "gross_margin": 0.5614019586186584,
      "op_margin": -0.06139459539061925,
      "fcf_margin": -0.0895810323245711,
      "op_leverage_ratio": 2.210142276959215,
      "fcf_margin_change": 0.46873232263241665
    },
    {
      "date": "2021-09-30T00:00:00",
      "quarter_label": "2021-09 (Q3)",
      "revenue": 62711000,
      "gross_profit": 33935000,
      "operating_income": -11876000,
      "net_income": -13802000,
      "opex": 45811000,
      "cogs": 28776000,
      "rd": null,
      "sga": 33017000,
      "fcf": -29333000,
      "ocf": -22990000,
      "capex": -6343000,
      "gross_margin": 0.5411331345378004,
      "op_margin": -0.18937666438104958,
      "fcf_margin": -0.4677488797818565,
      "fcf_margin_change": -0.3781678474572854
    },
    {
      "date": "2021-12-31T00:00:00",
      "quarter_label": "2021-12 (Q4)",
      "revenue": 97219000,
      "gross_profit": 48779000,
      "operating_income": -6403000,
      "net_income": -10440000,
      "opex": 55182000,
      "cogs": 48440000,
      "rd": null,
      "sga": 36651000,
      "fcf": -11902000,
      "ocf": -5354000,
      "capex": -6548000,
      "gross_margin": 0.5017434863555478,
      "op_margin": -0.06586161141340685,
      "fcf_margin": -0.12242462893055885,
      "incr_op_margin_yoy": 0.18139768167632636,
      "rev_growth_yoy": 0.2263513087354147,
      "op_leverage_ratio": 2.690047181847367,
      "fcf_margin_change": 0.34532425085129764
    },
    {
      "date": "2022-03-31T00:00:00",
      "quarter_label": "2022-03 (Q1)",
      "revenue": 62763000,
      "gross_profit": 32603000,
      "operating_income": -19979000,
      "net_income": -21878000,
      "opex": 52582000,
      "cogs": 30160000,
      "rd": null,
      "sga": 38755000,
      "fcf": -48826000,
      "ocf": -40471000,
      "capex": -8355000,
      "gross_margin": 0.5194621034686041,
      "op_margin": -0.31832449054379175,
      "fcf_margin": -0.7779424183037777,
      "incr_op_margin_yoy": -0.7276397988724669,
      "rev_growth_yoy": 0.2644398331889518,
      "rev_growth_yoy_accel": 0.03808852445353711,
      "fcf_margin_change": -0.6555177893732189
    },
    {
      "date": "2022-06-30T00:00:00",
      "quarter_label": "2022-06 (Q2)",
      "revenue": 78174000,
      "gross_profit": 28191000,
      "operating_income": -29329000,
      "net_income": -29368000,
      "opex": 57520000,
      "cogs": 49983000,
      "rd": null,
      "sga": 41707000,
      "fcf": -32400000,
      "ocf": -24161000,
      "capex": -8239000,
      "gross_margin": 0.36061862000153505,
      "op_margin": -0.37517588968199145,
      "fcf_margin": -0.41446005065622843,
      "incr_op_margin_yoy": -2.4500925114422047,
      "rev_growth_yoy": 0.1512259774685222,
      "rev_growth_yoy_accel": -0.11321385572042961,
      "op_leverage_ratio": 2.6146474686765964,
      "fcf_margin_change": 0.3634823676475493
    },
    {
      "date": "2022-09-30T00:00:00",
      "quarter_label": "2022-09 (Q3)",
      "revenue": 72651000,
      "gross_profit": 32531000,
      "operating_income": -25514000,
      "net_income": -25241000,
      "opex": 58045000,
      "cogs": 40120000,
      "rd": null,
      "sga": 45391000,
      "fcf": -25889000,
      "ocf": -17526000,
      "capex": -8363000,
      "gross_margin": 0.4477708496786004,
      "op_margin": -0.3511858061141622,
      "fcf_margin": -0.35634746940854223,
      "incr_op_margin_yoy": -1.3720321931589536,
      "rev_growth_yoy": 0.15850488749980068,
      "rev_growth_yoy_accel": 0.007278910031278479,
      "fcf_margin_change": 0.0581125812476862
    },
    {
      "date": "2022-12-31T00:00:00",
      "quarter_label": "2022-12 (Q4)",
      "revenue": 84178000,
      "gross_profit": 36303000,
      "operating_income": -25463000,
      "net_income": -24865000,
      "opex": 61766000,
      "cogs": 47875000,
      "rd": null,
      "sga": 40883000,
      "fcf": -14831000,
      "ocf": -8425000,
      "capex": -6406000,
      "gross_margin": 0.4312647009907577,
      "op_margin": -0.3024899617477251,
      "fcf_margin": -0.1761861769108318,
      "incr_op_margin_yoy": 1.4615443600950848,
      "rev_growth_yoy": -0.13414044579763215,
      "rev_growth_yoy_accel": -0.2926453332974328,
      "op_leverage_ratio": 2.475026436797414,
      "fcf_margin_change": 0.18016129249771043
    },
    {
      "date": "2023-03-31T00:00:00",
      "quarter_label": "2023-03 (Q1)",
      "revenue": 54352000,
      "gross_profit": 21817000,
      "operating_income": -35679000,
      "net_income": -35166000,
      "opex": 57496000,
      "cogs": 32535000,
      "rd": null,
      "sga": 42764000,
      "fcf": -23948000,
      "ocf": -20913000,
      "capex": -3035000,
      "gross_margin": 0.40140197232852515,
      "op_margin": -0.6564431851633794,
      "fcf_margin": -0.44060936120105976,
      "incr_op_margin_yoy": 1.8666032576388063,
      "rev_growth_yoy": -0.1340120771792298,
      "rev_growth_yoy_accel": 0.00012836861840234692,
      "fcf_margin_change": -0.26442318429022793
    },
    {
      "date": "2023-06-30T00:00:00",
      "quarter_label": "2023-06 (Q2)",
      "revenue": 70480000,
      "gross_profit": 30148000,
      "operating_income": -29624000,
      "net_income": -28937000,
      "opex": 59772000,
      "cogs": 40332000,
      "rd": null,
      "sga": 46207000,
      "fcf": -3744000,
      "ocf": 828000,
      "capex": -4572000,
      "gross_margin": 0.42775255391600453,
      "op_margin": -0.4203178206583428,
      "fcf_margin": -0.05312145289443814,
      "incr_op_margin_yoy": 0.03834156485573174,
      "rev_growth_yoy": -0.09842147005398215,
      "rev_growth_yoy_accel": 0.035590607125247656,
      "op_leverage_ratio": 7.496013488589383,
      "fcf_margin_change": 0.3874879083066216
    },
    {
      "date": "2023-09-30T00:00:00",
      "quarter_label": "2023-09 (Q3)",
      "revenue": 57244000,
      "gross_profit": 24893000,
      "operating_income": -30062000,
      "net_income": -31575000,
      "opex": 54955000,
      "cogs": 32351000,
      "rd": null,
      "sga": 43545000,
      "fcf": -7463000,
      "ocf": -5413000,
      "capex": -2050000,
      "gross_margin": 0.4348578016910069,
      "op_margin": -0.525155474809587,
      "fcf_margin": -0.13037174201663057,
      "incr_op_margin_yoy": 0.29519049782566364,
      "rev_growth_yoy": -0.212068657004033,
      "rev_growth_yoy_accel": -0.11364718695005084,
      "fcf_margin_change": -0.07725028912219242
    },
    {
      "date": "2023-12-31T00:00:00",
      "quarter_label": "2023-12 (Q4)",
      "revenue": 71990000,
      "gross_profit": 27375000,
      "operating_income": -57638000,
      "net_income": -56779000,
      "opex": 85013000,
      "cogs": 44615000,
      "rd": null,
      "sga": 41528000,
      "fcf": -5937000,
      "ocf": -4724000,
      "capex": -1213000,
      "gross_margin": 0.3802611473815808,
      "op_margin": -0.8006389776357827,
      "fcf_margin": -0.08246978747048202,
      "incr_op_margin_yoy": 2.6398916967509027,
      "rev_growth_yoy": -0.1447884245289743,
      "rev_growth_yoy_accel": 0.06728023247505868,
      "op_leverage_ratio": 0.4709679877329749,
      "fcf_margin_change": 0.047901954546148554
    },
    {
      "date": "2024-03-31T00:00:00",
      "quarter_label": "2024-03 (Q1)",
      "revenue": 39327000,
      "gross_profit": 18456000,
      "operating_income": -29810000,
      "net_income": -27331000,
      "opex": 48266000,
      "cogs": 20871000,
      "rd": null,
      "sga": 39706000,
      "fcf": -27323000,
      "ocf": -26201000,
      "capex": -1122000,
      "gross_margin": 0.46929590357769474,
      "op_margin": -0.7580034073282986,
      "fcf_margin": -0.6947644112187555,
      "incr_op_margin_yoy": -0.39061564059900167,
      "rev_growth_yoy": -0.27643876950250224,
      "rev_growth_yoy_accel": -0.13165034497352793,
      "fcf_margin_change": -0.6122946237482735
    },
    {
      "date": "2024-06-30T00:00:00",
      "quarter_label": "2024-06 (Q2)",
      "revenue": 51582000,
      "gross_profit": 26055000,
      "operating_income": -20190000,
      "net_income": -19133000,
      "opex": 46245000,
      "cogs": 25527000,
      "rd": null,
      "sga": 33552000,
      "fcf": -16895000,
      "ocf": -15590000,
      "capex": -1305000,
      "gross_margin": 0.5051180644410841,
      "op_margin": -0.3914156100965453,
      "fcf_margin": -0.327536737621651,
      "incr_op_margin_yoy": -0.49920626521325007,
      "rev_growth_yoy": -0.26813280363223607,
      "rev_growth_yoy_accel": 0.008305965870266163,
      "op_leverage_ratio": Infinity,
      "fcf_margin_change": 0.36722767359710456
    },
    {
      "date": "2024-09-30T00:00:00",
      "quarter_label": "2024-09 (Q3)",
      "revenue": 42996000,
      "gross_profit": 19075000,
      "operating_income": -21782000,
      "net_income": -21177000,
      "opex": 40857000,
      "cogs": 23921000,
      "rd": null,
      "sga": 30967000,
      "fcf": -11884000,
      "ocf": -11228000,
      "capex": -656000,
      "gross_margin": 0.4436459205507489,
      "op_margin": -0.5066052656061029,
      "fcf_margin": -0.2763978044469253,
      "incr_op_margin_yoy": -0.5811341942728804,
      "rev_growth_yoy": -0.24889944797708058,
      "rev_growth_yoy_accel": 0.019233355655155493,
      "fcf_margin_change": 0.051138933174725676
    },
    {
      "date": "2024-12-31T00:00:00",
      "quarter_label": "2024-12 (Q4)",
      "revenue": 55852000,
      "gross_profit": 17478000,
      "operating_income": -25771000,
      "net_income": -25678000,
      "opex": 43249000,
      "cogs": 38374000,
      "rd": null,
      "sga": 29153000,
      "fcf": -11853000,
      "ocf": -10841000,
      "capex": -1012000,
      "gross_margin": 0.31293418319845306,
      "op_margin": -0.46141588483850177,
      "fcf_margin": -0.2122215856191363,
      "incr_op_margin_yoy": -1.9746560912132853,
      "rev_growth_yoy": -0.2241700236143909,
      "rev_growth_yoy_accel": 0.024729424362689684,
      "op_leverage_ratio": 5.1072028633915085,
      "fcf_margin_change": 0.06417621882778901
    },
    {
      "date": "2025-03-31T00:00:00",
      "quarter_label": "2025-03 (Q1)",
      "revenue": 32114000,
      "gross_profit": 14400000,
      "operating_income": -22830000,
      "net_income": -21875000,
      "opex": 37230000,
      "cogs": 17714000,
      "rd": null,
      "sga": 25212000,
      "fcf": -28526000,
      "ocf": -27883000,
      "capex": -643000,
      "gross_margin": 0.44840256585912686,
      "op_margin": -0.7109049012891574,
      "fcf_margin": -0.8882730273401009,
      "incr_op_margin_yoy": -0.9676972133647581,
      "rev_growth_yoy": -0.18341088819386173,
      "rev_growth_yoy_accel": 0.04075913542052917,
      "fcf_margin_change": -0.6760514417209647
    },
    {
      "date": "2025-06-30T00:00:00",
      "quarter_label": "2025-06 (Q2)",
      "revenue": 39685000,
      "gross_profit": 16154000,
      "operating_income": -16527000,
      "net_income": -15501000,
      "opex": 32681000,
      "cogs": 23531000,
      "rd": null,
      "sga": 24156000,
      "fcf": -9420000,
      "ocf": -8692000,
      "capex": -728000,
      "gross_margin": 0.4070555625551216,
      "op_margin": -0.4164545798160514,
      "fcf_margin": -0.23736928310444752,
      "incr_op_margin_yoy": -0.30789274607043793,
      "rev_growth_yoy": -0.2306424721802179,
      "rev_growth_yoy_accel": -0.047231583986356185,
      "op_leverage_ratio": Infinity,
      "fcf_margin_change": 0.6509037442356534
    },
    {
      "date": "2025-09-30T00:00:00",
      "quarter_label": "2025-09 (Q3)",
      "revenue": 32989000,
      "gross_profit": 14241000,
      "operating_income": -19885000,
      "net_income": -20324000,
      "opex": 34126000,
      "cogs": 18748000,
      "rd": null,
      "sga": 21678000,
      "fcf": -16138000,
      "ocf": -15234000,
      "capex": -904000,
      "gross_margin": 0.4316893509957865,
      "op_margin": -0.6027766831368032,
      "fcf_margin": -0.48919336748613174,
      "incr_op_margin_yoy": -0.1895673028879784,
      "rev_growth_yoy": -0.2327425807051819,
      "rev_growth_yoy_accel": -0.0021001085249639784,
      "fcf_margin_change": -0.25182408438168424
    }
  ],
  "signals": [
    {
      "quarter": "2025-09 (Q3)",
      "signal": "GROSS MARGIN INFLECTION",
      "detail": "GM: +44.8% -> +40.7% -> +43.2% (reversal +2.5%)",
      "severity": "MEDIUM"
    },
    {
      "quarter": "2025-06 (Q2)",
      "signal": "FCF MARGIN EXPANSION",
      "detail": "FCF margin: -88.8% -> -23.7% (+65.1%)",
      "severity": "MEDIUM"
    },
    {
      "quarter": "2025-03 (Q1)",
      "signal": "GROSS MARGIN INFLECTION",
      "detail": "GM: +44.4% -> +31.3% -> +44.8% (reversal +13.5%)",
      "severity": "HIGH"
    },
    {
      "quarter": "2024-12 (Q4)",
      "signal": "FCF MARGIN EXPANSION",
      "detail": "FCF margin: -27.6% -> -21.2% (+6.4%)",
      "severity": "MEDIUM"
    },
    {
      "quarter": "2024-12 (Q4)",
      "signal": "OPERATING LEVERAGE",
      "detail": "Rev growth +29.9% vs OpEx growth +5.9% (leverage: 5.1x)",
      "severity": "MEDIUM"
    },
    {
      "quarter": "2024-09 (Q3)",
      "signal": "FCF MARGIN EXPANSION",
      "detail": "FCF margin: -32.8% -> -27.6% (+5.1%)",
      "severity": "MEDIUM"
    },
    {
      "quarter": "2024-06 (Q2)",
      "signal": "FCF MARGIN EXPANSION",
      "detail": "FCF margin: -69.5% -> -32.8% (+36.7%)",
      "severity": "MEDIUM"
    },
    {
      "quarter": "2024-03 (Q1)",
      "signal": "GROSS MARGIN INFLECTION",
      "detail": "GM: +43.5% -> +38.0% -> +46.9% (reversal +8.9%)",
      "severity": "HIGH"
    },
    {
      "quarter": "2024-03 (Q1)",
      "signal": "YoY REVENUE GROWTH DECELERATION",
      "detail": "YoY growth: -27.6% vs prior quarter YoY: -14.5% (decel: -13.2%)",
      "severity": "WARNING"
    },
    {
      "quarter": "2023-12 (Q4)",
      "signal": "YoY REVENUE GROWTH ACCELERATION",
      "detail": "YoY growth: -14.5% vs prior quarter YoY: -21.2% (accel: +6.7%)",
      "severity": "MEDIUM"
    },
    {
      "quarter": "2023-09 (Q3)",
      "signal": "YoY REVENUE GROWTH DECELERATION",
      "detail": "YoY growth: -21.2% vs prior quarter YoY: -9.8% (decel: -11.4%)",
      "severity": "WARNING"
    },
    {
      "quarter": "2023-06 (Q2)",
      "signal": "FCF MARGIN EXPANSION",
      "detail": "FCF margin: -44.1% -> -5.3% (+38.7%)",
      "severity": "MEDIUM"
    },
    {
      "quarter": "2023-06 (Q2)",
      "signal": "OPERATING LEVERAGE",
      "detail": "Rev growth +29.7% vs OpEx growth +4.0% (leverage: 7.5x)",
      "severity": "MEDIUM"
    },
    {
      "quarter": "2023-06 (Q2)",
      "signal": "GROSS MARGIN INFLECTION",
      "detail": "GM: +43.1% -> +40.1% -> +42.8% (reversal +2.6%)",
      "severity": "MEDIUM"
    },
    {
      "quarter": "2022-12 (Q4)",
      "signal": "FCF MARGIN EXPANSION",
      "detail": "FCF margin: -35.6% -> -17.6% (+18.0%)",
      "severity": "MEDIUM"
    },
    {
      "quarter": "2022-12 (Q4)",
      "signal": "OPERATING LEVERAGE",
      "detail": "Rev growth +15.9% vs OpEx growth +6.4% (leverage: 2.5x)",
      "severity": "MEDIUM"
    },
    {
      "quarter": "2022-12 (Q4)",
      "signal": "YoY REVENUE GROWTH DECELERATION",
      "detail": "YoY growth: -13.4% vs prior quarter YoY: +15.9% (decel: -29.3%)",
      "severity": "WARNING"
    },
    {
      "quarter": "2022-09 (Q3)",
      "signal": "FCF MARGIN EXPANSION",
      "detail": "FCF margin: -41.4% -> -35.6% (+5.8%)",
      "severity": "MEDIUM"
    },
    {
      "quarter": "2022-09 (Q3)",
      "signal": "GROSS MARGIN INFLECTION",
      "detail": "GM: +51.9% -> +36.1% -> +44.8% (reversal +8.7%)",
      "severity": "HIGH"
    },
    {
      "quarter": "2022-06 (Q2)",
      "signal": "FCF MARGIN EXPANSION",
      "detail": "FCF margin: -77.8% -> -41.4% (+36.3%)",
      "severity": "MEDIUM"
    },
    {
      "quarter": "2022-06 (Q2)",
      "signal": "OPERATING LEVERAGE",
      "detail": "Rev growth +24.6% vs OpEx growth +9.4% (leverage: 2.6x)",
      "severity": "MEDIUM"
    },
    {
      "quarter": "2022-06 (Q2)",
      "signal": "YoY REVENUE GROWTH DECELERATION",
      "detail": "YoY growth: +15.1% vs prior quarter YoY: +26.4% (decel: -11.3%)",
      "severity": "WARNING"
    },
    {
      "quarter": "2021-12 (Q4)",
      "signal": "FCF MARGIN EXPANSION",
      "detail": "FCF margin: -46.8% -> -12.2% (+34.5%)",
      "severity": "MEDIUM"
    },
    {
      "quarter": "2021-12 (Q4)",
      "signal": "OPERATING LEVERAGE",
      "detail": "Rev growth +55.0% vs OpEx growth +20.5% (leverage: 2.7x)",
      "severity": "MEDIUM"
    },
    {
      "quarter": "2021-06 (Q2)",
      "signal": "FCF MARGIN EXPANSION",
      "detail": "FCF margin: -55.8% -> -9.0% (+46.9%)",
      "severity": "MEDIUM"
    },
    {
      "quarter": "2021-06 (Q2)",
      "signal": "OPERATING LEVERAGE",
      "detail": "Rev growth +36.8% vs OpEx growth +16.7% (leverage: 2.2x)",
      "severity": "MEDIUM"
    }
  ],
  "data_quality": {
    "n_quarters": 20,
    "coverage": {
      "revenue": [
        20,
        20
      ],
      "gross_profit": [
        20,
        20
      ],
      "op_income": [
        20,
        20
      ],
      "fcf": [
        20,
        20
      ]
    },
    "gaps": [],
    "warnings": []
  },
  "market_cap": null,
  "source": "SEC EDGAR",
  "last_updated": "2026-02-02T23:50:07.855208",
  "sector": "Consumer Cyclical",
  "industry": "Apparel Retail"
}