{
  "ticker": "BJ",
  "name": "BJ\u2019S WHOLESALE CLUB HOLDINGS, INC.",
  "quarters": [
    {
      "date": "2021-01-30T00:00:00",
      "quarter_label": "2021-01 (Q1)",
      "revenue": 3946613000,
      "gross_profit": 742594000,
      "operating_income": 144692000,
      "net_income": 95882000,
      "opex": 597902000,
      "cogs": 3204019000,
      "rd": null,
      "sga": 593273000,
      "fcf": 1041000,
      "ocf": 66574000,
      "capex": -65533000,
      "gross_margin": 0.1881598221056891,
      "op_margin": 0.03666232285759967,
      "fcf_margin": 0.00026377047863573145
    },
    {
      "date": "2021-05-01T00:00:00",
      "quarter_label": "2021-05 (Q2)",
      "revenue": 3868222000,
      "gross_profit": 726725000,
      "operating_income": 126254000,
      "net_income": 81579000,
      "opex": 600471000,
      "cogs": 3141497000,
      "rd": null,
      "sga": 599910000,
      "fcf": 174275000,
      "ocf": 248965000,
      "capex": -74690000,
      "gross_margin": 0.1878705513799363,
      "op_margin": 0.03263876788870959,
      "fcf_margin": 0.045052998509392685,
      "fcf_margin_change": 0.04478922803075695
    },
    {
      "date": "2021-07-31T00:00:00",
      "quarter_label": "2021-07 (Q3)",
      "revenue": 4177155000,
      "gross_profit": 763530000,
      "operating_income": 163784000,
      "net_income": 110988000,
      "opex": 599746000,
      "cogs": 3413625000,
      "rd": null,
      "sga": 598113000,
      "fcf": 237230000,
      "ocf": 310348000,
      "capex": -73118000,
      "gross_margin": 0.18278708834122745,
      "op_margin": 0.0392094619423986,
      "fcf_margin": 0.05679224256701032,
      "op_leverage_ratio": Infinity,
      "fcf_margin_change": 0.011739244057617636
    },
    {
      "date": "2021-10-30T00:00:00",
      "quarter_label": "2021-10 (Q4)",
      "revenue": 4264087000,
      "gross_profit": 791218000,
      "operating_income": 170156000,
      "net_income": 126517000,
      "opex": 621062000,
      "cogs": 3472869000,
      "rd": null,
      "sga": 617991000,
      "fcf": 99172000,
      "ocf": 173862000,
      "capex": -74690000,
      "gross_margin": 0.18555390638136604,
      "op_margin": 0.039904439097982754,
      "fcf_margin": 0.02325749920205662,
      "op_leverage_ratio": 0.5855456097815251,
      "fcf_margin_change": -0.0335347433649537
    },
    {
      "date": "2022-01-29T00:00:00",
      "quarter_label": "2022-01 (Q1)",
      "revenue": 4357838000,
      "gross_profit": 797217000,
      "operating_income": 157129000,
      "net_income": 107568000,
      "opex": 640088000,
      "cogs": 3560621000,
      "rd": null,
      "sga": 630451000,
      "fcf": -2613000,
      "ocf": 98480000,
      "capex": -101093000,
      "gross_margin": 0.1829386498534365,
      "op_margin": 0.036056640930663325,
      "fcf_margin": -0.0005996092557823397,
      "incr_op_margin_yoy": 0.03024378381664539,
      "rev_growth_yoy": 0.10419694051582964,
      "op_leverage_ratio": 0.7176906973238971,
      "fcf_margin_change": -0.02385710845783896
    },
    {
      "date": "2022-04-30T00:00:00",
      "quarter_label": "2022-04 (Q2)",
      "revenue": 4496435000,
      "gross_profit": 790597000,
      "operating_income": 150317000,
      "net_income": 112450000,
      "opex": 640280000,
      "cogs": 3705838000,
      "rd": null,
      "sga": 635380000,
      "fcf": -46225000,
      "ocf": 44308000,
      "capex": -90533000,
      "gross_margin": 0.17582751668822078,
      "op_margin": 0.03343026197420845,
      "fcf_margin": -0.010280366557061316,
      "incr_op_margin_yoy": 0.0383038873757786,
      "rev_growth_yoy": 0.1624035538808269,
      "rev_growth_yoy_accel": 0.058206613364997245,
      "op_leverage_ratio": Infinity,
      "fcf_margin_change": -0.009680757301278977
    },
    {
      "date": "2022-07-30T00:00:00",
      "quarter_label": "2022-07 (Q3)",
      "revenue": 5103816000,
      "gross_profit": 860047000,
      "operating_income": 202910000,
      "net_income": 141007000,
      "opex": 657137000,
      "cogs": 4243769000,
      "rd": null,
      "sga": 651236000,
      "fcf": 297743000,
      "ocf": 398744000,
      "capex": -101001000,
      "gross_margin": 0.16851058110245354,
      "op_margin": 0.039756527272926764,
      "fcf_margin": 0.0583373303426299,
      "incr_op_margin_yoy": 0.04222256035378633,
      "rev_growth_yoy": 0.22184022378867913,
      "rev_growth_yoy_accel": 0.059436669907852235,
      "op_leverage_ratio": 5.130769826508366,
      "fcf_margin_change": 0.06861769689969122
    },
    {
      "date": "2022-10-29T00:00:00",
      "quarter_label": "2022-10 (Q4)",
      "revenue": 4785319000,
      "gross_profit": 877100000,
      "operating_income": 191968000,
      "net_income": 129942000,
      "opex": 685132000,
      "cogs": 3908219000,
      "rd": null,
      "sga": 674426000,
      "fcf": 67031000,
      "ocf": 169805000,
      "capex": -102774000,
      "gross_margin": 0.183289766053214,
      "op_margin": 0.04011602988222938,
      "fcf_margin": 0.014007634600744485,
      "incr_op_margin_yoy": 0.04184700862571753,
      "rev_growth_yoy": 0.12223765603281546,
      "rev_growth_yoy_accel": -0.09960256775586367,
      "fcf_margin_change": -0.044329695741885417
    },
    {
      "date": "2023-01-28T00:00:00",
      "quarter_label": "2023-01 (Q1)",
      "revenue": 4929595000,
      "gross_profit": 903181000,
      "operating_income": 192793000,
      "net_income": 129781000,
      "opex": 710388000,
      "cogs": 4026414000,
      "rd": null,
      "sga": 706963000,
      "fcf": 71813000,
      "ocf": 175308000,
      "capex": -103495000,
      "gross_margin": 0.18321606541713872,
      "op_margin": 0.03910929802549702,
      "fcf_margin": 0.014567728180509758,
      "incr_op_margin_yoy": 0.06237614930818512,
      "rev_growth_yoy": 0.13120198593889906,
      "rev_growth_yoy_accel": 0.008964329906083604,
      "op_leverage_ratio": 0.8178862036666527,
      "fcf_margin_change": 0.0005600935797652733
    },
    {
      "date": "2023-04-29T00:00:00",
      "quarter_label": "2023-04 (Q2)",
      "revenue": 4723142000,
      "gross_profit": 879992000,
      "operating_income": 186770000,
      "net_income": 116077000,
      "opex": 693222000,
      "cogs": 3843150000,
      "rd": null,
      "sga": 689328000,
      "fcf": 27048000,
      "ocf": 119132000,
      "capex": -92084000,
      "gross_margin": 0.18631495728902497,
      "op_margin": 0.039543591956371416,
      "fcf_margin": 0.0057266963390048406,
      "incr_op_margin_yoy": 0.16079344704839285,
      "rev_growth_yoy": 0.05041927660468794,
      "rev_growth_yoy_accel": -0.08078270933421113,
      "fcf_margin_change": -0.008841031841504917
    },
    {
      "date": "2023-07-29T00:00:00",
      "quarter_label": "2023-07 (Q3)",
      "revenue": 4963540000,
      "gross_profit": 896813000,
      "operating_income": 200269000,
      "net_income": 131325000,
      "opex": 696544000,
      "cogs": 4066727000,
      "rd": null,
      "sga": 694960000,
      "fcf": 28212000,
      "ocf": 150368000,
      "capex": -122156000,
      "gross_margin": 0.18068011943089005,
      "op_margin": 0.04034801774539945,
      "fcf_margin": 0.005683846609476301,
      "incr_op_margin_yoy": 0.018827169294818785,
      "rev_growth_yoy": -0.027484533141476888,
      "rev_growth_yoy_accel": -0.07790380974616483,
      "op_leverage_ratio": 10.621174799289358,
      "fcf_margin_change": -4.2849729528539326e-05
    },
    {
      "date": "2023-10-28T00:00:00",
      "quarter_label": "2023-10 (Q4)",
      "revenue": 4924723000,
      "gross_profit": 902480000,
      "operating_income": 199375000,
      "net_income": 130467000,
      "opex": 703105000,
      "cogs": 4022243000,
      "rd": null,
      "sga": 697104000,
      "fcf": 41320000,
      "ocf": 175031000,
      "capex": -133711000,
      "gross_margin": 0.1832549769804312,
      "op_margin": 0.040484510499372246,
      "fcf_margin": 0.008390319617976483,
      "incr_op_margin_yoy": 0.05313333907204958,
      "rev_growth_yoy": 0.029131600213068345,
      "rev_growth_yoy_accel": 0.05661613335454523,
      "fcf_margin_change": 0.0027064730085001815
    },
    {
      "date": "2024-02-03T00:00:00",
      "quarter_label": "2024-02 (Q1)",
      "revenue": 5357284000,
      "gross_profit": 963275000,
      "operating_income": 214005000,
      "net_income": 145872000,
      "opex": 749270000,
      "cogs": 4394009000,
      "rd": null,
      "sga": 741121000,
      "fcf": 155228000,
      "ocf": 274352000,
      "capex": -119124000,
      "gross_margin": 0.1798065960288833,
      "op_margin": 0.039946547541627436,
      "fcf_margin": 0.028975129935243305,
      "incr_op_margin_yoy": 0.04959678644996715,
      "rev_growth_yoy": 0.0867594599556353,
      "rev_growth_yoy_accel": 0.057627859742566956,
      "op_leverage_ratio": 1.3377436532332576,
      "fcf_margin_change": 0.020584810317266822
    },
    {
      "date": "2024-05-04T00:00:00",
      "quarter_label": "2024-05 (Q2)",
      "revenue": 4918519000,
      "gross_profit": 883390000,
      "operating_income": 160755000,
      "net_income": 111019000,
      "opex": 722635000,
      "cogs": 4035129000,
      "rd": null,
      "sga": 721771000,
      "fcf": 95106000,
      "ocf": 200847000,
      "capex": -105741000,
      "gross_margin": 0.17960487699651054,
      "op_margin": 0.03268361878850117,
      "fcf_margin": 0.019336308348102346,
      "incr_op_margin_yoy": -0.13315282761021,
      "rev_growth_yoy": 0.041365895837982426,
      "rev_growth_yoy_accel": -0.04539356411765288,
      "fcf_margin_change": -0.00963882158714096
    },
    {
      "date": "2024-08-03T00:00:00",
      "quarter_label": "2024-08 (Q3)",
      "revenue": 5205395000,
      "gross_profit": 956576000,
      "operating_income": 203675000,
      "net_income": 144988000,
      "opex": 752901000,
      "cogs": 4248819000,
      "rd": null,
      "sga": 750323000,
      "fcf": 87472000,
      "ocf": 221351000,
      "capex": -133879000,
      "gross_margin": 0.1837662655763876,
      "op_margin": 0.03912767426871544,
      "fcf_margin": 0.016804104203427407,
      "incr_op_margin_yoy": 0.01408281821752703,
      "rev_growth_yoy": 0.04872631226906603,
      "rev_growth_yoy_accel": 0.007360416431083601,
      "op_leverage_ratio": 1.3925917818568987,
      "fcf_margin_change": -0.0025322041446749384
    },
    {
      "date": "2024-11-02T00:00:00",
      "quarter_label": "2024-11 (Q4)",
      "revenue": 5099364000,
      "gross_profit": 975476000,
      "operating_income": 229383000,
      "net_income": 155748000,
      "opex": 746093000,
      "cogs": 4123888000,
      "rd": null,
      "sga": 733580000,
      "fcf": 18824000,
      "ocf": 206757000,
      "capex": -187933000,
      "gross_margin": 0.1912936593661484,
      "op_margin": 0.044982668426886176,
      "fcf_margin": 0.0036914407365310656,
      "incr_op_margin_yoy": 0.1718267760720564,
      "rev_growth_yoy": 0.03546209604073163,
      "rev_growth_yoy_accel": -0.013264216228334395,
      "fcf_margin_change": -0.013112663466896341
    },
    {
      "date": "2025-02-01T00:00:00",
      "quarter_label": "2025-02 (Q1)",
      "revenue": 5278526000,
      "gross_profit": 948984000,
      "operating_income": 178393000,
      "net_income": 122662000,
      "opex": 770591000,
      "cogs": 4329542000,
      "rd": null,
      "sga": 758209000,
      "fcf": 111487000,
      "ocf": 271917000,
      "capex": -160430000,
      "gross_margin": 0.1797820073255299,
      "op_margin": 0.033795987743548105,
      "fcf_margin": 0.021120858360837855,
      "incr_op_margin_yoy": 0.45216993829198304,
      "rev_growth_yoy": -0.014701106008193705,
      "rev_growth_yoy_accel": -0.05016320204892534,
      "op_leverage_ratio": 1.0700208081745488,
      "fcf_margin_change": 0.01742941762430679
    },
    {
      "date": "2025-05-03T00:00:00",
      "quarter_label": "2025-05 (Q2)",
      "revenue": 5153483000,
      "gross_profit": 969499000,
      "operating_income": 203645000,
      "net_income": 149768000,
      "opex": 765854000,
      "cogs": 4183984000,
      "rd": null,
      "sga": 760880000,
      "fcf": 67596000,
      "ocf": 208093000,
      "capex": -140497000,
      "gross_margin": 0.18812500206171243,
      "op_margin": 0.039515993358278274,
      "fcf_margin": 0.013116566019525048,
      "incr_op_margin_yoy": 0.18253860165812635,
      "rev_growth_yoy": 0.047771290504316444,
      "rev_growth_yoy_accel": 0.062472396512510145,
      "fcf_margin_change": -0.008004292341312808
    },
    {
      "date": "2025-08-02T00:00:00",
      "quarter_label": "2025-08 (Q3)",
      "revenue": 5380240000,
      "gross_profit": 1006175000,
      "operating_income": 216530000,
      "net_income": 150705000,
      "opex": 789645000,
      "cogs": 4374065000,
      "rd": null,
      "sga": 786358000,
      "fcf": 84296000,
      "ocf": 249864000,
      "capex": -165568000,
      "gross_margin": 0.18701303287585683,
      "op_margin": 0.040245416561342985,
      "fcf_margin": 0.015667702556019805,
      "incr_op_margin_yoy": 0.07352226257542395,
      "rev_growth_yoy": 0.03358918967724832,
      "rev_growth_yoy_accel": -0.014182100827068125,
      "op_leverage_ratio": 1.4164235629677029,
      "fcf_margin_change": 0.0025511365364947573
    },
    {
      "date": "2025-11-01T00:00:00",
      "quarter_label": "2025-11 (Q4)",
      "revenue": 5348163000,
      "gross_profit": 1014337000,
      "operating_income": 218351000,
      "net_income": 152050000,
      "opex": 795986000,
      "cogs": 4333826000,
      "rd": null,
      "sga": 788151000,
      "fcf": -13739000,
      "ocf": 181144000,
      "capex": -194883000,
      "gross_margin": 0.18966082372582885,
      "op_margin": 0.040827289669368716,
      "fcf_margin": -0.0025689194588870983,
      "incr_op_margin_yoy": -0.044341014232372314,
      "rev_growth_yoy": 0.048790202072258426,
      "rev_growth_yoy_accel": 0.015201012395010108,
      "fcf_margin_change": -0.018236622014906903
    }
  ],
  "signals": [
    {
      "quarter": "2025-05 (Q2)",
      "signal": "YoY REVENUE GROWTH ACCELERATION",
      "detail": "YoY growth: +4.8% vs prior quarter YoY: -1.5% (accel: +6.2%)",
      "severity": "MEDIUM"
    },
    {
      "quarter": "2025-05 (Q2)",
      "signal": "INCREMENTAL MARGIN (YoY)",
      "detail": "YoY Incr OPM: +18.3% vs year-ago OPM: +3.3%",
      "severity": "MEDIUM"
    },
    {
      "quarter": "2025-02 (Q1)",
      "signal": "YoY REVENUE GROWTH DECELERATION",
      "detail": "YoY growth: -1.5% vs prior quarter YoY: +3.5% (decel: -5.0%)",
      "severity": "WARNING"
    },
    {
      "quarter": "2025-02 (Q1)",
      "signal": "INCREMENTAL MARGIN (YoY)",
      "detail": "YoY Incr OPM: +45.2% vs year-ago OPM: +4.0%",
      "severity": "HIGH"
    },
    {
      "quarter": "2024-11 (Q4)",
      "signal": "INCREMENTAL MARGIN (YoY)",
      "detail": "YoY Incr OPM: +17.2% vs year-ago OPM: +4.0%",
      "severity": "MEDIUM"
    },
    {
      "quarter": "2024-02 (Q1)",
      "signal": "YoY REVENUE GROWTH ACCELERATION",
      "detail": "YoY growth: +8.7% vs prior quarter YoY: +2.9% (accel: +5.8%)",
      "severity": "MEDIUM"
    },
    {
      "quarter": "2023-10 (Q4)",
      "signal": "YoY REVENUE GROWTH ACCELERATION",
      "detail": "YoY growth: +2.9% vs prior quarter YoY: -2.7% (accel: +5.7%)",
      "severity": "MEDIUM"
    },
    {
      "quarter": "2023-07 (Q3)",
      "signal": "OPERATING LEVERAGE",
      "detail": "Rev growth +5.1% vs OpEx growth +0.5% (leverage: 10.6x)",
      "severity": "MEDIUM"
    },
    {
      "quarter": "2023-07 (Q3)",
      "signal": "YoY REVENUE GROWTH DECELERATION",
      "detail": "YoY growth: -2.7% vs prior quarter YoY: +5.0% (decel: -7.8%)",
      "severity": "WARNING"
    },
    {
      "quarter": "2023-04 (Q2)",
      "signal": "YoY REVENUE GROWTH DECELERATION",
      "detail": "YoY growth: +5.0% vs prior quarter YoY: +13.1% (decel: -8.1%)",
      "severity": "WARNING"
    },
    {
      "quarter": "2023-04 (Q2)",
      "signal": "INCREMENTAL MARGIN (YoY)",
      "detail": "YoY Incr OPM: +16.1% vs year-ago OPM: +3.3%",
      "severity": "MEDIUM"
    },
    {
      "quarter": "2022-10 (Q4)",
      "signal": "YoY REVENUE GROWTH DECELERATION",
      "detail": "YoY growth: +12.2% vs prior quarter YoY: +22.2% (decel: -10.0%)",
      "severity": "WARNING"
    },
    {
      "quarter": "2022-07 (Q3)",
      "signal": "FCF TURNED POSITIVE",
      "detail": "FCF margin: -1.0% -> +5.8%",
      "severity": "HIGH"
    },
    {
      "quarter": "2022-07 (Q3)",
      "signal": "OPERATING LEVERAGE",
      "detail": "Rev growth +13.5% vs OpEx growth +2.6% (leverage: 5.1x)",
      "severity": "MEDIUM"
    },
    {
      "quarter": "2022-07 (Q3)",
      "signal": "YoY REVENUE GROWTH ACCELERATION",
      "detail": "YoY growth: +22.2% vs prior quarter YoY: +16.2% (accel: +5.9%)",
      "severity": "MEDIUM"
    },
    {
      "quarter": "2022-04 (Q2)",
      "signal": "OPERATING LEVERAGE",
      "detail": "Rev growth +3.2% vs OpEx growth +0.0% (leverage: 106.0x)",
      "severity": "MEDIUM"
    },
    {
      "quarter": "2022-04 (Q2)",
      "signal": "YoY REVENUE GROWTH ACCELERATION",
      "detail": "YoY growth: +16.2% vs prior quarter YoY: +10.4% (accel: +5.8%)",
      "severity": "MEDIUM"
    }
  ],
  "data_quality": {
    "n_quarters": 20,
    "coverage": {
      "revenue": [
        20,
        20
      ],
      "gross_profit": [
        20,
        20
      ],
      "op_income": [
        20,
        20
      ],
      "fcf": [
        20,
        20
      ]
    },
    "gaps": [],
    "warnings": []
  },
  "market_cap": null,
  "source": "SEC EDGAR",
  "last_updated": "2026-02-02T20:31:47.930847",
  "sector": "Consumer Defensive",
  "industry": "Discount Stores"
}