{
  "ticker": "BJRI",
  "name": "BJ\u2019S RESTAURANTS, INC.",
  "quarters": [
    {
      "date": "2020-12-29T00:00:00",
      "quarter_label": "2020-12 (Q4)",
      "revenue": 197004000,
      "gross_profit": 146163000,
      "operating_income": -20313000,
      "net_income": -18084000,
      "opex": 217317000,
      "cogs": 50841000,
      "rd": null,
      "sga": null,
      "fcf": -7021000,
      "ocf": 4319000,
      "capex": -11340000,
      "gross_margin": 0.7419290978863373,
      "op_margin": -0.10310958153133946,
      "fcf_margin": -0.03563887027674565
    },
    {
      "date": "2021-03-30T00:00:00",
      "quarter_label": "2021-03 (Q1)",
      "revenue": 223307000,
      "gross_profit": 167158000,
      "operating_income": -8215000,
      "net_income": -3141000,
      "opex": 231522000,
      "cogs": 56149000,
      "rd": null,
      "sga": null,
      "fcf": 7335000,
      "ocf": 14212000,
      "capex": -6877000,
      "gross_margin": 0.7485569193979589,
      "op_margin": -0.03678791976964448,
      "fcf_margin": 0.03284715660503253,
      "op_leverage_ratio": 2.042597066034412,
      "fcf_margin_change": 0.06848602688177818
    },
    {
      "date": "2021-06-29T00:00:00",
      "quarter_label": "2021-06 (Q2)",
      "revenue": 290283000,
      "gross_profit": 214697000,
      "operating_income": 6674000,
      "net_income": 6369000,
      "opex": 283609000,
      "cogs": 75586000,
      "rd": null,
      "sga": null,
      "fcf": 31872000,
      "ocf": 39286000,
      "capex": -7414000,
      "gross_margin": 0.739612722756758,
      "op_margin": 0.022991356710520425,
      "fcf_margin": 0.10979630222920392,
      "op_leverage_ratio": 1.3331523741910978,
      "fcf_margin_change": 0.07694914562417138
    },
    {
      "date": "2021-09-28T00:00:00",
      "quarter_label": "2021-09 (Q3)",
      "revenue": 282180000,
      "gross_profit": 205533000,
      "operating_income": -6958000,
      "net_income": -2176000,
      "opex": 289138000,
      "cogs": 76647000,
      "rd": null,
      "sga": null,
      "fcf": -18131000,
      "ocf": -7256000,
      "capex": -10875000,
      "gross_margin": 0.7283755049968106,
      "op_margin": -0.024658019703735205,
      "fcf_margin": -0.06425331348784463,
      "fcf_margin_change": -0.17404961571704855
    },
    {
      "date": "2021-12-28T00:00:00",
      "quarter_label": "2021-12 (Q4)",
      "revenue": 291268000,
      "gross_profit": 211540000,
      "operating_income": -8008000,
      "net_income": -4658000,
      "opex": 299276000,
      "cogs": 79728000,
      "rd": null,
      "sga": null,
      "fcf": 1020000,
      "ocf": 18043000,
      "capex": -17023000,
      "gross_margin": 0.726272711042751,
      "op_margin": -0.027493579795926777,
      "fcf_margin": 0.0035019294944861777,
      "incr_op_margin_yoy": 0.13053763897139947,
      "rev_growth_yoy": 0.4784877464416966,
      "op_leverage_ratio": 0.9185334467417189,
      "fcf_margin_change": 0.06775524298233081
    },
    {
      "date": "2022-03-29T00:00:00",
      "quarter_label": "2022-03 (Q1)",
      "revenue": 298729000,
      "gross_profit": 217263000,
      "operating_income": -7693000,
      "net_income": 1460000,
      "opex": 306422000,
      "cogs": 81466000,
      "rd": null,
      "sga": null,
      "fcf": -11487000,
      "ocf": 609000,
      "capex": -12096000,
      "gross_margin": 0.7272912907685561,
      "op_margin": -0.025752437828265754,
      "fcf_margin": -0.03845291217123212,
      "incr_op_margin_yoy": 0.006921057516374533,
      "rev_growth_yoy": 0.33775027204700253,
      "rev_growth_yoy_accel": -0.14073747439469408,
      "op_leverage_ratio": 1.0727861179481402,
      "fcf_margin_change": -0.04195484166571829
    },
    {
      "date": "2022-06-28T00:00:00",
      "quarter_label": "2022-06 (Q2)",
      "revenue": 329697000,
      "gross_profit": 238769000,
      "operating_income": 3145000,
      "net_income": 297000,
      "opex": 326552000,
      "cogs": 90928000,
      "rd": null,
      "sga": null,
      "fcf": 10580000,
      "ocf": 29603000,
      "capex": -19023000,
      "gross_margin": 0.724207378289763,
      "op_margin": 0.009539061623248012,
      "fcf_margin": 0.03209007057995675,
      "incr_op_margin_yoy": -0.08953671284315218,
      "rev_growth_yoy": 0.1357778443794504,
      "rev_growth_yoy_accel": -0.20197242766755213,
      "op_leverage_ratio": 1.578017958006246,
      "fcf_margin_change": 0.07054298275118887
    },
    {
      "date": "2022-09-27T00:00:00",
      "quarter_label": "2022-09 (Q3)",
      "revenue": 311348000,
      "gross_profit": 226338000,
      "operating_income": -5171000,
      "net_income": -1642000,
      "opex": 316519000,
      "cogs": 85010000,
      "rd": null,
      "sga": null,
      "fcf": -16262000,
      "ocf": 3578000,
      "capex": -19840000,
      "gross_margin": 0.7269614707658312,
      "op_margin": -0.016608425299022317,
      "fcf_margin": -0.05223094415252386,
      "incr_op_margin_yoy": 0.061265770707624796,
      "rev_growth_yoy": 0.10336664540364307,
      "rev_growth_yoy_accel": -0.032411198975807326,
      "fcf_margin_change": -0.0843210147324806
    },
    {
      "date": "2023-01-03T00:00:00",
      "quarter_label": "2023-01 (Q1)",
      "revenue": 344152000,
      "gross_profit": 251911000,
      "operating_income": 4239000,
      "net_income": 3961000,
      "opex": 339913000,
      "cogs": 92241000,
      "rd": null,
      "sga": null,
      "fcf": -10315000,
      "ocf": 17332000,
      "capex": -27647000,
      "gross_margin": 0.7319759873544248,
      "op_margin": 0.01231723192077919,
      "fcf_margin": -0.029972221576512702,
      "incr_op_margin_yoy": 0.23158233113985327,
      "rev_growth_yoy": 0.18156474449647747,
      "rev_growth_yoy_accel": 0.0781980990928344,
      "op_leverage_ratio": 1.4255288870440765,
      "fcf_margin_change": 0.02225872257601116
    },
    {
      "date": "2023-04-04T00:00:00",
      "quarter_label": "2023-04 (Q2)",
      "revenue": 341280000,
      "gross_profit": 250403000,
      "operating_income": 2616000,
      "net_income": 3481000,
      "opex": 338664000,
      "cogs": 90877000,
      "rd": null,
      "sga": null,
      "fcf": 4933000,
      "ocf": 31899000,
      "capex": -26966000,
      "gross_margin": 0.7337171823722457,
      "op_margin": 0.007665260196905766,
      "fcf_margin": 0.014454406938584154,
      "incr_op_margin_yoy": 0.24227397710982115,
      "rev_growth_yoy": 0.14244013805154504,
      "rev_growth_yoy_accel": -0.03912460644493243,
      "fcf_margin_change": 0.04442662851509686
    },
    {
      "date": "2023-07-04T00:00:00",
      "quarter_label": "2023-07 (Q3)",
      "revenue": 349670000,
      "gross_profit": 259056000,
      "operating_income": 10212000,
      "net_income": 11932000,
      "opex": 339458000,
      "cogs": 90614000,
      "rd": null,
      "sga": null,
      "fcf": -16245000,
      "ocf": 9701000,
      "capex": -25946000,
      "gross_margin": 0.7408585237509652,
      "op_margin": 0.029204678697057226,
      "fcf_margin": -0.046458089055395085,
      "incr_op_margin_yoy": 0.35382766735092375,
      "rev_growth_yoy": 0.06057986575552705,
      "rev_growth_yoy_accel": -0.081860272296018,
      "op_leverage_ratio": 10.48575373671028,
      "fcf_margin_change": -0.06091249599397924
    },
    {
      "date": "2023-10-03T00:00:00",
      "quarter_label": "2023-10 (Q4)",
      "revenue": 318644000,
      "gross_profit": 235992000,
      "operating_income": -2387000,
      "net_income": -3804000,
      "opex": 321031000,
      "cogs": 82652000,
      "rd": null,
      "sga": null,
      "fcf": 2955000,
      "ocf": 32011000,
      "capex": -29056000,
      "gross_margin": 0.74061334906667,
      "op_margin": -0.00749111861513162,
      "fcf_margin": 0.0092736721858877,
      "incr_op_margin_yoy": 0.3815789473684211,
      "rev_growth_yoy": 0.023433585569844675,
      "rev_growth_yoy_accel": -0.037146280185682376,
      "fcf_margin_change": 0.05573176124128278
    },
    {
      "date": "2024-01-02T00:00:00",
      "quarter_label": "2024-01 (Q1)",
      "revenue": 323635000,
      "gross_profit": 241209000,
      "operating_income": 3318000,
      "net_income": 8051000,
      "opex": 320317000,
      "cogs": 82426000,
      "rd": null,
      "sga": null,
      "fcf": 15280000,
      "ocf": 32226000,
      "capex": -16946000,
      "gross_margin": 0.7453118482240796,
      "op_margin": 0.010252290388863997,
      "fcf_margin": 0.047213682080121125,
      "incr_op_margin_yoy": 0.04488960374323731,
      "rev_growth_yoy": -0.059616099862851296,
      "rev_growth_yoy_accel": -0.08304968543269597,
      "op_leverage_ratio": Infinity,
      "fcf_margin_change": 0.03794000989423343
    },
    {
      "date": "2024-04-02T00:00:00",
      "quarter_label": "2024-04 (Q2)",
      "revenue": 337334000,
      "gross_profit": 252381000,
      "operating_income": 8258000,
      "net_income": 7723000,
      "opex": 329076000,
      "cogs": 84953000,
      "rd": null,
      "sga": null,
      "fcf": 448000,
      "ocf": 22330000,
      "capex": -21882000,
      "gross_margin": 0.7481635411787724,
      "op_margin": 0.024480188774330485,
      "fcf_margin": 0.001328060616480995,
      "incr_op_margin_yoy": -1.4298023314749113,
      "rev_growth_yoy": -0.011562353492733239,
      "rev_growth_yoy_accel": 0.048053746370118056,
      "op_leverage_ratio": 1.5479568299991955,
      "fcf_margin_change": -0.04588562146364013
    },
    {
      "date": "2024-07-02T00:00:00",
      "quarter_label": "2024-07 (Q3)",
      "revenue": 349927000,
      "gross_profit": 260091000,
      "operating_income": 13221000,
      "net_income": 17157000,
      "opex": 336706000,
      "cogs": 89836000,
      "rd": null,
      "sga": null,
      "fcf": 735000,
      "ocf": 20202000,
      "capex": -19467000,
      "gross_margin": 0.7432721681950807,
      "op_margin": 0.03778216599462174,
      "fcf_margin": 0.0021004380913733434,
      "rev_growth_yoy": 0.000734978694197386,
      "rev_growth_yoy_accel": 0.012297332186930625,
      "op_leverage_ratio": 1.6100551746742933,
      "fcf_margin_change": 0.0007723774748923484
    },
    {
      "date": "2024-10-01T00:00:00",
      "quarter_label": "2024-10 (Q4)",
      "revenue": 325702000,
      "gross_profit": 239029000,
      "operating_income": -2608000,
      "net_income": -2927000,
      "opex": 328310000,
      "cogs": 86673000,
      "rd": null,
      "sga": null,
      "fcf": 7631000,
      "ocf": 27310000,
      "capex": -19679000,
      "gross_margin": 0.7338886466770238,
      "op_margin": -0.008007319574334822,
      "fcf_margin": 0.023429392512173706,
      "incr_op_margin_yoy": -0.03131198639841315,
      "rev_growth_yoy": 0.022150111095768317,
      "rev_growth_yoy_accel": 0.021415132401570933,
      "fcf_margin_change": 0.021328954420800364
    },
    {
      "date": "2024-12-31T00:00:00",
      "quarter_label": "2024-12 (Q4)",
      "revenue": 344339000,
      "gross_profit": 255241000,
      "operating_income": -4791000,
      "net_income": -5266000,
      "opex": 349130000,
      "cogs": 89098000,
      "rd": null,
      "sga": null,
      "fcf": 15758000,
      "ocf": 31630000,
      "capex": -15872000,
      "gross_margin": 0.741249175957414,
      "op_margin": -0.013913614199959923,
      "fcf_margin": 0.04576304165371915,
      "incr_op_margin_yoy": -0.3916634466769706,
      "rev_growth_yoy": 0.06397330325830025,
      "rev_growth_yoy_accel": 0.041823192162531934,
      "op_leverage_ratio": 0.9023166385642112,
      "fcf_margin_change": 0.022333649141545446
    },
    {
      "date": "2025-04-01T00:00:00",
      "quarter_label": "2025-04 (Q2)",
      "revenue": 347973000,
      "gross_profit": 261153000,
      "operating_income": 14950000,
      "net_income": 13492000,
      "opex": 333023000,
      "cogs": 86820000,
      "rd": null,
      "sga": null,
      "fcf": -12062000,
      "ocf": 4621000,
      "capex": -16683000,
      "gross_margin": 0.7504978834564751,
      "op_margin": 0.04296310345917643,
      "fcf_margin": -0.034663608958166295,
      "incr_op_margin_yoy": 0.6290064855719523,
      "rev_growth_yoy": 0.031538475220404705,
      "rev_growth_yoy_accel": -0.03243482803789555,
      "op_leverage_ratio": Infinity,
      "fcf_margin_change": -0.08042665061188545
    },
    {
      "date": "2025-07-01T00:00:00",
      "quarter_label": "2025-07 (Q3)",
      "revenue": 365597000,
      "gross_profit": 274794000,
      "operating_income": 21214000,
      "net_income": 22208000,
      "opex": 344383000,
      "cogs": 90803000,
      "rd": null,
      "sga": null,
      "fcf": 41906000,
      "ocf": 62279000,
      "capex": -20373000,
      "gross_margin": 0.7516308941265929,
      "op_margin": 0.058025640254159634,
      "fcf_margin": 0.11462347885786808,
      "incr_op_margin_yoy": 0.5100829610721123,
      "rev_growth_yoy": 0.04478076856029972,
      "rev_growth_yoy_accel": 0.013242293339895017,
      "op_leverage_ratio": 1.484755128929179,
      "fcf_margin_change": 0.1492870878160344
    },
    {
      "date": "2025-09-30T00:00:00",
      "quarter_label": "2025-09 (Q3)",
      "revenue": 330157000,
      "gross_profit": 245253000,
      "operating_income": -997000,
      "net_income": 465000,
      "opex": 331154000,
      "cogs": 84904000,
      "rd": null,
      "sga": null,
      "fcf": 3603000,
      "ocf": 25060000,
      "capex": -21457000,
      "gross_margin": 0.7428374985234297,
      "op_margin": -0.0030197754401693738,
      "fcf_margin": 0.010912989880571971,
      "incr_op_margin_yoy": 0.3616161616161616,
      "rev_growth_yoy": 0.013678147509072711,
      "rev_growth_yoy_accel": -0.031102621051227013,
      "fcf_margin_change": -0.10371048897729611
    }
  ],
  "signals": [
    {
      "quarter": "2025-07 (Q3)",
      "signal": "FCF TURNED POSITIVE",
      "detail": "FCF margin: -3.5% -> +11.5%",
      "severity": "HIGH"
    },
    {
      "quarter": "2025-07 (Q3)",
      "signal": "INCREMENTAL MARGIN (YoY)",
      "detail": "YoY Incr OPM: +51.0% vs year-ago OPM: +3.8%",
      "severity": "HIGH"
    },
    {
      "quarter": "2025-04 (Q2)",
      "signal": "INCREMENTAL MARGIN (YoY)",
      "detail": "YoY Incr OPM: +62.9% vs year-ago OPM: +2.4%",
      "severity": "HIGH"
    },
    {
      "quarter": "2025-04 (Q2)",
      "signal": "OP MARGIN TURNED POSITIVE (QoQ)",
      "detail": "Op margin: -1.4% -> +4.3%",
      "severity": "HIGH"
    },
    {
      "quarter": "2024-07 (Q3)",
      "signal": "OPERATING LEVERAGE",
      "detail": "Rev growth +3.7% vs OpEx growth +2.3% (leverage: 1.6x)",
      "severity": "MEDIUM"
    },
    {
      "quarter": "2024-04 (Q2)",
      "signal": "OPERATING LEVERAGE",
      "detail": "Rev growth +4.2% vs OpEx growth +2.7% (leverage: 1.5x)",
      "severity": "MEDIUM"
    },
    {
      "quarter": "2024-01 (Q1)",
      "signal": "YoY REVENUE GROWTH DECELERATION",
      "detail": "YoY growth: -6.0% vs prior quarter YoY: +2.3% (decel: -8.3%)",
      "severity": "WARNING"
    },
    {
      "quarter": "2024-01 (Q1)",
      "signal": "OP MARGIN TURNED POSITIVE (QoQ)",
      "detail": "Op margin: -0.7% -> +1.0%",
      "severity": "HIGH"
    },
    {
      "quarter": "2023-10 (Q4)",
      "signal": "FCF TURNED POSITIVE",
      "detail": "FCF margin: -4.6% -> +0.9%",
      "severity": "HIGH"
    },
    {
      "quarter": "2023-07 (Q3)",
      "signal": "OPERATING LEVERAGE",
      "detail": "Rev growth +2.5% vs OpEx growth +0.2% (leverage: 10.5x)",
      "severity": "MEDIUM"
    },
    {
      "quarter": "2023-07 (Q3)",
      "signal": "YoY REVENUE GROWTH DECELERATION",
      "detail": "YoY growth: +6.1% vs prior quarter YoY: +14.2% (decel: -8.2%)",
      "severity": "WARNING"
    },
    {
      "quarter": "2023-07 (Q3)",
      "signal": "INCREMENTAL MARGIN (YoY)",
      "detail": "YoY Incr OPM: +35.4% vs year-ago OPM: +1.0%",
      "severity": "HIGH"
    },
    {
      "quarter": "2023-04 (Q2)",
      "signal": "FCF TURNED POSITIVE",
      "detail": "FCF margin: -3.0% -> +1.4%",
      "severity": "HIGH"
    },
    {
      "quarter": "2023-04 (Q2)",
      "signal": "OP MARGIN TURNED POSITIVE (YoY)",
      "detail": "Op margin: -2.6% (year-ago) -> +0.8%",
      "severity": "HIGH"
    },
    {
      "quarter": "2023-01 (Q1)",
      "signal": "YoY REVENUE GROWTH ACCELERATION",
      "detail": "YoY growth: +18.2% vs prior quarter YoY: +10.3% (accel: +7.8%)",
      "severity": "MEDIUM"
    },
    {
      "quarter": "2023-01 (Q1)",
      "signal": "OP MARGIN TURNED POSITIVE (YoY)",
      "detail": "Op margin: -2.7% (year-ago) -> +1.2%",
      "severity": "HIGH"
    },
    {
      "quarter": "2023-01 (Q1)",
      "signal": "OP MARGIN TURNED POSITIVE (QoQ)",
      "detail": "Op margin: -1.7% -> +1.2%",
      "severity": "HIGH"
    },
    {
      "quarter": "2022-06 (Q2)",
      "signal": "FCF TURNED POSITIVE",
      "detail": "FCF margin: -3.8% -> +3.2%",
      "severity": "HIGH"
    },
    {
      "quarter": "2022-06 (Q2)",
      "signal": "OPERATING LEVERAGE",
      "detail": "Rev growth +10.4% vs OpEx growth +6.6% (leverage: 1.6x)",
      "severity": "MEDIUM"
    },
    {
      "quarter": "2022-06 (Q2)",
      "signal": "YoY REVENUE GROWTH DECELERATION",
      "detail": "YoY growth: +13.6% vs prior quarter YoY: +33.8% (decel: -20.2%)",
      "severity": "WARNING"
    },
    {
      "quarter": "2022-06 (Q2)",
      "signal": "OP MARGIN TURNED POSITIVE (QoQ)",
      "detail": "Op margin: -2.6% -> +1.0%",
      "severity": "HIGH"
    },
    {
      "quarter": "2022-03 (Q1)",
      "signal": "YoY REVENUE GROWTH DECELERATION",
      "detail": "YoY growth: +33.8% vs prior quarter YoY: +47.8% (decel: -14.1%)",
      "severity": "WARNING"
    },
    {
      "quarter": "2021-12 (Q4)",
      "signal": "FCF TURNED POSITIVE",
      "detail": "FCF margin: -6.4% -> +0.4%",
      "severity": "HIGH"
    },
    {
      "quarter": "2021-06 (Q2)",
      "signal": "FCF MARGIN EXPANSION",
      "detail": "FCF margin: +3.3% -> +11.0% (+7.7%)",
      "severity": "MEDIUM"
    },
    {
      "quarter": "2021-06 (Q2)",
      "signal": "OP MARGIN TURNED POSITIVE (QoQ)",
      "detail": "Op margin: -3.7% -> +2.3%",
      "severity": "HIGH"
    },
    {
      "quarter": "2021-03 (Q1)",
      "signal": "FCF TURNED POSITIVE",
      "detail": "FCF margin: -3.6% -> +3.3%",
      "severity": "HIGH"
    },
    {
      "quarter": "2021-03 (Q1)",
      "signal": "OPERATING LEVERAGE",
      "detail": "Rev growth +13.4% vs OpEx growth +6.5% (leverage: 2.0x)",
      "severity": "MEDIUM"
    }
  ],
  "data_quality": {
    "n_quarters": 20,
    "coverage": {
      "revenue": [
        20,
        20
      ],
      "gross_profit": [
        20,
        20
      ],
      "op_income": [
        20,
        20
      ],
      "fcf": [
        20,
        20
      ]
    },
    "gaps": [],
    "warnings": []
  },
  "market_cap": null,
  "source": "SEC EDGAR",
  "last_updated": "2026-02-02T22:03:34.516385",
  "sector": "Consumer Cyclical",
  "industry": "Restaurants"
}