{
  "ticker": "BKE",
  "name": "BUCKLE, INC",
  "quarters": [
    {
      "date": "2021-01-30T00:00:00",
      "quarter_label": "2021-01 (Q1)",
      "revenue": 318835000,
      "gross_profit": 163511000,
      "operating_income": 84546000,
      "net_income": 65606000,
      "opex": 78965000,
      "cogs": 155324000,
      "rd": null,
      "sga": 78965000,
      "fcf": 97986000,
      "ocf": 101089000,
      "capex": -3103000,
      "gross_margin": 0.512838929226716,
      "op_margin": 0.26517164050370884,
      "fcf_margin": 0.30732510546207287
    },
    {
      "date": "2021-05-01T00:00:00",
      "quarter_label": "2021-05 (Q2)",
      "revenue": 299125000,
      "gross_profit": 147553000,
      "operating_income": 75802000,
      "net_income": 57269000,
      "opex": 71751000,
      "cogs": 151572000,
      "rd": null,
      "sga": 71751000,
      "fcf": 88899000,
      "ocf": 93535000,
      "capex": -4636000,
      "gross_margin": 0.4932820727120769,
      "op_margin": 0.25341245298788134,
      "fcf_margin": 0.29719682407020476,
      "fcf_margin_change": -0.01012828139186811
    },
    {
      "date": "2021-07-31T00:00:00",
      "quarter_label": "2021-07 (Q3)",
      "revenue": 295120000,
      "gross_profit": 142019000,
      "operating_income": 67882000,
      "net_income": 51419000,
      "opex": 74137000,
      "cogs": 153101000,
      "rd": null,
      "sga": 74137000,
      "fcf": 38356000,
      "ocf": 42932000,
      "capex": -4576000,
      "gross_margin": 0.4812245866088371,
      "op_margin": 0.23001490918948225,
      "fcf_margin": 0.12996747085931146,
      "fcf_margin_change": -0.1672293532108933
    },
    {
      "date": "2021-10-30T00:00:00",
      "quarter_label": "2021-10 (Q4)",
      "revenue": 319432000,
      "gross_profit": 161066000,
      "operating_income": 82215000,
      "net_income": 62217000,
      "opex": 78851000,
      "cogs": 158366000,
      "rd": null,
      "sga": 78851000,
      "fcf": 81624000,
      "ocf": 84590000,
      "capex": -2966000,
      "gross_margin": 0.504226251596584,
      "op_margin": 0.25737872223196173,
      "fcf_margin": 0.2555285631996794,
      "op_leverage_ratio": 1.2955896642807287,
      "fcf_margin_change": 0.12556109234036797
    },
    {
      "date": "2022-01-29T00:00:00",
      "quarter_label": "2022-01 (Q1)",
      "revenue": 380930000,
      "gross_profit": 202371000,
      "operating_income": 109600000,
      "net_income": 83915000,
      "opex": 92771000,
      "cogs": 178559000,
      "rd": null,
      "sga": 92771000,
      "fcf": 83775000,
      "ocf": 90697000,
      "capex": -6922000,
      "gross_margin": 0.5312550862363163,
      "op_margin": 0.2877169033680729,
      "fcf_margin": 0.2199222954348568,
      "incr_op_margin_yoy": 0.4034785409453257,
      "rev_growth_yoy": 0.194755908228394,
      "op_leverage_ratio": 1.0905624540851677,
      "fcf_margin_change": -0.03560626776482262
    },
    {
      "date": "2022-04-30T00:00:00",
      "quarter_label": "2022-04 (Q2)",
      "revenue": 309064000,
      "gross_profit": 152160000,
      "operating_income": 73059000,
      "net_income": 55254000,
      "opex": 79101000,
      "cogs": 156904000,
      "rd": null,
      "sga": 79101000,
      "fcf": 14389000,
      "ocf": 21503000,
      "capex": -7114000,
      "gross_margin": 0.49232521419511815,
      "op_margin": 0.23638793259648488,
      "fcf_margin": 0.046556700230373,
      "incr_op_margin_yoy": -0.2759834993460107,
      "rev_growth_yoy": 0.03322691182615963,
      "rev_growth_yoy_accel": -0.16152899640223436,
      "fcf_margin_change": -0.1733655952044838
    },
    {
      "date": "2022-07-30T00:00:00",
      "quarter_label": "2022-07 (Q3)",
      "revenue": 301976000,
      "gross_profit": 145369000,
      "operating_income": 65713000,
      "net_income": 50144000,
      "opex": 79656000,
      "cogs": 156607000,
      "rd": null,
      "sga": 79656000,
      "fcf": 40183000,
      "ocf": 47989000,
      "capex": -7806000,
      "gross_margin": 0.481392560998225,
      "op_margin": 0.21761000874241662,
      "fcf_margin": 0.1330668662410258,
      "incr_op_margin_yoy": -0.316365227537923,
      "rev_growth_yoy": 0.02323122797506099,
      "rev_growth_yoy_accel": -0.009995683851098641,
      "fcf_margin_change": 0.08651016601065278
    },
    {
      "date": "2022-10-29T00:00:00",
      "quarter_label": "2022-10 (Q4)",
      "revenue": 332341000,
      "gross_profit": 165401000,
      "operating_income": 79423000,
      "net_income": 61386000,
      "opex": 85978000,
      "cogs": 166940000,
      "rd": null,
      "sga": 85978000,
      "fcf": 58157000,
      "ocf": 65603000,
      "capex": -7446000,
      "gross_margin": 0.4976846070752631,
      "op_margin": 0.23898044478412234,
      "fcf_margin": 0.17499195103824083,
      "incr_op_margin_yoy": -0.21628321326206523,
      "rev_growth_yoy": 0.04041235693355706,
      "rev_growth_yoy_accel": 0.01718112895849607,
      "op_leverage_ratio": 1.26696570693572,
      "fcf_margin_change": 0.041925084797215045
    },
    {
      "date": "2023-01-28T00:00:00",
      "quarter_label": "2023-01 (Q1)",
      "revenue": 401806000,
      "gross_profit": 213073000,
      "operating_income": 109937000,
      "net_income": 87842000,
      "opex": 103136000,
      "cogs": 188733000,
      "rd": null,
      "sga": 103136000,
      "fcf": 99293000,
      "ocf": 107287000,
      "capex": -7994000,
      "gross_margin": 0.5302882485577617,
      "op_margin": 0.2736071636560927,
      "fcf_margin": 0.24711676779341274,
      "incr_op_margin_yoy": 0.01614293926039471,
      "rev_growth_yoy": 0.054802719659780015,
      "rev_growth_yoy_accel": 0.014390362726222954,
      "op_leverage_ratio": 1.0473764211186671,
      "fcf_margin_change": 0.0721248167551719
    },
    {
      "date": "2023-04-29T00:00:00",
      "quarter_label": "2023-04 (Q2)",
      "revenue": 282834000,
      "gross_profit": 133257000,
      "operating_income": 53730000,
      "net_income": 42936000,
      "opex": 79527000,
      "cogs": 149577000,
      "rd": null,
      "sga": 79527000,
      "fcf": 23975000,
      "ocf": 33295000,
      "capex": -9320000,
      "gross_margin": 0.4711491546278029,
      "op_margin": 0.18997008846178323,
      "fcf_margin": 0.08476703649490513,
      "incr_op_margin_yoy": 0.7369043080442241,
      "rev_growth_yoy": -0.08486915331452385,
      "rev_growth_yoy_accel": -0.13967187297430386,
      "fcf_margin_change": -0.1623497312985076
    },
    {
      "date": "2023-07-29T00:00:00",
      "quarter_label": "2023-07 (Q3)",
      "revenue": 292428000,
      "gross_profit": 138412000,
      "operating_income": 56761000,
      "net_income": 45640000,
      "opex": 81651000,
      "cogs": 154016000,
      "rd": null,
      "sga": 81651000,
      "fcf": 39655000,
      "ocf": 48203000,
      "capex": -8548000,
      "gross_margin": 0.4733199283242371,
      "op_margin": 0.1941024799266828,
      "fcf_margin": 0.13560602951837716,
      "incr_op_margin_yoy": 0.9375785504817763,
      "rev_growth_yoy": -0.03161840676080218,
      "rev_growth_yoy_accel": 0.053250746553721674,
      "op_leverage_ratio": 1.270071544631258,
      "fcf_margin_change": 0.05083899302347203
    },
    {
      "date": "2023-10-28T00:00:00",
      "quarter_label": "2023-10 (Q4)",
      "revenue": 303457000,
      "gross_profit": 147215000,
      "operating_income": 64065000,
      "net_income": 51762000,
      "opex": 83150000,
      "cogs": 156242000,
      "rd": null,
      "sga": 83150000,
      "fcf": 53726000,
      "ocf": 63842000,
      "capex": -10116000,
      "gross_margin": 0.48512639352527703,
      "op_margin": 0.21111722583430273,
      "fcf_margin": 0.17704650082219228,
      "incr_op_margin_yoy": 0.5317130591330841,
      "rev_growth_yoy": -0.08691073325289386,
      "rev_growth_yoy_accel": -0.05529232649209168,
      "op_leverage_ratio": 2.054362400518096,
      "fcf_margin_change": 0.04144047130381512
    },
    {
      "date": "2024-02-03T00:00:00",
      "quarter_label": "2024-02 (Q1)",
      "revenue": 382383000,
      "gross_profit": 200181000,
      "operating_income": 96503000,
      "net_income": 79581000,
      "opex": 103678000,
      "cogs": 182202000,
      "rd": null,
      "sga": 103678000,
      "fcf": 100014000,
      "ocf": 109304000,
      "capex": -9290000,
      "gross_margin": 0.5235091518189877,
      "op_margin": 0.25237262116778203,
      "fcf_margin": 0.26155451471430474,
      "incr_op_margin_yoy": 0.6916542243731658,
      "rev_growth_yoy": -0.0483392482939528,
      "rev_growth_yoy_accel": 0.03857148495894106,
      "op_leverage_ratio": 1.0535097218032852,
      "fcf_margin_change": 0.08450801389211246
    },
    {
      "date": "2024-05-04T00:00:00",
      "quarter_label": "2024-05 (Q2)",
      "revenue": 262480000,
      "gross_profit": 120697000,
      "operating_income": 42396000,
      "net_income": 34843000,
      "opex": 78301000,
      "cogs": 141783000,
      "rd": null,
      "sga": 78301000,
      "fcf": 19055000,
      "ocf": 29884000,
      "capex": -10829000,
      "gross_margin": 0.459833130143249,
      "op_margin": 0.16152087778116428,
      "fcf_margin": 0.07259600731484303,
      "incr_op_margin_yoy": 0.5568438636140316,
      "rev_growth_yoy": -0.07196447386099267,
      "rev_growth_yoy_accel": -0.023625225567039866,
      "fcf_margin_change": -0.1889585073994617
    },
    {
      "date": "2024-08-03T00:00:00",
      "quarter_label": "2024-08 (Q3)",
      "revenue": 282392000,
      "gross_profit": 132534000,
      "operating_income": 48260000,
      "net_income": 39255000,
      "opex": 84274000,
      "cogs": 149858000,
      "rd": null,
      "sga": 84274000,
      "fcf": 36131000,
      "ocf": 47604000,
      "capex": -11473000,
      "gross_margin": 0.46932632652483075,
      "op_margin": 0.1708971925550299,
      "fcf_margin": 0.12794625910082438,
      "incr_op_margin_yoy": 0.8470506177760064,
      "rev_growth_yoy": -0.0343195590025579,
      "rev_growth_yoy_accel": 0.03764491485843477,
      "op_leverage_ratio": 0.9944740614488249,
      "fcf_margin_change": 0.05535025178598135
    },
    {
      "date": "2024-11-02T00:00:00",
      "quarter_label": "2024-11 (Q4)",
      "revenue": 293618000,
      "gross_profit": 140071000,
      "operating_income": 54483000,
      "net_income": 44172000,
      "opex": 85588000,
      "cogs": 153547000,
      "rd": null,
      "sga": 85588000,
      "fcf": 33602000,
      "ocf": 43754000,
      "capex": -10152000,
      "gross_margin": 0.4770518156243827,
      "op_margin": 0.18555742495351102,
      "fcf_margin": 0.11444121273218945,
      "incr_op_margin_yoy": 0.9738794592946438,
      "rev_growth_yoy": -0.032423045110180355,
      "rev_growth_yoy_accel": 0.0018965138923775424,
      "op_leverage_ratio": 2.549593194783093,
      "fcf_margin_change": -0.013505046368634935
    },
    {
      "date": "2025-02-01T00:00:00",
      "quarter_label": "2025-02 (Q1)",
      "revenue": 379199000,
      "gross_profit": 199485000,
      "operating_income": 96225000,
      "net_income": 77198000,
      "opex": 103260000,
      "cogs": 179714000,
      "rd": null,
      "sga": 103260000,
      "fcf": 110951000,
      "ocf": 120772000,
      "capex": -9821000,
      "gross_margin": 0.5260694252885688,
      "op_margin": 0.25375858058697415,
      "fcf_margin": 0.2925930711842595,
      "incr_op_margin_yoy": 0.08731155778894473,
      "rev_growth_yoy": -0.008326730006302581,
      "rev_growth_yoy_accel": 0.024096315103877775,
      "op_leverage_ratio": 1.411633173834533,
      "fcf_margin_change": 0.17815185845207004
    },
    {
      "date": "2025-05-03T00:00:00",
      "quarter_label": "2025-05 (Q2)",
      "revenue": 272121000,
      "gross_profit": 126976000,
      "operating_income": 43546000,
      "net_income": 35193000,
      "opex": 83430000,
      "cogs": 145145000,
      "rd": null,
      "sga": 83430000,
      "fcf": 19573000,
      "ocf": 30976000,
      "capex": -11403000,
      "gross_margin": 0.4666159539322581,
      "op_margin": 0.16002440090988934,
      "fcf_margin": 0.0719275616361839,
      "incr_op_margin_yoy": 0.1192822321335961,
      "rev_growth_yoy": 0.036730417555623285,
      "rev_growth_yoy_accel": 0.045057147561925866,
      "fcf_margin_change": -0.22066550954807557
    },
    {
      "date": "2025-08-02T00:00:00",
      "quarter_label": "2025-08 (Q3)",
      "revenue": 305737000,
      "gross_profit": 145009000,
      "operating_income": 56341000,
      "net_income": 45006000,
      "opex": 88668000,
      "cogs": 160728000,
      "rd": null,
      "sga": 88668000,
      "fcf": 46400000,
      "ocf": 58436000,
      "capex": -12036000,
      "gross_margin": 0.474293265126563,
      "op_margin": 0.18427929887452288,
      "fcf_margin": 0.15176442497963935,
      "incr_op_margin_yoy": 0.34615549368173054,
      "rev_growth_yoy": 0.08266877248647271,
      "rev_growth_yoy_accel": 0.045938354930849426,
      "op_leverage_ratio": 1.9676177255440908,
      "fcf_margin_change": 0.07983686334345545
    },
    {
      "date": "2025-11-01T00:00:00",
      "quarter_label": "2025-11 (Q4)",
      "revenue": 320837000,
      "gross_profit": 153906000,
      "operating_income": 60914000,
      "net_income": 48700000,
      "opex": 92992000,
      "cogs": 166931000,
      "rd": null,
      "sga": 92992000,
      "fcf": 38387000,
      "ocf": 49447000,
      "capex": -11060000,
      "gross_margin": 0.47970153068380517,
      "op_margin": 0.18985964835726551,
      "fcf_margin": 0.11964642482007998,
      "incr_op_margin_yoy": 0.2362687828355193,
      "rev_growth_yoy": 0.09270208229740684,
      "rev_growth_yoy_accel": 0.01003330981093413,
      "op_leverage_ratio": 1.012768476042046,
      "fcf_margin_change": -0.03211800015955937
    }
  ],
  "signals": [
    {
      "quarter": "2025-08 (Q3)",
      "signal": "FCF MARGIN EXPANSION",
      "detail": "FCF margin: +7.2% -> +15.2% (+8.0%)",
      "severity": "MEDIUM"
    },
    {
      "quarter": "2025-08 (Q3)",
      "signal": "OPERATING LEVERAGE",
      "detail": "Rev growth +12.4% vs OpEx growth +6.3% (leverage: 2.0x)",
      "severity": "MEDIUM"
    },
    {
      "quarter": "2025-08 (Q3)",
      "signal": "INCREMENTAL MARGIN (YoY)",
      "detail": "YoY Incr OPM: +34.6% vs year-ago OPM: +17.1%",
      "severity": "MEDIUM"
    },
    {
      "quarter": "2025-02 (Q1)",
      "signal": "FCF MARGIN EXPANSION",
      "detail": "FCF margin: +11.4% -> +29.3% (+17.8%)",
      "severity": "MEDIUM"
    },
    {
      "quarter": "2024-11 (Q4)",
      "signal": "OPERATING LEVERAGE",
      "detail": "Rev growth +4.0% vs OpEx growth +1.6% (leverage: 2.5x)",
      "severity": "MEDIUM"
    },
    {
      "quarter": "2024-11 (Q4)",
      "signal": "INCREMENTAL MARGIN (YoY)",
      "detail": "YoY Incr OPM: +97.4% vs year-ago OPM: +21.1%",
      "severity": "HIGH"
    },
    {
      "quarter": "2024-08 (Q3)",
      "signal": "FCF MARGIN EXPANSION",
      "detail": "FCF margin: +7.3% -> +12.8% (+5.5%)",
      "severity": "MEDIUM"
    },
    {
      "quarter": "2024-08 (Q3)",
      "signal": "INCREMENTAL MARGIN (YoY)",
      "detail": "YoY Incr OPM: +84.7% vs year-ago OPM: +19.4%",
      "severity": "HIGH"
    },
    {
      "quarter": "2024-05 (Q2)",
      "signal": "INCREMENTAL MARGIN (YoY)",
      "detail": "YoY Incr OPM: +55.7% vs year-ago OPM: +19.0%",
      "severity": "HIGH"
    },
    {
      "quarter": "2024-02 (Q1)",
      "signal": "FCF MARGIN EXPANSION",
      "detail": "FCF margin: +17.7% -> +26.2% (+8.5%)",
      "severity": "MEDIUM"
    },
    {
      "quarter": "2024-02 (Q1)",
      "signal": "INCREMENTAL MARGIN (YoY)",
      "detail": "YoY Incr OPM: +69.2% vs year-ago OPM: +27.4%",
      "severity": "HIGH"
    },
    {
      "quarter": "2023-10 (Q4)",
      "signal": "OPERATING LEVERAGE",
      "detail": "Rev growth +3.8% vs OpEx growth +1.8% (leverage: 2.1x)",
      "severity": "MEDIUM"
    },
    {
      "quarter": "2023-10 (Q4)",
      "signal": "YoY REVENUE GROWTH DECELERATION",
      "detail": "YoY growth: -8.7% vs prior quarter YoY: -3.2% (decel: -5.5%)",
      "severity": "WARNING"
    },
    {
      "quarter": "2023-10 (Q4)",
      "signal": "INCREMENTAL MARGIN (YoY)",
      "detail": "YoY Incr OPM: +53.2% vs year-ago OPM: +23.9%",
      "severity": "HIGH"
    },
    {
      "quarter": "2023-07 (Q3)",
      "signal": "FCF MARGIN EXPANSION",
      "detail": "FCF margin: +8.5% -> +13.6% (+5.1%)",
      "severity": "MEDIUM"
    },
    {
      "quarter": "2023-07 (Q3)",
      "signal": "YoY REVENUE GROWTH ACCELERATION",
      "detail": "YoY growth: -3.2% vs prior quarter YoY: -8.5% (accel: +5.3%)",
      "severity": "MEDIUM"
    },
    {
      "quarter": "2023-07 (Q3)",
      "signal": "INCREMENTAL MARGIN (YoY)",
      "detail": "YoY Incr OPM: +93.8% vs year-ago OPM: +21.8%",
      "severity": "HIGH"
    },
    {
      "quarter": "2023-04 (Q2)",
      "signal": "YoY REVENUE GROWTH DECELERATION",
      "detail": "YoY growth: -8.5% vs prior quarter YoY: +5.5% (decel: -14.0%)",
      "severity": "WARNING"
    },
    {
      "quarter": "2023-04 (Q2)",
      "signal": "INCREMENTAL MARGIN (YoY)",
      "detail": "YoY Incr OPM: +73.7% vs year-ago OPM: +23.6%",
      "severity": "HIGH"
    },
    {
      "quarter": "2023-01 (Q1)",
      "signal": "FCF MARGIN EXPANSION",
      "detail": "FCF margin: +17.5% -> +24.7% (+7.2%)",
      "severity": "MEDIUM"
    },
    {
      "quarter": "2022-07 (Q3)",
      "signal": "FCF MARGIN EXPANSION",
      "detail": "FCF margin: +4.7% -> +13.3% (+8.7%)",
      "severity": "MEDIUM"
    },
    {
      "quarter": "2022-04 (Q2)",
      "signal": "YoY REVENUE GROWTH DECELERATION",
      "detail": "YoY growth: +3.3% vs prior quarter YoY: +19.5% (decel: -16.2%)",
      "severity": "WARNING"
    },
    {
      "quarter": "2022-01 (Q1)",
      "signal": "INCREMENTAL MARGIN (YoY)",
      "detail": "YoY Incr OPM: +40.3% vs year-ago OPM: +26.5%",
      "severity": "MEDIUM"
    },
    {
      "quarter": "2021-10 (Q4)",
      "signal": "FCF MARGIN EXPANSION",
      "detail": "FCF margin: +13.0% -> +25.6% (+12.6%)",
      "severity": "MEDIUM"
    },
    {
      "quarter": "2021-10 (Q4)",
      "signal": "GROSS MARGIN INFLECTION",
      "detail": "GM: +49.3% -> +48.1% -> +50.4% (reversal +2.3%)",
      "severity": "MEDIUM"
    }
  ],
  "data_quality": {
    "n_quarters": 20,
    "coverage": {
      "revenue": [
        20,
        20
      ],
      "gross_profit": [
        20,
        20
      ],
      "op_income": [
        20,
        20
      ],
      "fcf": [
        20,
        20
      ]
    },
    "gaps": [],
    "warnings": []
  },
  "market_cap": null,
  "source": "SEC EDGAR",
  "last_updated": "2026-02-02T21:29:21.311011",
  "sector": "Consumer Cyclical",
  "industry": "Apparel Retail"
}