{
  "ticker": "BKTI",
  "name": "BK Technologies Corp",
  "quarters": [
    {
      "date": "2020-12-31T00:00:00",
      "quarter_label": "2020-12 (Q4)",
      "revenue": 10553000,
      "gross_profit": 4661000,
      "operating_income": 890000,
      "net_income": 1065000,
      "opex": 9663000,
      "cogs": 5892000,
      "rd": null,
      "sga": 3771000,
      "fcf": 715000,
      "ocf": 919000,
      "capex": -204000,
      "gross_margin": 0.4416753529801952,
      "op_margin": 0.08433620771344641,
      "fcf_margin": 0.0677532455226002
    },
    {
      "date": "2021-03-31T00:00:00",
      "quarter_label": "2021-03 (Q1)",
      "revenue": 8564000,
      "gross_profit": 3096000,
      "operating_income": -877000,
      "net_income": -694000,
      "opex": 9417000,
      "cogs": 5468000,
      "rd": null,
      "sga": 3973000,
      "fcf": -992000,
      "ocf": 39000,
      "capex": -1031000,
      "gross_margin": 0.3615133115366651,
      "op_margin": -0.10240541802895843,
      "fcf_margin": -0.11583372255955161,
      "fcf_margin_change": -0.1835869680821518
    },
    {
      "date": "2021-06-30T00:00:00",
      "quarter_label": "2021-06 (Q2)",
      "revenue": 11335000,
      "gross_profit": 4211000,
      "operating_income": -342000,
      "net_income": 1696000,
      "opex": 11535000,
      "cogs": 7124000,
      "rd": null,
      "sga": 4553000,
      "fcf": -3374000,
      "ocf": -2864000,
      "capex": -510000,
      "gross_margin": 0.3715041905602117,
      "op_margin": -0.030172033524481695,
      "fcf_margin": -0.2976621085134539,
      "op_leverage_ratio": 1.4386212857564373,
      "fcf_margin_change": -0.18182838595390233
    },
    {
      "date": "2021-09-30T00:00:00",
      "quarter_label": "2021-09 (Q3)",
      "revenue": 12626000,
      "gross_profit": 4138000,
      "operating_income": -370000,
      "net_income": -2566000,
      "opex": 12996000,
      "cogs": 8488000,
      "rd": null,
      "sga": 4508000,
      "fcf": -1174000,
      "ocf": -794000,
      "capex": -380000,
      "gross_margin": 0.3277364169174719,
      "op_margin": -0.029304609535878347,
      "fcf_margin": -0.09298273404086806,
      "op_leverage_ratio": 0.8992327194303773,
      "fcf_margin_change": 0.20467937447258588
    },
    {
      "date": "2021-12-31T00:00:00",
      "quarter_label": "2021-12 (Q4)",
      "revenue": 12838000,
      "gross_profit": 4649000,
      "operating_income": 226000,
      "net_income": -303000,
      "opex": 12612000,
      "cogs": 8189000,
      "rd": null,
      "sga": 4423000,
      "fcf": -3178000,
      "ocf": -2683000,
      "capex": -495000,
      "gross_margin": 0.36212805732980213,
      "op_margin": 0.017603988160149554,
      "fcf_margin": -0.247546346782988,
      "incr_op_margin_yoy": -0.29059080962800876,
      "rev_growth_yoy": 0.21652610632047758,
      "op_leverage_ratio": Infinity,
      "fcf_margin_change": -0.15456361274211994
    },
    {
      "date": "2022-03-31T00:00:00",
      "quarter_label": "2022-03 (Q1)",
      "revenue": 6585000,
      "gross_profit": 1472000,
      "operating_income": -3444000,
      "net_income": -3936000,
      "opex": 10029000,
      "cogs": 5113000,
      "rd": null,
      "sga": 4916000,
      "fcf": -3640000,
      "ocf": -3295000,
      "capex": -345000,
      "gross_margin": 0.22353834472285497,
      "op_margin": -0.5230068337129841,
      "fcf_margin": -0.5527714502657555,
      "incr_op_margin_yoy": 1.2971197574532591,
      "rev_growth_yoy": -0.23108360579168613,
      "rev_growth_yoy_accel": -0.4476097121121637,
      "fcf_margin_change": -0.30522510348276743
    },
    {
      "date": "2022-06-30T00:00:00",
      "quarter_label": "2022-06 (Q2)",
      "revenue": 12111000,
      "gross_profit": 1725000,
      "operating_income": -3680000,
      "net_income": -4334000,
      "opex": 15791000,
      "cogs": 10386000,
      "rd": null,
      "sga": 5405000,
      "fcf": -2381000,
      "ocf": -2012000,
      "capex": -369000,
      "gross_margin": 0.14243249938072827,
      "op_margin": -0.30385599867888696,
      "fcf_margin": -0.1965981339278342,
      "rev_growth_yoy": 0.06846052051168945,
      "rev_growth_yoy_accel": 0.29954412630337557,
      "op_leverage_ratio": 1.4606275187604911,
      "fcf_margin_change": 0.35617331633792126
    },
    {
      "date": "2022-09-30T00:00:00",
      "quarter_label": "2022-09 (Q3)",
      "revenue": 11917000,
      "gross_profit": null,
      "operating_income": -2391000,
      "net_income": -2402000,
      "opex": 14308000,
      "cogs": null,
      "rd": null,
      "sga": 4632000,
      "fcf": -1796000,
      "ocf": -1551000,
      "capex": -245000,
      "gross_margin": null,
      "op_margin": -0.2006377443987581,
      "fcf_margin": -0.15070907107493497,
      "rev_growth_yoy": -0.05615396800253445,
      "rev_growth_yoy_accel": -0.12461448851422391,
      "fcf_margin_change": 0.04588906285289923
    },
    {
      "date": "2022-12-31T00:00:00",
      "quarter_label": "2022-12 (Q4)",
      "revenue": 20339000,
      "gross_profit": null,
      "operating_income": -1566000,
      "net_income": -22305000,
      "opex": 21905000,
      "cogs": null,
      "rd": null,
      "sga": 5973000,
      "fcf": -2933000,
      "ocf": -2142000,
      "capex": -791000,
      "gross_margin": null,
      "op_margin": -0.07699493583755347,
      "fcf_margin": -0.1442057131619057,
      "incr_op_margin_yoy": -0.23890147980269297,
      "rev_growth_yoy": 0.584281040660539,
      "rev_growth_yoy_accel": 0.6404350086630735,
      "op_leverage_ratio": 1.3310215984370595,
      "fcf_margin_change": 0.0065033579130292785
    },
    {
      "date": "2023-03-31T00:00:00",
      "quarter_label": "2023-03 (Q1)",
      "revenue": 18721000,
      "gross_profit": null,
      "operating_income": -987000,
      "net_income": -1270000,
      "opex": 19708000,
      "cogs": null,
      "rd": null,
      "sga": 5882000,
      "fcf": -34,
      "ocf": 558,
      "capex": -592,
      "gross_margin": null,
      "op_margin": -0.05272154265263608,
      "fcf_margin": -1.8161423000908072e-06,
      "incr_op_margin_yoy": 0.20245550428477257,
      "rev_growth_yoy": 1.842976461655277,
      "rev_growth_yoy_accel": 1.258695420994738,
      "fcf_margin_change": 0.1442038970196056
    },
    {
      "date": "2023-06-30T00:00:00",
      "quarter_label": "2023-06 (Q2)",
      "revenue": 18996000,
      "gross_profit": null,
      "operating_income": -784000,
      "net_income": -1340000,
      "opex": 19780000,
      "cogs": null,
      "rd": null,
      "sga": 5988000,
      "fcf": 623034,
      "ocf": 1540442,
      "capex": -917408,
      "gross_margin": null,
      "op_margin": -0.04127184670456938,
      "fcf_margin": 0.03279816803537587,
      "incr_op_margin_yoy": 0.4206245461147422,
      "rev_growth_yoy": 0.5684914540500372,
      "rev_growth_yoy_accel": -1.2744850076052399,
      "op_leverage_ratio": 4.020811447631596,
      "fcf_margin_change": 0.03279998417767596
    },
    {
      "date": "2023-09-30T00:00:00",
      "quarter_label": "2023-09 (Q3)",
      "revenue": 20069000,
      "gross_profit": 6406000,
      "operating_income": 594000,
      "net_income": 90000,
      "opex": 19475000,
      "cogs": 13663000,
      "rd": null,
      "sga": 5812000,
      "fcf": 1482000,
      "ocf": 2399000,
      "capex": -917000,
      "gross_margin": 0.31919876426329163,
      "op_margin": 0.029597887288853455,
      "fcf_margin": 0.073845233942897,
      "incr_op_margin_yoy": 0.36616781157998035,
      "rev_growth_yoy": 0.6840647814047159,
      "rev_growth_yoy_accel": 0.11557332735467873,
      "op_leverage_ratio": Infinity,
      "fcf_margin_change": 0.041047065907521135
    },
    {
      "date": "2023-12-31T00:00:00",
      "quarter_label": "2023-12 (Q4)",
      "revenue": 16308000,
      "gross_profit": 5732000,
      "operating_income": 400000,
      "net_income": 290000,
      "opex": 15908000,
      "cogs": 10576000,
      "rd": null,
      "sga": 5332000,
      "fcf": -2567000,
      "ocf": -2285000,
      "capex": -282000,
      "gross_margin": 0.3514839342653912,
      "op_margin": 0.02452783909737552,
      "fcf_margin": -0.1574074074074074,
      "incr_op_margin_yoy": -0.48772016869263213,
      "rev_growth_yoy": -0.1981906681744432,
      "rev_growth_yoy_accel": -0.8822554495791591,
      "fcf_margin_change": -0.23125264135030443
    },
    {
      "date": "2024-03-31T00:00:00",
      "quarter_label": "2024-03 (Q1)",
      "revenue": 18231,
      "gross_profit": -11924769,
      "operating_income": 983,
      "net_income": 681,
      "opex": 17248,
      "cogs": 11943000,
      "rd": null,
      "sga": 5305,
      "fcf": -1000000,
      "ocf": -786000,
      "capex": -214000,
      "gross_margin": -654.0929735066645,
      "op_margin": 0.05391914870275904,
      "fcf_margin": -54.8516263507213,
      "incr_op_margin_yoy": -0.052825493380151356,
      "rev_growth_yoy": -0.9990261738155013,
      "rev_growth_yoy_accel": -0.8008355056410581,
      "fcf_margin_change": -54.69421894331389
    },
    {
      "date": "2024-06-30T00:00:00",
      "quarter_label": "2024-06 (Q2)",
      "revenue": 20254000,
      "gross_profit": 7547000,
      "operating_income": 2025000,
      "net_income": 1664000,
      "opex": 18229000,
      "cogs": 12707000,
      "rd": 1984000,
      "sga": 5522000,
      "fcf": 3893000,
      "ocf": 4097000,
      "capex": -204000,
      "gross_margin": 0.37261775451762613,
      "op_margin": 0.09998025081465389,
      "fcf_margin": 0.19220894638096178,
      "incr_op_margin_yoy": 2.2329093799682034,
      "rev_growth_yoy": 0.06622446830911771,
      "rev_growth_yoy_accel": 1.065250642124619,
      "op_leverage_ratio": 1.0512263489077998,
      "fcf_margin_change": 55.043835297102255
    },
    {
      "date": "2024-09-30T00:00:00",
      "quarter_label": "2024-09 (Q3)",
      "revenue": 20179000,
      "gross_profit": 7836000,
      "operating_income": 2611000,
      "net_income": 2357000,
      "opex": 17568000,
      "cogs": 12343000,
      "rd": 1861000,
      "sga": 5225000,
      "fcf": 5197000,
      "ocf": 5650000,
      "capex": -453000,
      "gross_margin": 0.38832449576292183,
      "op_margin": 0.1293919421180435,
      "fcf_margin": 0.2575449724961594,
      "rev_growth_yoy": 0.005481090238676566,
      "rev_growth_yoy_accel": -0.06074337807044115,
      "fcf_margin_change": 0.06533602611519759
    },
    {
      "date": "2024-12-31T00:00:00",
      "quarter_label": "2024-12 (Q4)",
      "revenue": 17928000,
      "gross_profit": 7379000,
      "operating_income": 2209000,
      "net_income": 3657000,
      "opex": 15719000,
      "cogs": 10549000,
      "rd": 1919000,
      "sga": 5170000,
      "fcf": 2119000,
      "ocf": 2483000,
      "capex": -364000,
      "gross_margin": 0.411590807675145,
      "op_margin": 0.12321508255243195,
      "fcf_margin": 0.1181950022311468,
      "incr_op_margin_yoy": 1.1166666666666667,
      "rev_growth_yoy": 0.09933774834437085,
      "rev_growth_yoy_accel": 0.0938566581056943,
      "fcf_margin_change": -0.13934997026501256
    },
    {
      "date": "2025-03-31T00:00:00",
      "quarter_label": "2025-03 (Q1)",
      "revenue": 19054000,
      "gross_profit": 8950000,
      "operating_income": 2916000,
      "net_income": 2132000,
      "opex": 16138000,
      "cogs": 10104000,
      "rd": null,
      "sga": 6034000,
      "fcf": 1832000,
      "ocf": 2100000,
      "capex": -268000,
      "gross_margin": 0.4697176445890627,
      "op_margin": 0.1530387320247717,
      "fcf_margin": 0.09614779049018579,
      "incr_op_margin_yoy": 0.15313366116178442,
      "rev_growth_yoy": 1044.1428884866436,
      "rev_growth_yoy_accel": 1044.0435507382992,
      "op_leverage_ratio": 2.3562286803006245,
      "fcf_margin_change": -0.022047211740961012
    },
    {
      "date": "2025-06-30T00:00:00",
      "quarter_label": "2025-06 (Q2)",
      "revenue": 21165000,
      "gross_profit": 10035000,
      "operating_income": 3997000,
      "net_income": 3741000,
      "opex": 6038000,
      "cogs": 11130000,
      "rd": 2306000,
      "sga": 6038000,
      "fcf": 3651000,
      "ocf": 3902000,
      "capex": -251000,
      "gross_margin": 0.4741318214032601,
      "op_margin": 0.1888495157098984,
      "fcf_margin": 0.17250177179305456,
      "rev_growth_yoy": 0.04497876962575294,
      "rev_growth_yoy_accel": -1044.097909717018,
      "op_leverage_ratio": Infinity,
      "fcf_margin_change": 0.07635398130286877
    },
    {
      "date": "2025-09-30T00:00:00",
      "quarter_label": "2025-09 (Q3)",
      "revenue": 24411000,
      "gross_profit": 12189000,
      "operating_income": 4845000,
      "net_income": 3436000,
      "opex": 7344000,
      "cogs": 12222000,
      "rd": 2771000,
      "sga": 7344000,
      "fcf": 10074000,
      "ocf": 10433000,
      "capex": -359000,
      "gross_margin": 0.49932407521199457,
      "op_margin": 0.19847609684158782,
      "fcf_margin": 0.41268280693130144,
      "incr_op_margin_yoy": 0.527882797731569,
      "rev_growth_yoy": 0.20972297933495218,
      "rev_growth_yoy_accel": 0.16474420970919923,
      "op_leverage_ratio": 0.7090554090969771,
      "fcf_margin_change": 0.24018103513824687
    }
  ],
  "signals": [
    {
      "quarter": "2025-09 (Q3)",
      "signal": "FCF MARGIN EXPANSION",
      "detail": "FCF margin: +17.3% -> +41.3% (+24.0%)",
      "severity": "MEDIUM"
    },
    {
      "quarter": "2025-09 (Q3)",
      "signal": "YoY REVENUE GROWTH ACCELERATION",
      "detail": "YoY growth: +21.0% vs prior quarter YoY: +4.5% (accel: +16.5%)",
      "severity": "HIGH"
    },
    {
      "quarter": "2025-09 (Q3)",
      "signal": "INCREMENTAL MARGIN (YoY)",
      "detail": "YoY Incr OPM: +52.8% vs year-ago OPM: +12.9%",
      "severity": "HIGH"
    },
    {
      "quarter": "2025-06 (Q2)",
      "signal": "FCF MARGIN EXPANSION",
      "detail": "FCF margin: +9.6% -> +17.3% (+7.6%)",
      "severity": "MEDIUM"
    },
    {
      "quarter": "2025-06 (Q2)",
      "signal": "YoY REVENUE GROWTH DECELERATION",
      "detail": "YoY growth: +4.5% vs prior quarter YoY: +104414.3% (decel: -104409.8%)",
      "severity": "WARNING"
    },
    {
      "quarter": "2025-03 (Q1)",
      "signal": "OPERATING LEVERAGE",
      "detail": "Rev growth +6.3% vs OpEx growth +2.7% (leverage: 2.4x)",
      "severity": "MEDIUM"
    },
    {
      "quarter": "2025-03 (Q1)",
      "signal": "YoY REVENUE GROWTH ACCELERATION",
      "detail": "YoY growth: +104414.3% vs prior quarter YoY: +9.9% (accel: +104404.4%)",
      "severity": "HIGH"
    },
    {
      "quarter": "2024-12 (Q4)",
      "signal": "YoY REVENUE GROWTH ACCELERATION",
      "detail": "YoY growth: +9.9% vs prior quarter YoY: +0.5% (accel: +9.4%)",
      "severity": "MEDIUM"
    },
    {
      "quarter": "2024-12 (Q4)",
      "signal": "INCREMENTAL MARGIN (YoY)",
      "detail": "YoY Incr OPM: +111.7% vs year-ago OPM: +2.5%",
      "severity": "HIGH"
    },
    {
      "quarter": "2024-09 (Q3)",
      "signal": "FCF MARGIN EXPANSION",
      "detail": "FCF margin: +19.2% -> +25.8% (+6.5%)",
      "severity": "MEDIUM"
    },
    {
      "quarter": "2024-09 (Q3)",
      "signal": "YoY REVENUE GROWTH DECELERATION",
      "detail": "YoY growth: +0.5% vs prior quarter YoY: +6.6% (decel: -6.1%)",
      "severity": "WARNING"
    },
    {
      "quarter": "2024-06 (Q2)",
      "signal": "FCF TURNED POSITIVE",
      "detail": "FCF margin: -5485.2% -> +19.2%",
      "severity": "HIGH"
    },
    {
      "quarter": "2024-06 (Q2)",
      "signal": "GROSS MARGIN INFLECTION",
      "detail": "GM: +35.1% -> -65409.3% -> +37.3% (reversal +65446.6%)",
      "severity": "HIGH"
    },
    {
      "quarter": "2024-06 (Q2)",
      "signal": "YoY REVENUE GROWTH ACCELERATION",
      "detail": "YoY growth: +6.6% vs prior quarter YoY: -99.9% (accel: +106.5%)",
      "severity": "HIGH"
    },
    {
      "quarter": "2024-06 (Q2)",
      "signal": "OP MARGIN TURNED POSITIVE (YoY)",
      "detail": "Op margin: -4.1% (year-ago) -> +10.0%",
      "severity": "HIGH"
    },
    {
      "quarter": "2024-03 (Q1)",
      "signal": "YoY REVENUE GROWTH DECELERATION",
      "detail": "YoY growth: -99.9% vs prior quarter YoY: -19.8% (decel: -80.1%)",
      "severity": "WARNING"
    },
    {
      "quarter": "2024-03 (Q1)",
      "signal": "OP MARGIN TURNED POSITIVE (YoY)",
      "detail": "Op margin: -5.3% (year-ago) -> +5.4%",
      "severity": "HIGH"
    },
    {
      "quarter": "2023-12 (Q4)",
      "signal": "YoY REVENUE GROWTH DECELERATION",
      "detail": "YoY growth: -19.8% vs prior quarter YoY: +68.4% (decel: -88.2%)",
      "severity": "WARNING"
    },
    {
      "quarter": "2023-12 (Q4)",
      "signal": "OP MARGIN TURNED POSITIVE (YoY)",
      "detail": "Op margin: -7.7% (year-ago) -> +2.5%",
      "severity": "HIGH"
    },
    {
      "quarter": "2023-09 (Q3)",
      "signal": "YoY REVENUE GROWTH ACCELERATION",
      "detail": "YoY growth: +68.4% vs prior quarter YoY: +56.8% (accel: +11.6%)",
      "severity": "MEDIUM"
    },
    {
      "quarter": "2023-09 (Q3)",
      "signal": "OP MARGIN TURNED POSITIVE (YoY)",
      "detail": "Op margin: -20.1% (year-ago) -> +3.0%",
      "severity": "HIGH"
    },
    {
      "quarter": "2023-09 (Q3)",
      "signal": "OP MARGIN TURNED POSITIVE (QoQ)",
      "detail": "Op margin: -4.1% -> +3.0%",
      "severity": "HIGH"
    },
    {
      "quarter": "2023-06 (Q2)",
      "signal": "FCF TURNED POSITIVE",
      "detail": "FCF margin: -0.0% -> +3.3%",
      "severity": "HIGH"
    },
    {
      "quarter": "2023-06 (Q2)",
      "signal": "OPERATING LEVERAGE",
      "detail": "Rev growth +1.5% vs OpEx growth +0.4% (leverage: 4.0x)",
      "severity": "MEDIUM"
    },
    {
      "quarter": "2023-06 (Q2)",
      "signal": "YoY REVENUE GROWTH DECELERATION",
      "detail": "YoY growth: +56.8% vs prior quarter YoY: +184.3% (decel: -127.4%)",
      "severity": "WARNING"
    },
    {
      "quarter": "2023-03 (Q1)",
      "signal": "FCF MARGIN EXPANSION",
      "detail": "FCF margin: -14.4% -> -0.0% (+14.4%)",
      "severity": "MEDIUM"
    },
    {
      "quarter": "2023-03 (Q1)",
      "signal": "YoY REVENUE GROWTH ACCELERATION",
      "detail": "YoY growth: +184.3% vs prior quarter YoY: +58.4% (accel: +125.9%)",
      "severity": "HIGH"
    },
    {
      "quarter": "2022-12 (Q4)",
      "signal": "YoY REVENUE GROWTH ACCELERATION",
      "detail": "YoY growth: +58.4% vs prior quarter YoY: -5.6% (accel: +64.0%)",
      "severity": "HIGH"
    },
    {
      "quarter": "2022-09 (Q3)",
      "signal": "YoY REVENUE GROWTH DECELERATION",
      "detail": "YoY growth: -5.6% vs prior quarter YoY: +6.8% (decel: -12.5%)",
      "severity": "WARNING"
    },
    {
      "quarter": "2022-06 (Q2)",
      "signal": "FCF MARGIN EXPANSION",
      "detail": "FCF margin: -55.3% -> -19.7% (+35.6%)",
      "severity": "MEDIUM"
    },
    {
      "quarter": "2022-06 (Q2)",
      "signal": "YoY REVENUE GROWTH ACCELERATION",
      "detail": "YoY growth: +6.8% vs prior quarter YoY: -23.1% (accel: +30.0%)",
      "severity": "HIGH"
    },
    {
      "quarter": "2022-03 (Q1)",
      "signal": "YoY REVENUE GROWTH DECELERATION",
      "detail": "YoY growth: -23.1% vs prior quarter YoY: +21.7% (decel: -44.8%)",
      "severity": "WARNING"
    },
    {
      "quarter": "2021-12 (Q4)",
      "signal": "GROSS MARGIN INFLECTION",
      "detail": "GM: +37.2% -> +32.8% -> +36.2% (reversal +3.4%)",
      "severity": "MEDIUM"
    },
    {
      "quarter": "2021-12 (Q4)",
      "signal": "OP MARGIN TURNED POSITIVE (QoQ)",
      "detail": "Op margin: -2.9% -> +1.8%",
      "severity": "HIGH"
    },
    {
      "quarter": "2021-09 (Q3)",
      "signal": "FCF MARGIN EXPANSION",
      "detail": "FCF margin: -29.8% -> -9.3% (+20.5%)",
      "severity": "MEDIUM"
    }
  ],
  "data_quality": {
    "n_quarters": 20,
    "coverage": {
      "revenue": [
        20,
        20
      ],
      "gross_profit": [
        16,
        20
      ],
      "op_income": [
        20,
        20
      ],
      "fcf": [
        20,
        20
      ]
    },
    "gaps": [],
    "warnings": []
  },
  "market_cap": null,
  "source": "SEC EDGAR",
  "last_updated": "2026-02-02T22:47:25.033945",
  "sector": "Technology",
  "industry": "Communication Equipment"
}