{
  "ticker": "BL",
  "name": "BlackLine, Inc.",
  "quarters": [
    {
      "date": "2020-12-31T00:00:00",
      "quarter_label": "2020-12 (Q4)",
      "revenue": 95710000,
      "gross_profit": 76528000,
      "operating_income": -7192000,
      "net_income": -16985000,
      "opex": 83720000,
      "cogs": 19182000,
      "rd": 18041000,
      "sga": null,
      "fcf": 10814000,
      "ocf": 14812000,
      "capex": -3998000,
      "gross_margin": 0.7995820708389928,
      "op_margin": -0.07514366314909623,
      "fcf_margin": 0.11298714867829902
    },
    {
      "date": "2021-03-31T00:00:00",
      "quarter_label": "2021-03 (Q1)",
      "revenue": 98856000,
      "gross_profit": 76966000,
      "operating_income": -18705000,
      "net_income": -38964000,
      "opex": 95671000,
      "cogs": 21890000,
      "rd": 18973000,
      "sga": null,
      "fcf": 27409000,
      "ocf": 28505000,
      "capex": -1096000,
      "gross_margin": 0.7785668042405115,
      "op_margin": -0.18921461519786356,
      "fcf_margin": 0.2772618758598365,
      "op_leverage_ratio": 0.23026417530972537,
      "fcf_margin_change": 0.16427472718153752
    },
    {
      "date": "2021-06-30T00:00:00",
      "quarter_label": "2021-06 (Q2)",
      "revenue": 102122000,
      "gross_profit": 78550000,
      "operating_income": -9672000,
      "net_income": -25446000,
      "opex": 88222000,
      "cogs": 23572000,
      "rd": 18795000,
      "sga": null,
      "fcf": 11762000,
      "ocf": 12388000,
      "capex": -626000,
      "gross_margin": 0.7691780419498248,
      "op_margin": -0.0947102485262725,
      "fcf_margin": 0.11517596600144925,
      "op_leverage_ratio": Infinity,
      "fcf_margin_change": -0.16208590985838728
    },
    {
      "date": "2021-09-30T00:00:00",
      "quarter_label": "2021-09 (Q3)",
      "revenue": 109402000,
      "gross_profit": 84965000,
      "operating_income": 5951000,
      "net_income": -13741000,
      "opex": 79014000,
      "cogs": 24437000,
      "rd": 18843000,
      "sga": null,
      "fcf": 13599000,
      "ocf": 17074000,
      "capex": -3475000,
      "gross_margin": 0.7766311401985339,
      "op_margin": 0.05439571488638233,
      "fcf_margin": 0.1243030291950787,
      "op_leverage_ratio": Infinity,
      "fcf_margin_change": 0.00912706319362945
    },
    {
      "date": "2021-12-31T00:00:00",
      "quarter_label": "2021-12 (Q4)",
      "revenue": 115326000,
      "gross_profit": 87354000,
      "operating_income": -16188000,
      "net_income": -37010000,
      "opex": 103542000,
      "cogs": 27972000,
      "rd": 20711000,
      "sga": null,
      "fcf": 18594000,
      "ocf": 22126000,
      "capex": -3532000,
      "gross_margin": 0.7574527860152958,
      "op_margin": -0.14036730659174862,
      "fcf_margin": 0.16122990479163415,
      "incr_op_margin_yoy": -0.458605220228385,
      "rev_growth_yoy": 0.20495246055793542,
      "op_leverage_ratio": 0.1744342245413073,
      "fcf_margin_change": 0.036926875596555456
    },
    {
      "date": "2022-03-31T00:00:00",
      "quarter_label": "2022-03 (Q1)",
      "revenue": 120236000,
      "gross_profit": 89563000,
      "operating_income": -25364000,
      "net_income": -10011000,
      "opex": 114927000,
      "cogs": 30673000,
      "rd": 25248000,
      "sga": null,
      "fcf": -1352000,
      "ocf": 176000,
      "capex": -1528000,
      "gross_margin": 0.7448933763598257,
      "op_margin": -0.210951794803553,
      "fcf_margin": -0.011244552380318707,
      "incr_op_margin_yoy": -0.31145930776426567,
      "rev_growth_yoy": 0.21627417658007608,
      "rev_growth_yoy_accel": 0.01132171602214066,
      "op_leverage_ratio": 0.387202165542432,
      "fcf_margin_change": -0.17247445717195287
    },
    {
      "date": "2022-06-30T00:00:00",
      "quarter_label": "2022-06 (Q2)",
      "revenue": 128477000,
      "gross_profit": 95554000,
      "operating_income": -12693000,
      "net_income": -10665000,
      "opex": 108247000,
      "cogs": 32923000,
      "rd": 27902000,
      "sga": null,
      "fcf": 132000,
      "ocf": 5907000,
      "capex": -5775000,
      "gross_margin": 0.74374401643874,
      "op_margin": -0.09879589342839575,
      "fcf_margin": 0.0010274212504961977,
      "incr_op_margin_yoy": -0.11462720546385885,
      "rev_growth_yoy": 0.25807367658291064,
      "rev_growth_yoy_accel": 0.041799500002834555,
      "op_leverage_ratio": Infinity,
      "fcf_margin_change": 0.012271973630814904
    },
    {
      "date": "2022-09-30T00:00:00",
      "quarter_label": "2022-09 (Q3)",
      "revenue": 134268000,
      "gross_profit": 101842000,
      "operating_income": -21419000,
      "net_income": -20019000,
      "opex": 123261000,
      "cogs": 32426000,
      "rd": 27721000,
      "sga": null,
      "fcf": 21737000,
      "ocf": 24176000,
      "capex": -2439000,
      "gross_margin": 0.7584979295141061,
      "op_margin": -0.1595242351118658,
      "fcf_margin": 0.16189263264515744,
      "incr_op_margin_yoy": -1.1006997506635567,
      "rev_growth_yoy": 0.22729017751046598,
      "rev_growth_yoy_accel": -0.030783499072444653,
      "op_leverage_ratio": 0.3249732661542949,
      "fcf_margin_change": 0.16086521139466123
    },
    {
      "date": "2022-12-31T00:00:00",
      "quarter_label": "2022-12 (Q4)",
      "revenue": 139957000,
      "gross_profit": 106594000,
      "operating_income": 3278000,
      "net_income": 11304000,
      "opex": 103316000,
      "cogs": 33363000,
      "rd": 28022000,
      "sga": null,
      "fcf": 24522000,
      "ocf": 25754000,
      "capex": -1232000,
      "gross_margin": 0.7616196403180977,
      "op_margin": 0.023421479454403853,
      "fcf_margin": 0.17521095765127861,
      "incr_op_margin_yoy": 0.7903049003288539,
      "rev_growth_yoy": 0.21357716386591055,
      "rev_growth_yoy_accel": -0.013713013644555433,
      "op_leverage_ratio": Infinity,
      "fcf_margin_change": 0.013318325006121179
    },
    {
      "date": "2023-03-31T00:00:00",
      "quarter_label": "2023-03 (Q1)",
      "revenue": 138984000,
      "gross_profit": 103713000,
      "operating_income": -15313000,
      "net_income": -12008000,
      "opex": 119026000,
      "cogs": 35271000,
      "rd": 27105000,
      "sga": null,
      "fcf": 21191000,
      "ocf": 22867000,
      "capex": -1676000,
      "gross_margin": 0.7462225867725781,
      "op_margin": -0.11017815000287803,
      "fcf_margin": 0.1524707880043746,
      "incr_op_margin_yoy": 0.5361105184553019,
      "rev_growth_yoy": 0.15592667753418277,
      "rev_growth_yoy_accel": -0.057650486331727785,
      "fcf_margin_change": -0.022740169646904007
    },
    {
      "date": "2023-06-30T00:00:00",
      "quarter_label": "2023-06 (Q2)",
      "revenue": 144574000,
      "gross_profit": 107458000,
      "operating_income": 17920000,
      "net_income": 30849000,
      "opex": 89538000,
      "cogs": 37116000,
      "rd": 26802000,
      "sga": null,
      "fcf": 23398000,
      "ocf": 24551000,
      "capex": -1153000,
      "gross_margin": 0.7432733409880061,
      "op_margin": 0.12395036451920816,
      "fcf_margin": 0.1618409949230152,
      "incr_op_margin_yoy": 1.9017829409206684,
      "rev_growth_yoy": 0.12529090810028254,
      "rev_growth_yoy_accel": -0.03063576943390023,
      "op_leverage_ratio": Infinity,
      "fcf_margin_change": 0.0093702069186406
    },
    {
      "date": "2023-09-30T00:00:00",
      "quarter_label": "2023-09 (Q3)",
      "revenue": 150708000,
      "gross_profit": 113914000,
      "operating_income": -1074000,
      "net_income": 11923000,
      "opex": 114988000,
      "cogs": 36794000,
      "rd": 26722000,
      "sga": null,
      "fcf": 35928000,
      "ocf": 37026000,
      "capex": -1098000,
      "gross_margin": 0.7558590121294159,
      "op_margin": -0.007126363563978024,
      "fcf_margin": 0.2383947766541922,
      "incr_op_margin_yoy": 1.237530413625304,
      "rev_growth_yoy": 0.12244168379658593,
      "rev_growth_yoy_accel": -0.002849224303696607,
      "op_leverage_ratio": 0.14927022151904154,
      "fcf_margin_change": 0.076553781731177
    },
    {
      "date": "2023-12-31T00:00:00",
      "quarter_label": "2023-12 (Q4)",
      "revenue": 155730000,
      "gross_profit": 118118000,
      "operating_income": 12815000,
      "net_income": 22069000,
      "opex": 105303000,
      "cogs": 37612000,
      "rd": 22578000,
      "sga": null,
      "fcf": 40143000,
      "ocf": 42169000,
      "capex": -2026000,
      "gross_margin": 0.758479419508123,
      "op_margin": 0.08228986065626405,
      "fcf_margin": 0.25777306877287615,
      "incr_op_margin_yoy": 0.604640841945096,
      "rev_growth_yoy": 0.11269890037654423,
      "rev_growth_yoy_accel": -0.0097427834200417,
      "op_leverage_ratio": Infinity,
      "fcf_margin_change": 0.019378292118683943
    },
    {
      "date": "2024-03-31T00:00:00",
      "quarter_label": "2024-03 (Q1)",
      "revenue": 157461000,
      "gross_profit": 118364000,
      "operating_income": 1748000,
      "net_income": 10829000,
      "opex": 116616000,
      "cogs": 39097000,
      "rd": 25015000,
      "sga": null,
      "fcf": 50126000,
      "ocf": 50425000,
      "capex": -299000,
      "gross_margin": 0.7517035964461041,
      "op_margin": 0.011101161557465024,
      "fcf_margin": 0.3183391442960479,
      "incr_op_margin_yoy": 0.9233641824971587,
      "rev_growth_yoy": 0.13294336038680712,
      "rev_growth_yoy_accel": 0.020244460010262894,
      "op_leverage_ratio": 0.10346363708764854,
      "fcf_margin_change": 0.06056607552317178
    },
    {
      "date": "2024-06-30T00:00:00",
      "quarter_label": "2024-06 (Q2)",
      "revenue": 160506000,
      "gross_profit": 120158000,
      "operating_income": 2208000,
      "net_income": 76690000,
      "opex": 117950000,
      "cogs": 40348000,
      "rd": 25721000,
      "sga": null,
      "fcf": 40021000,
      "ocf": 40698000,
      "capex": -677000,
      "gross_margin": 0.7486199892838897,
      "op_margin": 0.013756495084295915,
      "fcf_margin": 0.24934270369955017,
      "incr_op_margin_yoy": -0.9861913130805925,
      "rev_growth_yoy": 0.1101996209553585,
      "rev_growth_yoy_accel": -0.022743739431448626,
      "op_leverage_ratio": 1.6905055578979806,
      "fcf_margin_change": -0.06899644059649776
    },
    {
      "date": "2024-09-30T00:00:00",
      "quarter_label": "2024-09 (Q3)",
      "revenue": 165909000,
      "gross_profit": 124803000,
      "operating_income": 8363000,
      "net_income": 17238000,
      "opex": 116440000,
      "cogs": 41106000,
      "rd": 25649000,
      "sga": null,
      "fcf": 55525000,
      "ocf": 55919000,
      "capex": -394000,
      "gross_margin": 0.7522376724589986,
      "op_margin": 0.050407150908027894,
      "fcf_margin": 0.33467141625831026,
      "incr_op_margin_yoy": 0.6208144201039405,
      "rev_growth_yoy": 0.10086392228680627,
      "rev_growth_yoy_accel": -0.00933569866855223,
      "op_leverage_ratio": Infinity,
      "fcf_margin_change": 0.0853287125587601
    },
    {
      "date": "2024-12-31T00:00:00",
      "quarter_label": "2024-12 (Q4)",
      "revenue": 169460000,
      "gross_profit": 128046000,
      "operating_income": 6217000,
      "net_income": 56417000,
      "opex": 121829000,
      "cogs": 41414000,
      "rd": 24588000,
      "sga": null,
      "fcf": 43038000,
      "ocf": 43794000,
      "capex": -756000,
      "gross_margin": 0.7556119438215508,
      "op_margin": 0.036687123805027734,
      "fcf_margin": 0.2539714386875959,
      "incr_op_margin_yoy": -0.4805535324107793,
      "rev_growth_yoy": 0.08816541449945418,
      "rev_growth_yoy_accel": -0.012698507787352084,
      "op_leverage_ratio": 0.4624606016009458,
      "fcf_margin_change": -0.08069997757071434
    },
    {
      "date": "2025-03-31T00:00:00",
      "quarter_label": "2025-03 (Q1)",
      "revenue": 166931000,
      "gross_profit": 126007000,
      "operating_income": 3575000,
      "net_income": 6055000,
      "opex": 122432000,
      "cogs": 40924000,
      "rd": 25725000,
      "sga": null,
      "fcf": 40791000,
      "ocf": 46742000,
      "capex": -5951000,
      "gross_margin": 0.7548448161216311,
      "op_margin": 0.021416034169806687,
      "fcf_margin": 0.2443584475022614,
      "incr_op_margin_yoy": 0.19292502639915524,
      "rev_growth_yoy": 0.0601418764011406,
      "rev_growth_yoy_accel": -0.028023538098313587,
      "fcf_margin_change": -0.009612991185334513
    },
    {
      "date": "2025-06-30T00:00:00",
      "quarter_label": "2025-06 (Q2)",
      "revenue": 172025000,
      "gross_profit": 129403000,
      "operating_income": 7545000,
      "net_income": 8292000,
      "opex": 121858000,
      "cogs": 42622000,
      "rd": 27964000,
      "sga": null,
      "fcf": 31379000,
      "ocf": 32345000,
      "capex": -966000,
      "gross_margin": 0.7522336869641041,
      "op_margin": 0.04385990408370876,
      "fcf_margin": 0.18240953349803807,
      "incr_op_margin_yoy": 0.46332146887750675,
      "rev_growth_yoy": 0.0717667875344224,
      "rev_growth_yoy_accel": 0.011624911133281797,
      "op_leverage_ratio": Infinity,
      "fcf_margin_change": -0.06194891400422334
    },
    {
      "date": "2025-09-30T00:00:00",
      "quarter_label": "2025-09 (Q3)",
      "revenue": 178290000,
      "gross_profit": 133901000,
      "operating_income": 7609000,
      "net_income": 5285000,
      "opex": 126292000,
      "cogs": 44389000,
      "rd": 27331000,
      "sga": null,
      "fcf": 63266000,
      "ocf": 63800000,
      "capex": -534000,
      "gross_margin": 0.7510292220539571,
      "op_margin": 0.04267765999214763,
      "fcf_margin": 0.3548488417746368,
      "incr_op_margin_yoy": -0.060899765770131654,
      "rev_growth_yoy": 0.07462524636999801,
      "rev_growth_yoy_accel": 0.002858458835575617,
      "op_leverage_ratio": 1.0008934934022726,
      "fcf_margin_change": 0.17243930827659876
    }
  ],
  "signals": [
    {
      "quarter": "2025-09 (Q3)",
      "signal": "FCF MARGIN EXPANSION",
      "detail": "FCF margin: +18.2% -> +35.5% (+17.2%)",
      "severity": "MEDIUM"
    },
    {
      "quarter": "2025-06 (Q2)",
      "signal": "INCREMENTAL MARGIN (YoY)",
      "detail": "YoY Incr OPM: +46.3% vs year-ago OPM: +1.4%",
      "severity": "HIGH"
    },
    {
      "quarter": "2025-03 (Q1)",
      "signal": "INCREMENTAL MARGIN (YoY)",
      "detail": "YoY Incr OPM: +19.3% vs year-ago OPM: +1.1%",
      "severity": "MEDIUM"
    },
    {
      "quarter": "2024-09 (Q3)",
      "signal": "FCF MARGIN EXPANSION",
      "detail": "FCF margin: +24.9% -> +33.5% (+8.5%)",
      "severity": "MEDIUM"
    },
    {
      "quarter": "2024-09 (Q3)",
      "signal": "OP MARGIN TURNED POSITIVE (YoY)",
      "detail": "Op margin: -0.7% (year-ago) -> +5.0%",
      "severity": "HIGH"
    },
    {
      "quarter": "2024-06 (Q2)",
      "signal": "OPERATING LEVERAGE",
      "detail": "Rev growth +1.9% vs OpEx growth +1.1% (leverage: 1.7x)",
      "severity": "MEDIUM"
    },
    {
      "quarter": "2024-03 (Q1)",
      "signal": "FCF MARGIN EXPANSION",
      "detail": "FCF margin: +25.8% -> +31.8% (+6.1%)",
      "severity": "MEDIUM"
    },
    {
      "quarter": "2024-03 (Q1)",
      "signal": "OP MARGIN TURNED POSITIVE (YoY)",
      "detail": "Op margin: -11.0% (year-ago) -> +1.1%",
      "severity": "HIGH"
    },
    {
      "quarter": "2023-12 (Q4)",
      "signal": "INCREMENTAL MARGIN (YoY)",
      "detail": "YoY Incr OPM: +60.5% vs year-ago OPM: +2.3%",
      "severity": "HIGH"
    },
    {
      "quarter": "2023-12 (Q4)",
      "signal": "OP MARGIN TURNED POSITIVE (QoQ)",
      "detail": "Op margin: -0.7% -> +8.2%",
      "severity": "HIGH"
    },
    {
      "quarter": "2023-09 (Q3)",
      "signal": "FCF MARGIN EXPANSION",
      "detail": "FCF margin: +16.2% -> +23.8% (+7.7%)",
      "severity": "MEDIUM"
    },
    {
      "quarter": "2023-06 (Q2)",
      "signal": "OP MARGIN TURNED POSITIVE (YoY)",
      "detail": "Op margin: -9.9% (year-ago) -> +12.4%",
      "severity": "HIGH"
    },
    {
      "quarter": "2023-06 (Q2)",
      "signal": "OP MARGIN TURNED POSITIVE (QoQ)",
      "detail": "Op margin: -11.0% -> +12.4%",
      "severity": "HIGH"
    },
    {
      "quarter": "2023-03 (Q1)",
      "signal": "YoY REVENUE GROWTH DECELERATION",
      "detail": "YoY growth: +15.6% vs prior quarter YoY: +21.4% (decel: -5.8%)",
      "severity": "WARNING"
    },
    {
      "quarter": "2022-12 (Q4)",
      "signal": "OP MARGIN TURNED POSITIVE (YoY)",
      "detail": "Op margin: -14.0% (year-ago) -> +2.3%",
      "severity": "HIGH"
    },
    {
      "quarter": "2022-12 (Q4)",
      "signal": "OP MARGIN TURNED POSITIVE (QoQ)",
      "detail": "Op margin: -16.0% -> +2.3%",
      "severity": "HIGH"
    },
    {
      "quarter": "2022-09 (Q3)",
      "signal": "FCF MARGIN EXPANSION",
      "detail": "FCF margin: +0.1% -> +16.2% (+16.1%)",
      "severity": "MEDIUM"
    },
    {
      "quarter": "2022-06 (Q2)",
      "signal": "FCF TURNED POSITIVE",
      "detail": "FCF margin: -1.1% -> +0.1%",
      "severity": "HIGH"
    },
    {
      "quarter": "2021-09 (Q3)",
      "signal": "OP MARGIN TURNED POSITIVE (QoQ)",
      "detail": "Op margin: -9.5% -> +5.4%",
      "severity": "HIGH"
    },
    {
      "quarter": "2021-03 (Q1)",
      "signal": "FCF MARGIN EXPANSION",
      "detail": "FCF margin: +11.3% -> +27.7% (+16.4%)",
      "severity": "MEDIUM"
    }
  ],
  "data_quality": {
    "n_quarters": 20,
    "coverage": {
      "revenue": [
        20,
        20
      ],
      "gross_profit": [
        20,
        20
      ],
      "op_income": [
        20,
        20
      ],
      "fcf": [
        20,
        20
      ]
    },
    "gaps": [],
    "warnings": []
  },
  "market_cap": null,
  "source": "SEC EDGAR",
  "last_updated": "2026-02-02T21:19:43.677596"
}