{
  "ticker": "BLBD",
  "name": "BLUE BIRD CORPORATION",
  "quarters": [
    {
      "date": "2021-04-03T00:00:00",
      "quarter_label": "2021-04 (Q2)",
      "revenue": 164698000,
      "gross_profit": 18493000,
      "operating_income": 1132000,
      "net_income": -619000,
      "opex": 17361000,
      "cogs": 146205000,
      "rd": null,
      "sga": 17361000,
      "fcf": 299000,
      "ocf": 299000,
      "capex": null,
      "gross_margin": 0.11228430217731848,
      "op_margin": 0.006873186073904965,
      "fcf_margin": 0.001815444024821188
    },
    {
      "date": "2021-07-03T00:00:00",
      "quarter_label": "2021-07 (Q3)",
      "revenue": 196659000,
      "gross_profit": 26159000,
      "operating_income": 8086000,
      "net_income": 4332000,
      "opex": 18073000,
      "cogs": 170500000,
      "rd": null,
      "sga": 18073000,
      "fcf": -3040000,
      "ocf": -3040000,
      "capex": null,
      "gross_margin": 0.13301704981719625,
      "op_margin": 0.041116857097819065,
      "fcf_margin": -0.01545822972759955,
      "op_leverage_ratio": 4.731804328344381,
      "fcf_margin_change": -0.01727367375242074
    },
    {
      "date": "2021-10-02T00:00:00",
      "quarter_label": "2021-10 (Q4)",
      "revenue": 192204000,
      "gross_profit": 13021000,
      "operating_income": -2474000,
      "net_income": -2388000,
      "opex": 15495000,
      "cogs": 179183000,
      "rd": null,
      "sga": 15495000,
      "fcf": -40003000,
      "ocf": -40003000,
      "capex": null,
      "gross_margin": 0.06774572849680548,
      "op_margin": -0.012871740442446567,
      "fcf_margin": -0.20812782252190382,
      "fcf_margin_change": -0.19266959279430426
    },
    {
      "date": "2022-01-01T00:00:00",
      "quarter_label": "2022-01 (Q1)",
      "revenue": 129223000,
      "gross_profit": 16197000,
      "operating_income": -2036000,
      "net_income": -4082000,
      "opex": 18233000,
      "cogs": 113026000,
      "rd": null,
      "sga": 18233000,
      "fcf": -33077000,
      "ocf": -33077000,
      "capex": null,
      "gross_margin": 0.1253414639808703,
      "op_margin": -0.01575570912298894,
      "fcf_margin": -0.25596836476478646,
      "fcf_margin_change": -0.047840542242882644
    },
    {
      "date": "2022-04-02T00:00:00",
      "quarter_label": "2022-04 (Q2)",
      "revenue": 207659000,
      "gross_profit": 3157000,
      "operating_income": -16701000,
      "net_income": -12147000,
      "opex": 19858000,
      "cogs": 204502000,
      "rd": null,
      "sga": 19858000,
      "fcf": 21667000,
      "ocf": 21667000,
      "capex": null,
      "gross_margin": 0.01520280845039223,
      "op_margin": -0.08042512002850828,
      "fcf_margin": 0.10433932552887185,
      "incr_op_margin_yoy": -0.41509741393356764,
      "rev_growth_yoy": 0.2608471262553279,
      "op_leverage_ratio": 6.8105217658918775,
      "fcf_margin_change": 0.3603076902936583
    },
    {
      "date": "2022-07-02T00:00:00",
      "quarter_label": "2022-07 (Q3)",
      "revenue": 206083000,
      "gross_profit": 21593000,
      "operating_income": 1088000,
      "net_income": -6435000,
      "opex": 20505000,
      "cogs": 184490000,
      "rd": null,
      "sga": 20505000,
      "fcf": -43041000,
      "ocf": -43041000,
      "capex": null,
      "gross_margin": 0.10477817190161245,
      "op_margin": 0.005279426250588355,
      "fcf_margin": -0.208852743797402,
      "incr_op_margin_yoy": -0.7425721561969439,
      "rev_growth_yoy": 0.047920512155558606,
      "rev_growth_yoy_accel": -0.21292661409976932,
      "fcf_margin_change": -0.31319206932627386
    },
    {
      "date": "2022-09-30T00:00:00",
      "quarter_label": "2022-09 (Q3)",
      "revenue": 257672000,
      "gross_profit": -4401000,
      "operating_income": -23051000,
      "net_income": -23095000,
      "opex": 18650000,
      "cogs": 262073000,
      "rd": null,
      "sga": 18650000,
      "fcf": null,
      "ocf": null,
      "capex": null,
      "gross_margin": -0.01707985345710826,
      "op_margin": -0.08945869167003012,
      "fcf_margin": null,
      "incr_op_margin_yoy": -0.31430622594244517,
      "rev_growth_yoy": 0.3406172608270379,
      "rev_growth_yoy_accel": 0.2926967486714793,
      "op_leverage_ratio": Infinity
    },
    {
      "date": "2022-10-01T00:00:00",
      "quarter_label": "2022-10 (Q4)",
      "revenue": 257672000,
      "gross_profit": -4401000,
      "operating_income": -23051000,
      "net_income": -23095000,
      "opex": 18650000,
      "cogs": 262073000,
      "rd": null,
      "sga": 18650000,
      "fcf": 30014000,
      "ocf": 30014000,
      "capex": null,
      "gross_margin": -0.01707985345710826,
      "op_margin": -0.08945869167003012,
      "fcf_margin": 0.11648141823713869,
      "incr_op_margin_yoy": -0.31430622594244517,
      "rev_growth_yoy": 0.3406172608270379,
      "rev_growth_yoy_accel": 0.0
    },
    {
      "date": "2022-12-31T00:00:00",
      "quarter_label": "2022-12 (Q4)",
      "revenue": 235732000,
      "gross_profit": 7457000,
      "operating_income": -9375000,
      "net_income": -11294000,
      "opex": 16832000,
      "cogs": 228275000,
      "rd": null,
      "sga": 16832000,
      "fcf": 19926000,
      "ocf": 19926000,
      "capex": null,
      "gross_margin": 0.031633380279300224,
      "op_margin": -0.03976973851662057,
      "fcf_margin": 0.08452819303276603,
      "incr_op_margin_yoy": -0.06890497516641786,
      "rev_growth_yoy": 0.8242263374167137,
      "rev_growth_yoy_accel": 0.4836090765896758,
      "fcf_margin_change": -0.03195322520437266
    },
    {
      "date": "2023-04-01T00:00:00",
      "quarter_label": "2023-04 (Q2)",
      "revenue": 299814000,
      "gross_profit": 35649000,
      "operating_income": 12444000,
      "net_income": 7130000,
      "opex": 23205000,
      "cogs": 264165000,
      "rd": null,
      "sga": 23205000,
      "fcf": 24790000,
      "ocf": 24790000,
      "capex": null,
      "gross_margin": 0.11890372030659009,
      "op_margin": 0.04150573355480398,
      "fcf_margin": 0.08268459778395938,
      "incr_op_margin_yoy": 0.3162606478216049,
      "rev_growth_yoy": 0.44378042849093946,
      "rev_growth_yoy_accel": -0.38044590892577423,
      "op_leverage_ratio": 0.7179749974392274,
      "fcf_margin_change": -0.0018435952488066454
    },
    {
      "date": "2023-07-01T00:00:00",
      "quarter_label": "2023-07 (Q3)",
      "revenue": 294284000,
      "gross_profit": 45750000,
      "operating_income": 19422000,
      "net_income": 9358000,
      "opex": 26328000,
      "cogs": 248534000,
      "rd": null,
      "sga": 26328000,
      "fcf": 39415000,
      "ocf": 39415000,
      "capex": null,
      "gross_margin": 0.15546207065283876,
      "op_margin": 0.06599747182993299,
      "fcf_margin": 0.1339352462247353,
      "incr_op_margin_yoy": 0.20786612396684845,
      "rev_growth_yoy": 0.42798775250748483,
      "rev_growth_yoy_accel": -0.01579267598345463,
      "fcf_margin_change": 0.05125064844077591
    },
    {
      "date": "2023-09-30T00:00:00",
      "quarter_label": "2023-09 (Q3)",
      "revenue": 302963000,
      "gross_profit": 49994000,
      "operating_income": 29166000,
      "net_income": 18618000,
      "opex": 20828000,
      "cogs": 252969000,
      "rd": null,
      "sga": 20828000,
      "fcf": 35797000,
      "ocf": 35797000,
      "capex": null,
      "gross_margin": 0.16501685024243884,
      "op_margin": 0.09626918138518566,
      "fcf_margin": 0.1181563425236745,
      "incr_op_margin_yoy": 1.1529222141264268,
      "rev_growth_yoy": 0.17576997112608278,
      "rev_growth_yoy_accel": -0.25221778138140205,
      "op_leverage_ratio": Infinity,
      "fcf_margin_change": -0.01577890370106079
    },
    {
      "date": "2023-12-30T00:00:00",
      "quarter_label": "2023-12 (Q4)",
      "revenue": 317660000,
      "gross_profit": 63558000,
      "operating_income": 37956000,
      "net_income": 26150000,
      "opex": 25602000,
      "cogs": 254102000,
      "rd": null,
      "sga": 25602000,
      "fcf": 217000,
      "ocf": 217000,
      "capex": null,
      "gross_margin": 0.20008184851728264,
      "op_margin": 0.11948624315305673,
      "fcf_margin": 0.0006831203173204055,
      "incr_op_margin_yoy": 0.5777145786544283,
      "rev_growth_yoy": 0.3475472146335669,
      "rev_growth_yoy_accel": 0.17177724350748413,
      "op_leverage_ratio": 0.21164316908149355,
      "fcf_margin_change": -0.1174732222063541
    },
    {
      "date": "2024-03-30T00:00:00",
      "quarter_label": "2024-03 (Q1)",
      "revenue": 345915000,
      "gross_profit": 63639000,
      "operating_income": 36068000,
      "net_income": 26023000,
      "opex": 27571000,
      "cogs": 282276000,
      "rd": null,
      "sga": 27571000,
      "fcf": 54554000,
      "ocf": 54554000,
      "capex": null,
      "gross_margin": 0.18397294132951736,
      "op_margin": 0.10426838963329142,
      "fcf_margin": 0.15770926383649161,
      "incr_op_margin_yoy": 0.5124400772217522,
      "rev_growth_yoy": 0.15376533450739457,
      "rev_growth_yoy_accel": -0.19378188012617234,
      "op_leverage_ratio": 1.1565407971387522,
      "fcf_margin_change": 0.1570261435191712
    },
    {
      "date": "2024-06-29T00:00:00",
      "quarter_label": "2024-06 (Q2)",
      "revenue": 333367000,
      "gross_profit": 69353000,
      "operating_income": 39728000,
      "net_income": 28711000,
      "opex": 29625000,
      "cogs": 264014000,
      "rd": null,
      "sga": 29625000,
      "fcf": 989000,
      "ocf": 989000,
      "capex": null,
      "gross_margin": 0.20803798816319552,
      "op_margin": 0.1191719636316732,
      "fcf_margin": 0.0029667003632633106,
      "incr_op_margin_yoy": 0.5195609344216156,
      "rev_growth_yoy": 0.1328070843131125,
      "rev_growth_yoy_accel": -0.020958250194282074,
      "fcf_margin_change": -0.15474256347322832
    },
    {
      "date": "2024-09-28T00:00:00",
      "quarter_label": "2024-09 (Q3)",
      "revenue": 350212000,
      "gross_profit": 59606000,
      "operating_income": 25579000,
      "net_income": 24663000,
      "opex": 34027000,
      "cogs": 290606000,
      "rd": null,
      "sga": 34027000,
      "fcf": 55352000,
      "ocf": 55352000,
      "capex": null,
      "gross_margin": 0.17019976471394468,
      "op_margin": 0.07303861660936804,
      "fcf_margin": 0.1580528365675648,
      "incr_op_margin_yoy": -0.07591695062329361,
      "rev_growth_yoy": 0.15595633790264818,
      "rev_growth_yoy_accel": 0.02314925358953568,
      "op_leverage_ratio": 0.3400609230425927,
      "fcf_margin_change": 0.1550861362043015
    },
    {
      "date": "2024-12-28T00:00:00",
      "quarter_label": "2024-12 (Q4)",
      "revenue": 313872000,
      "gross_profit": 60317000,
      "operating_income": 33042000,
      "net_income": 28722000,
      "opex": 27275000,
      "cogs": 253555000,
      "rd": null,
      "sga": 27275000,
      "fcf": 26410000,
      "ocf": 26410000,
      "capex": null,
      "gross_margin": 0.19217069378600193,
      "op_margin": 0.10527221287658664,
      "fcf_margin": 0.08414258041494622,
      "incr_op_margin_yoy": 1.2972544878563885,
      "rev_growth_yoy": -0.011924699364099981,
      "rev_growth_yoy_accel": -0.16788103726674816,
      "fcf_margin_change": -0.07391025615261858
    },
    {
      "date": "2025-03-29T00:00:00",
      "quarter_label": "2025-03 (Q1)",
      "revenue": 358851000,
      "gross_profit": 70854000,
      "operating_income": 33711000,
      "net_income": 26046000,
      "opex": 37143000,
      "cogs": 287997000,
      "rd": null,
      "sga": 37143000,
      "fcf": 27770000,
      "ocf": 27770000,
      "capex": null,
      "gross_margin": 0.19744685120008026,
      "op_margin": 0.09394149661001362,
      "fcf_margin": 0.07738587881878552,
      "incr_op_margin_yoy": -0.18220470006184292,
      "rev_growth_yoy": 0.03739647023112615,
      "rev_growth_yoy_accel": 0.04932116959522613,
      "op_leverage_ratio": 0.39608905277914375,
      "fcf_margin_change": -0.006756701596160708
    },
    {
      "date": "2025-06-28T00:00:00",
      "quarter_label": "2025-06 (Q2)",
      "revenue": 398011000,
      "gross_profit": 85928000,
      "operating_income": 50069000,
      "net_income": 36455000,
      "opex": 35859000,
      "cogs": 312083000,
      "rd": null,
      "sga": 35859000,
      "fcf": 56916000,
      "ocf": 56916000,
      "capex": null,
      "gross_margin": 0.2158935305808131,
      "op_margin": 0.12579803070769402,
      "fcf_margin": 0.1430010728346704,
      "incr_op_margin_yoy": 0.1599684425468721,
      "rev_growth_yoy": 0.19391241484610056,
      "rev_growth_yoy_accel": 0.15651594461497442,
      "op_leverage_ratio": Infinity,
      "fcf_margin_change": 0.06561519401588488
    },
    {
      "date": "2025-09-27T00:00:00",
      "quarter_label": "2025-09 (Q3)",
      "revenue": 409365000,
      "gross_profit": 86414000,
      "operating_income": 50344000,
      "net_income": 36497000,
      "opex": 36070000,
      "cogs": 322951000,
      "rd": null,
      "sga": 36070000,
      "fcf": 65118000,
      "ocf": 65118000,
      "capex": null,
      "gross_margin": 0.21109279005288678,
      "op_margin": 0.1229807140327092,
      "fcf_margin": 0.15907075592686234,
      "incr_op_margin_yoy": 0.418660084864673,
      "rev_growth_yoy": 0.16890626249243315,
      "rev_growth_yoy_accel": -0.025006152353667405,
      "op_leverage_ratio": 4.848077277532673,
      "fcf_margin_change": 0.01606968309219195
    }
  ],
  "signals": [
    {
      "quarter": "2025-09 (Q3)",
      "signal": "OPERATING LEVERAGE",
      "detail": "Rev growth +2.9% vs OpEx growth +0.6% (leverage: 4.8x)",
      "severity": "MEDIUM"
    },
    {
      "quarter": "2025-09 (Q3)",
      "signal": "INCREMENTAL MARGIN (YoY)",
      "detail": "YoY Incr OPM: +41.9% vs year-ago OPM: +7.3%",
      "severity": "HIGH"
    },
    {
      "quarter": "2025-06 (Q2)",
      "signal": "FCF MARGIN EXPANSION",
      "detail": "FCF margin: +7.7% -> +14.3% (+6.6%)",
      "severity": "MEDIUM"
    },
    {
      "quarter": "2025-06 (Q2)",
      "signal": "YoY REVENUE GROWTH ACCELERATION",
      "detail": "YoY growth: +19.4% vs prior quarter YoY: +3.7% (accel: +15.7%)",
      "severity": "HIGH"
    },
    {
      "quarter": "2024-12 (Q4)",
      "signal": "GROSS MARGIN INFLECTION",
      "detail": "GM: +20.8% -> +17.0% -> +19.2% (reversal +2.2%)",
      "severity": "MEDIUM"
    },
    {
      "quarter": "2024-12 (Q4)",
      "signal": "YoY REVENUE GROWTH DECELERATION",
      "detail": "YoY growth: -1.2% vs prior quarter YoY: +15.6% (decel: -16.8%)",
      "severity": "WARNING"
    },
    {
      "quarter": "2024-12 (Q4)",
      "signal": "INCREMENTAL MARGIN (YoY)",
      "detail": "YoY Incr OPM: +129.7% vs year-ago OPM: +11.9%",
      "severity": "HIGH"
    },
    {
      "quarter": "2024-09 (Q3)",
      "signal": "FCF MARGIN EXPANSION",
      "detail": "FCF margin: +0.3% -> +15.8% (+15.5%)",
      "severity": "MEDIUM"
    },
    {
      "quarter": "2024-06 (Q2)",
      "signal": "GROSS MARGIN INFLECTION",
      "detail": "GM: +20.0% -> +18.4% -> +20.8% (reversal +2.4%)",
      "severity": "MEDIUM"
    },
    {
      "quarter": "2024-06 (Q2)",
      "signal": "INCREMENTAL MARGIN (YoY)",
      "detail": "YoY Incr OPM: +52.0% vs year-ago OPM: +6.6%",
      "severity": "HIGH"
    },
    {
      "quarter": "2024-03 (Q1)",
      "signal": "FCF MARGIN EXPANSION",
      "detail": "FCF margin: +0.1% -> +15.8% (+15.7%)",
      "severity": "MEDIUM"
    },
    {
      "quarter": "2024-03 (Q1)",
      "signal": "YoY REVENUE GROWTH DECELERATION",
      "detail": "YoY growth: +15.4% vs prior quarter YoY: +34.8% (decel: -19.4%)",
      "severity": "WARNING"
    },
    {
      "quarter": "2024-03 (Q1)",
      "signal": "INCREMENTAL MARGIN (YoY)",
      "detail": "YoY Incr OPM: +51.2% vs year-ago OPM: +4.2%",
      "severity": "HIGH"
    },
    {
      "quarter": "2023-12 (Q4)",
      "signal": "YoY REVENUE GROWTH ACCELERATION",
      "detail": "YoY growth: +34.8% vs prior quarter YoY: +17.6% (accel: +17.2%)",
      "severity": "HIGH"
    },
    {
      "quarter": "2023-12 (Q4)",
      "signal": "OP MARGIN TURNED POSITIVE (YoY)",
      "detail": "Op margin: -4.0% (year-ago) -> +11.9%",
      "severity": "HIGH"
    },
    {
      "quarter": "2023-09 (Q3)",
      "signal": "YoY REVENUE GROWTH DECELERATION",
      "detail": "YoY growth: +17.6% vs prior quarter YoY: +42.8% (decel: -25.2%)",
      "severity": "WARNING"
    },
    {
      "quarter": "2023-09 (Q3)",
      "signal": "OP MARGIN TURNED POSITIVE (YoY)",
      "detail": "Op margin: -8.9% (year-ago) -> +9.6%",
      "severity": "HIGH"
    },
    {
      "quarter": "2023-07 (Q3)",
      "signal": "FCF MARGIN EXPANSION",
      "detail": "FCF margin: +8.3% -> +13.4% (+5.1%)",
      "severity": "MEDIUM"
    },
    {
      "quarter": "2023-07 (Q3)",
      "signal": "INCREMENTAL MARGIN (YoY)",
      "detail": "YoY Incr OPM: +20.8% vs year-ago OPM: +0.5%",
      "severity": "HIGH"
    },
    {
      "quarter": "2023-04 (Q2)",
      "signal": "YoY REVENUE GROWTH DECELERATION",
      "detail": "YoY growth: +44.4% vs prior quarter YoY: +82.4% (decel: -38.0%)",
      "severity": "WARNING"
    },
    {
      "quarter": "2023-04 (Q2)",
      "signal": "OP MARGIN TURNED POSITIVE (YoY)",
      "detail": "Op margin: -8.0% (year-ago) -> +4.2%",
      "severity": "HIGH"
    },
    {
      "quarter": "2023-04 (Q2)",
      "signal": "OP MARGIN TURNED POSITIVE (QoQ)",
      "detail": "Op margin: -4.0% -> +4.2%",
      "severity": "HIGH"
    },
    {
      "quarter": "2022-12 (Q4)",
      "signal": "YoY REVENUE GROWTH ACCELERATION",
      "detail": "YoY growth: +82.4% vs prior quarter YoY: +34.1% (accel: +48.4%)",
      "severity": "HIGH"
    },
    {
      "quarter": "2022-09 (Q3)",
      "signal": "YoY REVENUE GROWTH ACCELERATION",
      "detail": "YoY growth: +34.1% vs prior quarter YoY: +4.8% (accel: +29.3%)",
      "severity": "HIGH"
    },
    {
      "quarter": "2022-07 (Q3)",
      "signal": "GROSS MARGIN INFLECTION",
      "detail": "GM: +12.5% -> +1.5% -> +10.5% (reversal +9.0%)",
      "severity": "HIGH"
    },
    {
      "quarter": "2022-07 (Q3)",
      "signal": "YoY REVENUE GROWTH DECELERATION",
      "detail": "YoY growth: +4.8% vs prior quarter YoY: +26.1% (decel: -21.3%)",
      "severity": "WARNING"
    },
    {
      "quarter": "2022-07 (Q3)",
      "signal": "OP MARGIN TURNED POSITIVE (QoQ)",
      "detail": "Op margin: -8.0% -> +0.5%",
      "severity": "HIGH"
    },
    {
      "quarter": "2022-04 (Q2)",
      "signal": "FCF TURNED POSITIVE",
      "detail": "FCF margin: -25.6% -> +10.4%",
      "severity": "HIGH"
    },
    {
      "quarter": "2022-04 (Q2)",
      "signal": "OPERATING LEVERAGE",
      "detail": "Rev growth +60.7% vs OpEx growth +8.9% (leverage: 6.8x)",
      "severity": "MEDIUM"
    },
    {
      "quarter": "2022-01 (Q1)",
      "signal": "GROSS MARGIN INFLECTION",
      "detail": "GM: +13.3% -> +6.8% -> +12.5% (reversal +5.8%)",
      "severity": "HIGH"
    },
    {
      "quarter": "2021-07 (Q3)",
      "signal": "OPERATING LEVERAGE",
      "detail": "Rev growth +19.4% vs OpEx growth +4.1% (leverage: 4.7x)",
      "severity": "MEDIUM"
    }
  ],
  "data_quality": {
    "n_quarters": 20,
    "coverage": {
      "revenue": [
        20,
        20
      ],
      "gross_profit": [
        20,
        20
      ],
      "op_income": [
        20,
        20
      ],
      "fcf": [
        19,
        20
      ]
    },
    "gaps": [],
    "warnings": []
  },
  "market_cap": null,
  "source": "SEC EDGAR",
  "last_updated": "2026-02-02T21:45:58.697298"
}