{
  "ticker": "BLD",
  "name": "TopBuild Corp",
  "quarters": [
    {
      "date": "2020-12-31T00:00:00",
      "quarter_label": "2020-12 (Q4)",
      "revenue": 721487000,
      "gross_profit": 198020000,
      "operating_income": 103077000,
      "net_income": 70757000,
      "opex": 94943000,
      "cogs": 523467000,
      "rd": null,
      "sga": 94943000,
      "fcf": 88429000,
      "ocf": 102161000,
      "capex": -13732000,
      "gross_margin": 0.27446093969815116,
      "op_margin": 0.1428674390529559,
      "fcf_margin": 0.1225649249397425
    },
    {
      "date": "2021-03-31T00:00:00",
      "quarter_label": "2021-03 (Q1)",
      "revenue": 742798000,
      "gross_profit": 197759000,
      "operating_income": 95887000,
      "net_income": 59842000,
      "opex": 101872000,
      "cogs": 545039000,
      "rd": null,
      "sga": 101872000,
      "fcf": 77138000,
      "ocf": 89422000,
      "capex": -12284000,
      "gross_margin": 0.2662352348821618,
      "op_margin": 0.12908893131106977,
      "fcf_margin": 0.10384788327378372,
      "op_leverage_ratio": 0.404732153593557,
      "fcf_margin_change": -0.018717041665958778
    },
    {
      "date": "2021-06-30T00:00:00",
      "quarter_label": "2021-06 (Q2)",
      "revenue": 834255000,
      "gross_profit": 243180000,
      "operating_income": 128286000,
      "net_income": 90380000,
      "opex": 114894000,
      "cogs": 591075000,
      "rd": null,
      "sga": 114894000,
      "fcf": 96505000,
      "ocf": 112781000,
      "capex": -16276000,
      "gross_margin": 0.29149360806947516,
      "op_margin": 0.15377312692162468,
      "fcf_margin": 0.11567806006556748,
      "op_leverage_ratio": 0.963215288412023,
      "fcf_margin_change": 0.011830176791783761
    },
    {
      "date": "2021-09-30T00:00:00",
      "quarter_label": "2021-09 (Q3)",
      "revenue": 845757000,
      "gross_profit": 250291000,
      "operating_income": 133806000,
      "net_income": 95435000,
      "opex": 116485000,
      "cogs": 595466000,
      "rd": null,
      "sga": 116485000,
      "fcf": 93542000,
      "ocf": 107302000,
      "capex": -13760000,
      "gross_margin": 0.2959372491152896,
      "op_margin": 0.1582085634526229,
      "fcf_margin": 0.11060150847110932,
      "op_leverage_ratio": 0.9956385758407142,
      "fcf_margin_change": -0.005076551594458162
    },
    {
      "date": "2021-12-31T00:00:00",
      "quarter_label": "2021-12 (Q4)",
      "revenue": 1063397000,
      "gross_profit": 283160000,
      "operating_income": 118442000,
      "net_income": 78358000,
      "opex": 164718000,
      "cogs": 780237000,
      "rd": null,
      "sga": 164718000,
      "fcf": 80294000,
      "ocf": 93520000,
      "capex": -13226000,
      "gross_margin": 0.2662787275119264,
      "op_margin": 0.1113807919337745,
      "fcf_margin": 0.07550707778938628,
      "incr_op_margin_yoy": 0.044938726565470447,
      "rev_growth_yoy": 0.47389627255931155,
      "op_leverage_ratio": 0.6214681058118462,
      "fcf_margin_change": -0.035094430681723035
    },
    {
      "date": "2022-03-31T00:00:00",
      "quarter_label": "2022-03 (Q1)",
      "revenue": 1168918000,
      "gross_profit": 331201000,
      "operating_income": 163954000,
      "net_income": 114711000,
      "opex": 167247000,
      "cogs": 837717000,
      "rd": null,
      "sga": 167247000,
      "fcf": 71070000,
      "ocf": 89483000,
      "capex": -18413000,
      "gross_margin": 0.2833398065561485,
      "op_margin": 0.14026133569677257,
      "fcf_margin": 0.06079981658251477,
      "incr_op_margin_yoy": 0.15973669388904535,
      "rev_growth_yoy": 0.5736687497812326,
      "rev_growth_yoy_accel": 0.09977247722192106,
      "op_leverage_ratio": 6.463022957747002,
      "fcf_margin_change": -0.014707261206871512
    },
    {
      "date": "2022-06-30T00:00:00",
      "quarter_label": "2022-06 (Q2)",
      "revenue": 1274285000,
      "gross_profit": 384097000,
      "operating_income": 207221000,
      "net_income": 143697000,
      "opex": 176876000,
      "cogs": 890188000,
      "rd": null,
      "sga": 176876000,
      "fcf": 110593000,
      "ocf": 128214000,
      "capex": -17621000,
      "gross_margin": 0.3014215815143394,
      "op_margin": 0.1626174678349035,
      "fcf_margin": 0.0867882773476891,
      "incr_op_margin_yoy": 0.1793854964434243,
      "rev_growth_yoy": 0.5274526373830544,
      "rev_growth_yoy_accel": -0.046216112398178244,
      "op_leverage_ratio": 1.5656609449620797,
      "fcf_margin_change": 0.025988460765174325
    },
    {
      "date": "2022-09-30T00:00:00",
      "quarter_label": "2022-09 (Q3)",
      "revenue": 1300998000,
      "gross_profit": 395748000,
      "operating_income": 222874000,
      "net_income": 153746000,
      "opex": 172874000,
      "cogs": 905250000,
      "rd": null,
      "sga": 172874000,
      "fcf": 97923000,
      "ocf": 117933000,
      "capex": -20010000,
      "gross_margin": 0.3041880156618227,
      "op_margin": 0.17131002507305929,
      "fcf_margin": 0.07526760225611415,
      "incr_op_margin_yoy": 0.19565021603941649,
      "rev_growth_yoy": 0.5382645369769331,
      "rev_growth_yoy_accel": 0.010811899593878738,
      "op_leverage_ratio": Infinity,
      "fcf_margin_change": -0.01152067509157495
    },
    {
      "date": "2022-12-31T00:00:00",
      "quarter_label": "2022-12 (Q4)",
      "revenue": 1264543000,
      "gross_profit": 375673000,
      "operating_income": 203115000,
      "net_income": 143833000,
      "opex": 172558000,
      "cogs": 888870000,
      "rd": null,
      "sga": 172558000,
      "fcf": 139833000,
      "ocf": 160171000,
      "capex": -20338000,
      "gross_margin": 0.2970820288436218,
      "op_margin": 0.16062324491931076,
      "fcf_margin": 0.11057986956552683,
      "incr_op_margin_yoy": 0.4209529396557724,
      "rev_growth_yoy": 0.18915419170827075,
      "rev_growth_yoy_accel": -0.34911034526866236,
      "fcf_margin_change": 0.035312267309412684
    },
    {
      "date": "2023-03-31T00:00:00",
      "quarter_label": "2023-03 (Q1)",
      "revenue": 1265238000,
      "gross_profit": 370215000,
      "operating_income": 199431000,
      "net_income": 135870000,
      "opex": 170784000,
      "cogs": 895023000,
      "rd": null,
      "sga": 170784000,
      "fcf": 154221000,
      "ocf": 169801000,
      "capex": -15580000,
      "gross_margin": 0.2926050276706833,
      "op_margin": 0.15762330881620693,
      "fcf_margin": 0.12189090115851721,
      "incr_op_margin_yoy": 0.36832433554817273,
      "rev_growth_yoy": 0.08240098963314792,
      "rev_growth_yoy_accel": -0.10675320207512283,
      "fcf_margin_change": 0.011311031592990378
    },
    {
      "date": "2023-06-30T00:00:00",
      "quarter_label": "2023-06 (Q2)",
      "revenue": 1317262000,
      "gross_profit": 421800000,
      "operating_income": 237103000,
      "net_income": 164400000,
      "opex": 184697000,
      "cogs": 895462000,
      "rd": null,
      "sga": 184697000,
      "fcf": 200904000,
      "ocf": 215996000,
      "capex": -15092000,
      "gross_margin": 0.32020964697987186,
      "op_margin": 0.17999684193425453,
      "fcf_margin": 0.1525163558957899,
      "incr_op_margin_yoy": 0.6953021383530725,
      "rev_growth_yoy": 0.03372636419639249,
      "rev_growth_yoy_accel": -0.04867462543675543,
      "op_leverage_ratio": 0.5047285949604887,
      "fcf_margin_change": 0.030625454737272698
    },
    {
      "date": "2023-09-30T00:00:00",
      "quarter_label": "2023-09 (Q3)",
      "revenue": 1326120000,
      "gross_profit": 420690000,
      "operating_income": 237492000,
      "net_income": 167602000,
      "opex": 183198000,
      "cogs": 905430000,
      "rd": null,
      "sga": 183198000,
      "fcf": 185277000,
      "ocf": 202681000,
      "capex": -17404000,
      "gross_margin": 0.3172337345036648,
      "op_margin": 0.17908786535155188,
      "fcf_margin": 0.13971360057913312,
      "incr_op_margin_yoy": 0.5818804235331582,
      "rev_growth_yoy": 0.019309791406289634,
      "rev_growth_yoy_accel": -0.014416572790102854,
      "fcf_margin_change": -0.012802755316656783
    },
    {
      "date": "2023-12-31T00:00:00",
      "quarter_label": "2023-12 (Q4)",
      "revenue": 1286074000,
      "gross_profit": 391116000,
      "operating_income": 204800000,
      "net_income": 146384000,
      "opex": 186316000,
      "cogs": 894958000,
      "rd": null,
      "sga": 186316000,
      "fcf": 245009000,
      "ocf": 260931000,
      "capex": -15922000,
      "gross_margin": 0.3041162483651796,
      "op_margin": 0.15924433586247758,
      "fcf_margin": 0.19050925529946178,
      "incr_op_margin_yoy": 0.07825925409874135,
      "rev_growth_yoy": 0.017026704509059794,
      "rev_growth_yoy_accel": -0.002283086897229839,
      "fcf_margin_change": 0.050795654720328653
    },
    {
      "date": "2024-03-31T00:00:00",
      "quarter_label": "2024-03 (Q1)",
      "revenue": 1278717000,
      "gross_profit": 387150000,
      "operating_income": 214508000,
      "net_income": 152381000,
      "opex": 172642000,
      "cogs": 891567000,
      "rd": null,
      "sga": 172642000,
      "fcf": 158896000,
      "ocf": 178777000,
      "capex": -19881000,
      "gross_margin": 0.30276441151560507,
      "op_margin": 0.16775252069066102,
      "fcf_margin": 0.12426205329247988,
      "incr_op_margin_yoy": 1.1185547889309295,
      "rev_growth_yoy": 0.010653331626144647,
      "rev_growth_yoy_accel": -0.006373372882915148,
      "fcf_margin_change": -0.06624720200698189
    },
    {
      "date": "2024-06-30T00:00:00",
      "quarter_label": "2024-06 (Q2)",
      "revenue": 1365612000,
      "gross_profit": 423922000,
      "operating_income": 210392000,
      "net_income": 150723000,
      "opex": 213530000,
      "cogs": 941690000,
      "rd": null,
      "sga": 213530000,
      "fcf": 74258000,
      "ocf": 90351000,
      "capex": -16093000,
      "gross_margin": 0.31042638758300306,
      "op_margin": 0.15406425836914145,
      "fcf_margin": 0.05437708514570756,
      "incr_op_margin_yoy": -0.5524508790072389,
      "rev_growth_yoy": 0.036704922786810826,
      "rev_growth_yoy_accel": 0.02605159116066618,
      "op_leverage_ratio": 0.28692668394720977,
      "fcf_margin_change": -0.06988496814677232
    },
    {
      "date": "2024-09-30T00:00:00",
      "quarter_label": "2024-09 (Q3)",
      "revenue": 1373268000,
      "gross_profit": 421813000,
      "operating_income": 243993000,
      "net_income": 168960000,
      "opex": 177820000,
      "cogs": 951455000,
      "rd": null,
      "sga": 177820000,
      "fcf": 219850000,
      "ocf": 240670000,
      "capex": -20820000,
      "gross_margin": 0.30716000081557276,
      "op_margin": 0.1776732582423824,
      "fcf_margin": 0.16009256751049322,
      "incr_op_margin_yoy": 0.1378849580045813,
      "rev_growth_yoy": 0.03555334358881549,
      "rev_growth_yoy_accel": -0.0011515791979953352,
      "fcf_margin_change": 0.10571548236478566
    },
    {
      "date": "2024-12-31T00:00:00",
      "quarter_label": "2024-12 (Q4)",
      "revenue": 1312206000,
      "gross_profit": 392033000,
      "operating_income": 217450000,
      "net_income": 150538000,
      "opex": 174583000,
      "cogs": 920173000,
      "rd": null,
      "sga": 174583000,
      "fcf": 253673000,
      "ocf": 266228000,
      "capex": -12555000,
      "gross_margin": 0.298758731479661,
      "op_margin": 0.1657133102576882,
      "fcf_margin": 0.19331796989192246,
      "incr_op_margin_yoy": 0.484080820450023,
      "rev_growth_yoy": 0.02031920402713996,
      "rev_growth_yoy_accel": -0.01523413956167553,
      "fcf_margin_change": 0.033225402381429237
    },
    {
      "date": "2025-03-31T00:00:00",
      "quarter_label": "2025-03 (Q1)",
      "revenue": 1233278000,
      "gross_profit": 351473000,
      "operating_income": 177489000,
      "net_income": 123385000,
      "opex": 173984000,
      "cogs": 881805000,
      "rd": null,
      "sga": 173984000,
      "fcf": 139194000,
      "ocf": 152589000,
      "capex": -13395000,
      "gross_margin": 0.2849908941860635,
      "op_margin": 0.14391645679238582,
      "fcf_margin": 0.11286506367582978,
      "incr_op_margin_yoy": 0.8146966262461762,
      "rev_growth_yoy": -0.03553483687164556,
      "rev_growth_yoy_accel": -0.055854040898785526,
      "fcf_margin_change": -0.08045290621609268
    },
    {
      "date": "2025-06-30T00:00:00",
      "quarter_label": "2025-06 (Q2)",
      "revenue": 1297403000,
      "gross_profit": 394043000,
      "operating_income": 219789000,
      "net_income": 151602000,
      "opex": 174254000,
      "cogs": 903360000,
      "rd": null,
      "sga": 174254000,
      "fcf": 182170000,
      "ocf": 193690000,
      "capex": -11520000,
      "gross_margin": 0.3037167325803933,
      "op_margin": 0.1694068843682341,
      "fcf_margin": 0.14041126774024726,
      "incr_op_margin_yoy": -0.13776774325968713,
      "rev_growth_yoy": -0.04994756929493883,
      "rev_growth_yoy_accel": -0.014412732423293266,
      "op_leverage_ratio": 33.50517888099845,
      "fcf_margin_change": 0.027546204064417476
    },
    {
      "date": "2025-09-30T00:00:00",
      "quarter_label": "2025-09 (Q3)",
      "revenue": 1393158000,
      "gross_profit": 418920000,
      "operating_income": 215010000,
      "net_income": 142226000,
      "opex": 203910000,
      "cogs": 974238000,
      "rd": null,
      "sga": 203910000,
      "fcf": 216160000,
      "ocf": 233309000,
      "capex": -17149000,
      "gross_margin": 0.3006981261278333,
      "op_margin": 0.15433281795747503,
      "fcf_margin": 0.1551582806831673,
      "incr_op_margin_yoy": -1.4571644042232277,
      "rev_growth_yoy": 0.014483698739066228,
      "rev_growth_yoy_accel": 0.06443126803400506,
      "op_leverage_ratio": 0.43366736969096664,
      "fcf_margin_change": 0.014747012942920051
    }
  ],
  "signals": [
    {
      "quarter": "2025-09 (Q3)",
      "signal": "YoY REVENUE GROWTH ACCELERATION",
      "detail": "YoY growth: +1.4% vs prior quarter YoY: -5.0% (accel: +6.4%)",
      "severity": "MEDIUM"
    },
    {
      "quarter": "2025-06 (Q2)",
      "signal": "OPERATING LEVERAGE",
      "detail": "Rev growth +5.2% vs OpEx growth +0.2% (leverage: 33.5x)",
      "severity": "MEDIUM"
    },
    {
      "quarter": "2025-03 (Q1)",
      "signal": "YoY REVENUE GROWTH DECELERATION",
      "detail": "YoY growth: -3.6% vs prior quarter YoY: +2.0% (decel: -5.6%)",
      "severity": "WARNING"
    },
    {
      "quarter": "2025-03 (Q1)",
      "signal": "INCREMENTAL MARGIN (YoY)",
      "detail": "YoY Incr OPM: +81.5% vs year-ago OPM: +16.8%",
      "severity": "HIGH"
    },
    {
      "quarter": "2024-12 (Q4)",
      "signal": "INCREMENTAL MARGIN (YoY)",
      "detail": "YoY Incr OPM: +48.4% vs year-ago OPM: +15.9%",
      "severity": "HIGH"
    },
    {
      "quarter": "2024-09 (Q3)",
      "signal": "FCF MARGIN EXPANSION",
      "detail": "FCF margin: +5.4% -> +16.0% (+10.6%)",
      "severity": "MEDIUM"
    },
    {
      "quarter": "2024-03 (Q1)",
      "signal": "INCREMENTAL MARGIN (YoY)",
      "detail": "YoY Incr OPM: +111.9% vs year-ago OPM: +15.8%",
      "severity": "HIGH"
    },
    {
      "quarter": "2023-12 (Q4)",
      "signal": "FCF MARGIN EXPANSION",
      "detail": "FCF margin: +14.0% -> +19.1% (+5.1%)",
      "severity": "MEDIUM"
    },
    {
      "quarter": "2023-09 (Q3)",
      "signal": "INCREMENTAL MARGIN (YoY)",
      "detail": "YoY Incr OPM: +58.2% vs year-ago OPM: +17.1%",
      "severity": "HIGH"
    },
    {
      "quarter": "2023-06 (Q2)",
      "signal": "GROSS MARGIN INFLECTION",
      "detail": "GM: +29.7% -> +29.3% -> +32.0% (reversal +2.8%)",
      "severity": "MEDIUM"
    },
    {
      "quarter": "2023-06 (Q2)",
      "signal": "INCREMENTAL MARGIN (YoY)",
      "detail": "YoY Incr OPM: +69.5% vs year-ago OPM: +16.3%",
      "severity": "HIGH"
    },
    {
      "quarter": "2023-03 (Q1)",
      "signal": "YoY REVENUE GROWTH DECELERATION",
      "detail": "YoY growth: +8.2% vs prior quarter YoY: +18.9% (decel: -10.7%)",
      "severity": "WARNING"
    },
    {
      "quarter": "2023-03 (Q1)",
      "signal": "INCREMENTAL MARGIN (YoY)",
      "detail": "YoY Incr OPM: +36.8% vs year-ago OPM: +14.0%",
      "severity": "HIGH"
    },
    {
      "quarter": "2022-12 (Q4)",
      "signal": "YoY REVENUE GROWTH DECELERATION",
      "detail": "YoY growth: +18.9% vs prior quarter YoY: +53.8% (decel: -34.9%)",
      "severity": "WARNING"
    },
    {
      "quarter": "2022-12 (Q4)",
      "signal": "INCREMENTAL MARGIN (YoY)",
      "detail": "YoY Incr OPM: +42.1% vs year-ago OPM: +11.1%",
      "severity": "HIGH"
    },
    {
      "quarter": "2022-06 (Q2)",
      "signal": "OPERATING LEVERAGE",
      "detail": "Rev growth +9.0% vs OpEx growth +5.8% (leverage: 1.6x)",
      "severity": "MEDIUM"
    },
    {
      "quarter": "2022-03 (Q1)",
      "signal": "OPERATING LEVERAGE",
      "detail": "Rev growth +9.9% vs OpEx growth +1.5% (leverage: 6.5x)",
      "severity": "MEDIUM"
    },
    {
      "quarter": "2022-03 (Q1)",
      "signal": "YoY REVENUE GROWTH ACCELERATION",
      "detail": "YoY growth: +57.4% vs prior quarter YoY: +47.4% (accel: +10.0%)",
      "severity": "MEDIUM"
    },
    {
      "quarter": "2021-06 (Q2)",
      "signal": "GROSS MARGIN INFLECTION",
      "detail": "GM: +27.4% -> +26.6% -> +29.1% (reversal +2.5%)",
      "severity": "MEDIUM"
    }
  ],
  "data_quality": {
    "n_quarters": 20,
    "coverage": {
      "revenue": [
        20,
        20
      ],
      "gross_profit": [
        20,
        20
      ],
      "op_income": [
        20,
        20
      ],
      "fcf": [
        20,
        20
      ]
    },
    "gaps": [],
    "warnings": []
  },
  "market_cap": null,
  "source": "SEC EDGAR",
  "last_updated": "2026-02-02T20:29:19.985228"
}