{
  "ticker": "BLDR",
  "name": "BUILDERS FIRSTSOURCE, INC.",
  "quarters": [
    {
      "date": "2020-12-31T00:00:00",
      "quarter_label": "2020-12 (Q4)",
      "revenue": 2530760000,
      "gross_profit": 669188000,
      "operating_income": 213894000,
      "net_income": 139914000,
      "opex": 455294000,
      "cogs": 1861572000,
      "rd": null,
      "sga": 455294000,
      "fcf": 76347000,
      "ocf": 104921000,
      "capex": -28574000,
      "gross_margin": 0.2644217547298045,
      "op_margin": 0.08451769428946246,
      "fcf_margin": 0.0301676176326479
    },
    {
      "date": "2021-03-31T00:00:00",
      "quarter_label": "2021-03 (Q1)",
      "revenue": 4173775000,
      "gross_profit": 1069554000,
      "operating_income": 247956000,
      "net_income": 172580000,
      "opex": 821598000,
      "cogs": 3104221000,
      "rd": null,
      "sga": 821598000,
      "fcf": -239771000,
      "ocf": -200508000,
      "capex": -39263000,
      "gross_margin": 0.2562557876263095,
      "op_margin": 0.05940808979880324,
      "fcf_margin": -0.057447035357679796,
      "op_leverage_ratio": 0.8069392358925607,
      "fcf_margin_change": -0.0876146529903277
    },
    {
      "date": "2021-06-30T00:00:00",
      "quarter_label": "2021-06 (Q2)",
      "revenue": 5576682000,
      "gross_profit": 1583151000,
      "operating_income": 680238000,
      "net_income": 497235000,
      "opex": 902913000,
      "cogs": 3993531000,
      "rd": null,
      "sga": 902913000,
      "fcf": -62298000,
      "ocf": -3268000,
      "capex": -59030000,
      "gross_margin": 0.2838876235008559,
      "op_margin": 0.12197898320183938,
      "fcf_margin": -0.01117115876429748,
      "op_leverage_ratio": 3.396163232073951,
      "fcf_margin_change": 0.046275876593382316
    },
    {
      "date": "2021-09-30T00:00:00",
      "quarter_label": "2021-09 (Q3)",
      "revenue": 5508590000,
      "gross_profit": 1712452000,
      "operating_income": 837440000,
      "net_income": 613145000,
      "opex": 875012000,
      "cogs": 3796138000,
      "rd": null,
      "sga": 875012000,
      "fcf": 1045107000,
      "ocf": 1106993000,
      "capex": -61886000,
      "gross_margin": 0.31086938762913924,
      "op_margin": 0.1520243837352208,
      "fcf_margin": 0.18972314149355823,
      "fcf_margin_change": 0.2008943002578557
    },
    {
      "date": "2021-12-31T00:00:00",
      "quarter_label": "2021-12 (Q4)",
      "revenue": 4634809000,
      "gross_profit": 1485799000,
      "operating_income": 621790000,
      "net_income": 442456000,
      "opex": 864009000,
      "cogs": 3149010000,
      "rd": null,
      "sga": 864009000,
      "fcf": 772620000,
      "ocf": 840332000,
      "capex": -67712000,
      "gross_margin": 0.3205739438237908,
      "op_margin": 0.13415655316109035,
      "fcf_margin": 0.16669942601733967,
      "incr_op_margin_yoy": 0.19386240529569415,
      "rev_growth_yoy": 0.831390175283314,
      "fcf_margin_change": -0.023023715476218565
    },
    {
      "date": "2022-03-31T00:00:00",
      "quarter_label": "2022-03 (Q1)",
      "revenue": 5681131000,
      "gross_profit": 1832373000,
      "operating_income": 863805000,
      "net_income": 639640000,
      "opex": 968568000,
      "cogs": 3848758000,
      "rd": null,
      "sga": 968568000,
      "fcf": 129347000,
      "ocf": 179822000,
      "capex": -50475000,
      "gross_margin": 0.3225366568734289,
      "op_margin": 0.15204806930169362,
      "fcf_margin": 0.022767825631903226,
      "incr_op_margin_yoy": 0.40856240994164617,
      "rev_growth_yoy": 0.36114931926134014,
      "rev_growth_yoy_accel": -0.4702408560219739,
      "op_leverage_ratio": 1.8654789834732357,
      "fcf_margin_change": -0.14393160038543645
    },
    {
      "date": "2022-06-30T00:00:00",
      "quarter_label": "2022-06 (Q2)",
      "revenue": 6926259000,
      "gross_profit": 2412147000,
      "operating_income": 1365868000,
      "net_income": 987209000,
      "opex": 1046279000,
      "cogs": 4514112000,
      "rd": null,
      "sga": 1046279000,
      "fcf": 878185000,
      "ocf": 947248000,
      "capex": -69063000,
      "gross_margin": 0.3482611608950806,
      "op_margin": 0.1972014041057373,
      "fcf_margin": 0.12679066722743115,
      "incr_op_margin_yoy": 0.5080332578281935,
      "rev_growth_yoy": 0.24200357847193008,
      "rev_growth_yoy_accel": -0.11914574078941007,
      "op_leverage_ratio": 2.731661078431877,
      "fcf_margin_change": 0.10402284159552792
    },
    {
      "date": "2022-09-30T00:00:00",
      "quarter_label": "2022-09 (Q3)",
      "revenue": 5761463000,
      "gross_profit": 2014732000,
      "operating_income": 1014528000,
      "net_income": 738007000,
      "opex": 1000204000,
      "cogs": 3746731000,
      "rd": null,
      "sga": 1000204000,
      "fcf": 1415093000,
      "ocf": 1500796000,
      "capex": -85703000,
      "gross_margin": 0.34969104201484935,
      "op_margin": 0.17608860804972626,
      "fcf_margin": 0.24561348393628493,
      "incr_op_margin_yoy": 0.7003041052227799,
      "rev_growth_yoy": 0.045905213493834175,
      "rev_growth_yoy_accel": -0.1960983649780959,
      "fcf_margin_change": 0.11882281670885378
    },
    {
      "date": "2022-12-31T00:00:00",
      "quarter_label": "2022-12 (Q4)",
      "revenue": 4357565000,
      "gross_profit": 1485127000,
      "operating_income": 526005000,
      "net_income": 384513000,
      "opex": 959122000,
      "cogs": 2872438000,
      "rd": null,
      "sga": 959122000,
      "fcf": 836454000,
      "ocf": 971365000,
      "capex": -134911000,
      "gross_margin": 0.3408157996495749,
      "op_margin": 0.12071076392434765,
      "fcf_margin": 0.19195445162608016,
      "incr_op_margin_yoy": 0.3454898933791173,
      "rev_growth_yoy": -0.05981778321393611,
      "rev_growth_yoy_accel": -0.10572299670777029,
      "fcf_margin_change": -0.053659032310204774
    },
    {
      "date": "2023-03-31T00:00:00",
      "quarter_label": "2023-03 (Q1)",
      "revenue": 3883314000,
      "gross_profit": 1371400000,
      "operating_income": 467183000,
      "net_income": 333786000,
      "opex": 904217000,
      "cogs": 2511914000,
      "rd": null,
      "sga": 904217000,
      "fcf": 548736000,
      "ocf": 654381000,
      "capex": -105645000,
      "gross_margin": 0.35315197277377003,
      "op_margin": 0.12030523413764635,
      "fcf_margin": 0.14130611122355802,
      "incr_op_margin_yoy": 0.22061311023313274,
      "rev_growth_yoy": -0.31645406522046404,
      "rev_growth_yoy_accel": -0.25663628200652794,
      "fcf_margin_change": -0.05064834040252214
    },
    {
      "date": "2023-06-30T00:00:00",
      "quarter_label": "2023-06 (Q2)",
      "revenue": 4528890000,
      "gross_profit": 1594946000,
      "operating_income": 577072000,
      "net_income": 404619000,
      "opex": 1017874000,
      "cogs": 2933944000,
      "rd": null,
      "sga": 1017874000,
      "fcf": 265861000,
      "ocf": 391326000,
      "capex": -125465000,
      "gross_margin": 0.35217150339266357,
      "op_margin": 0.12742018463685362,
      "fcf_margin": 0.05870334673617597,
      "incr_op_margin_yoy": 0.3290256944175052,
      "rev_growth_yoy": -0.34612754157763953,
      "rev_growth_yoy_accel": -0.029673476357175488,
      "op_leverage_ratio": 1.3225781618532442,
      "fcf_margin_change": -0.08260276448738205
    },
    {
      "date": "2023-09-30T00:00:00",
      "quarter_label": "2023-09 (Q3)",
      "revenue": 4534264000,
      "gross_profit": 1581102000,
      "operating_income": 641628000,
      "net_income": 451457000,
      "opex": 939474000,
      "cogs": 2953162000,
      "rd": null,
      "sga": 939474000,
      "fcf": 503980000,
      "ocf": 649466000,
      "capex": -145486000,
      "gross_margin": 0.34870091375358825,
      "op_margin": 0.14150653777548022,
      "fcf_margin": 0.11114924053826597,
      "incr_op_margin_yoy": 0.3038626987147154,
      "rev_growth_yoy": -0.21300128109822106,
      "rev_growth_yoy_accel": 0.13312626047941847,
      "fcf_margin_change": 0.05244589380209
    },
    {
      "date": "2023-12-31T00:00:00",
      "quarter_label": "2023-12 (Q4)",
      "revenue": 4150862000,
      "gross_profit": 1464886000,
      "operating_income": 490436000,
      "net_income": 350693000,
      "opex": 974450000,
      "cogs": 2685976000,
      "rd": null,
      "sga": 974450000,
      "fcf": 511960000,
      "ocf": 611699000,
      "capex": -99739000,
      "gross_margin": 0.35291127481472523,
      "op_margin": 0.11815280777823979,
      "fcf_margin": 0.12333823673251483,
      "incr_op_margin_yoy": 0.17207781212657774,
      "rev_growth_yoy": -0.04743543699290774,
      "rev_growth_yoy_accel": 0.16556584410531333,
      "fcf_margin_change": 0.01218899619424886
    },
    {
      "date": "2024-03-31T00:00:00",
      "quarter_label": "2024-03 (Q1)",
      "revenue": 3891352000,
      "gross_profit": 1299854000,
      "operating_income": 373597000,
      "net_income": 258781000,
      "opex": 926257000,
      "cogs": 2591498000,
      "rd": null,
      "sga": 926257000,
      "fcf": 223975000,
      "ocf": 317187000,
      "capex": -93212000,
      "gross_margin": 0.33403660218864806,
      "op_margin": 0.09600699191437835,
      "fcf_margin": 0.05755711639553553,
      "incr_op_margin_yoy": -11.642946006469272,
      "rev_growth_yoy": 0.002069881549624882,
      "rev_growth_yoy_accel": 0.04950531854253262,
      "fcf_margin_change": -0.0657811203369793
    },
    {
      "date": "2024-06-30T00:00:00",
      "quarter_label": "2024-06 (Q2)",
      "revenue": 4456340000,
      "gross_profit": 1462684000,
      "operating_income": 489483000,
      "net_income": 344090000,
      "opex": 973201000,
      "cogs": 2993656000,
      "rd": null,
      "sga": 973201000,
      "fcf": 363977000,
      "ocf": 452084000,
      "capex": -88107000,
      "gross_margin": 0.32822540470430894,
      "op_margin": 0.10983968907219827,
      "fcf_margin": 0.08167621860091465,
      "incr_op_margin_yoy": 1.2072915230875259,
      "rev_growth_yoy": -0.016019377816639396,
      "rev_growth_yoy_accel": -0.01808925936626428,
      "op_leverage_ratio": 2.864772355351889,
      "fcf_margin_change": 0.024119102205379113
    },
    {
      "date": "2024-09-30T00:00:00",
      "quarter_label": "2024-09 (Q3)",
      "revenue": 4232494000,
      "gross_profit": 1386333000,
      "operating_income": 428023000,
      "net_income": 284783000,
      "opex": 958310000,
      "cogs": 2846161000,
      "rd": null,
      "sga": 958310000,
      "fcf": 630380000,
      "ocf": 729958000,
      "capex": -99578000,
      "gross_margin": 0.3275451778549479,
      "op_margin": 0.10112784566262822,
      "fcf_margin": 0.14893819105236772,
      "incr_op_margin_yoy": 0.7078404082579448,
      "rev_growth_yoy": -0.06655324877422224,
      "rev_growth_yoy_accel": -0.05053387095758284,
      "fcf_margin_change": 0.06726197245145307
    },
    {
      "date": "2024-12-31T00:00:00",
      "quarter_label": "2024-12 (Q4)",
      "revenue": 3820306000,
      "gross_profit": 1234173000,
      "operating_income": 304146000,
      "net_income": 190244000,
      "opex": 930027000,
      "cogs": 2586133000,
      "rd": null,
      "sga": 930027000,
      "fcf": 273791000,
      "ocf": 373463000,
      "capex": -99672000,
      "gross_margin": 0.3230560588602065,
      "op_margin": 0.07961299435176135,
      "fcf_margin": 0.07166729576112489,
      "incr_op_margin_yoy": 0.5635656288193226,
      "rev_growth_yoy": -0.07963550703444248,
      "rev_growth_yoy_accel": -0.013082258260220248,
      "fcf_margin_change": -0.07727089529124283
    },
    {
      "date": "2025-03-31T00:00:00",
      "quarter_label": "2025-03 (Q1)",
      "revenue": 3657496000,
      "gross_profit": 1115241000,
      "operating_income": 184441000,
      "net_income": 96304000,
      "opex": 930800000,
      "cogs": 2542255000,
      "rd": null,
      "sga": 930800000,
      "fcf": 32354000,
      "ocf": 132328000,
      "capex": -99974000,
      "gross_margin": 0.30491926717076384,
      "op_margin": 0.05042821646284781,
      "fcf_margin": 0.008845942688659127,
      "incr_op_margin_yoy": 0.8088567323481116,
      "rev_growth_yoy": -0.060096336697374075,
      "rev_growth_yoy_accel": 0.01953917033706841,
      "fcf_margin_change": -0.06282135307246577
    },
    {
      "date": "2025-06-30T00:00:00",
      "quarter_label": "2025-06 (Q2)",
      "revenue": 4234064000,
      "gross_profit": 1299041000,
      "operating_income": 311287000,
      "net_income": 185031000,
      "opex": 987754000,
      "cogs": 2935023000,
      "rd": null,
      "sga": 987754000,
      "fcf": 252301000,
      "ocf": 341040000,
      "capex": -88739000,
      "gross_margin": 0.30680712431366175,
      "op_margin": 0.07351967282497383,
      "fcf_margin": 0.059588376557369,
      "incr_op_margin_yoy": 0.8016879915060555,
      "rev_growth_yoy": -0.0498785999272946,
      "rev_growth_yoy_accel": 0.010217736770079477,
      "op_leverage_ratio": 2.5763141504470575,
      "fcf_margin_change": 0.05074243386870987
    },
    {
      "date": "2025-09-30T00:00:00",
      "quarter_label": "2025-09 (Q3)",
      "revenue": 3941190000,
      "gross_profit": 1199483000,
      "operating_income": 228768000,
      "net_income": 122384000,
      "opex": 970715000,
      "cogs": 2741707000,
      "rd": null,
      "sga": 970715000,
      "fcf": 461906000,
      "ocf": 547724000,
      "capex": -85818000,
      "gross_margin": 0.3043453880680708,
      "op_margin": 0.05804541267992662,
      "fcf_margin": 0.11719962752366671,
      "incr_op_margin_yoy": 0.6840105182215143,
      "rev_growth_yoy": -0.06882561440134351,
      "rev_growth_yoy_accel": -0.01894701447404891,
      "fcf_margin_change": 0.05761125096629771
    }
  ],
  "signals": [
    {
      "quarter": "2025-09 (Q3)",
      "signal": "FCF MARGIN EXPANSION",
      "detail": "FCF margin: +6.0% -> +11.7% (+5.8%)",
      "severity": "MEDIUM"
    },
    {
      "quarter": "2025-09 (Q3)",
      "signal": "INCREMENTAL MARGIN (YoY)",
      "detail": "YoY Incr OPM: +68.4% vs year-ago OPM: +10.1%",
      "severity": "HIGH"
    },
    {
      "quarter": "2025-06 (Q2)",
      "signal": "FCF MARGIN EXPANSION",
      "detail": "FCF margin: +0.9% -> +6.0% (+5.1%)",
      "severity": "MEDIUM"
    },
    {
      "quarter": "2025-06 (Q2)",
      "signal": "OPERATING LEVERAGE",
      "detail": "Rev growth +15.8% vs OpEx growth +6.1% (leverage: 2.6x)",
      "severity": "MEDIUM"
    },
    {
      "quarter": "2025-06 (Q2)",
      "signal": "INCREMENTAL MARGIN (YoY)",
      "detail": "YoY Incr OPM: +80.2% vs year-ago OPM: +11.0%",
      "severity": "HIGH"
    },
    {
      "quarter": "2025-03 (Q1)",
      "signal": "INCREMENTAL MARGIN (YoY)",
      "detail": "YoY Incr OPM: +80.9% vs year-ago OPM: +9.6%",
      "severity": "HIGH"
    },
    {
      "quarter": "2024-12 (Q4)",
      "signal": "INCREMENTAL MARGIN (YoY)",
      "detail": "YoY Incr OPM: +56.4% vs year-ago OPM: +11.8%",
      "severity": "HIGH"
    },
    {
      "quarter": "2024-09 (Q3)",
      "signal": "FCF MARGIN EXPANSION",
      "detail": "FCF margin: +8.2% -> +14.9% (+6.7%)",
      "severity": "MEDIUM"
    },
    {
      "quarter": "2024-09 (Q3)",
      "signal": "YoY REVENUE GROWTH DECELERATION",
      "detail": "YoY growth: -6.7% vs prior quarter YoY: -1.6% (decel: -5.1%)",
      "severity": "WARNING"
    },
    {
      "quarter": "2024-09 (Q3)",
      "signal": "INCREMENTAL MARGIN (YoY)",
      "detail": "YoY Incr OPM: +70.8% vs year-ago OPM: +14.2%",
      "severity": "HIGH"
    },
    {
      "quarter": "2024-06 (Q2)",
      "signal": "OPERATING LEVERAGE",
      "detail": "Rev growth +14.5% vs OpEx growth +5.1% (leverage: 2.9x)",
      "severity": "MEDIUM"
    },
    {
      "quarter": "2024-06 (Q2)",
      "signal": "INCREMENTAL MARGIN (YoY)",
      "detail": "YoY Incr OPM: +120.7% vs year-ago OPM: +12.7%",
      "severity": "HIGH"
    },
    {
      "quarter": "2023-12 (Q4)",
      "signal": "YoY REVENUE GROWTH ACCELERATION",
      "detail": "YoY growth: -4.7% vs prior quarter YoY: -21.3% (accel: +16.6%)",
      "severity": "HIGH"
    },
    {
      "quarter": "2023-09 (Q3)",
      "signal": "FCF MARGIN EXPANSION",
      "detail": "FCF margin: +5.9% -> +11.1% (+5.2%)",
      "severity": "MEDIUM"
    },
    {
      "quarter": "2023-09 (Q3)",
      "signal": "YoY REVENUE GROWTH ACCELERATION",
      "detail": "YoY growth: -21.3% vs prior quarter YoY: -34.6% (accel: +13.3%)",
      "severity": "MEDIUM"
    },
    {
      "quarter": "2023-09 (Q3)",
      "signal": "INCREMENTAL MARGIN (YoY)",
      "detail": "YoY Incr OPM: +30.4% vs year-ago OPM: +17.6%",
      "severity": "MEDIUM"
    },
    {
      "quarter": "2023-06 (Q2)",
      "signal": "INCREMENTAL MARGIN (YoY)",
      "detail": "YoY Incr OPM: +32.9% vs year-ago OPM: +19.7%",
      "severity": "MEDIUM"
    },
    {
      "quarter": "2023-03 (Q1)",
      "signal": "YoY REVENUE GROWTH DECELERATION",
      "detail": "YoY growth: -31.6% vs prior quarter YoY: -6.0% (decel: -25.7%)",
      "severity": "WARNING"
    },
    {
      "quarter": "2022-12 (Q4)",
      "signal": "YoY REVENUE GROWTH DECELERATION",
      "detail": "YoY growth: -6.0% vs prior quarter YoY: +4.6% (decel: -10.6%)",
      "severity": "WARNING"
    },
    {
      "quarter": "2022-12 (Q4)",
      "signal": "INCREMENTAL MARGIN (YoY)",
      "detail": "YoY Incr OPM: +34.5% vs year-ago OPM: +13.4%",
      "severity": "HIGH"
    },
    {
      "quarter": "2022-09 (Q3)",
      "signal": "FCF MARGIN EXPANSION",
      "detail": "FCF margin: +12.7% -> +24.6% (+11.9%)",
      "severity": "MEDIUM"
    },
    {
      "quarter": "2022-09 (Q3)",
      "signal": "YoY REVENUE GROWTH DECELERATION",
      "detail": "YoY growth: +4.6% vs prior quarter YoY: +24.2% (decel: -19.6%)",
      "severity": "WARNING"
    },
    {
      "quarter": "2022-09 (Q3)",
      "signal": "INCREMENTAL MARGIN (YoY)",
      "detail": "YoY Incr OPM: +70.0% vs year-ago OPM: +15.2%",
      "severity": "HIGH"
    },
    {
      "quarter": "2022-06 (Q2)",
      "signal": "FCF MARGIN EXPANSION",
      "detail": "FCF margin: +2.3% -> +12.7% (+10.4%)",
      "severity": "MEDIUM"
    },
    {
      "quarter": "2022-06 (Q2)",
      "signal": "OPERATING LEVERAGE",
      "detail": "Rev growth +21.9% vs OpEx growth +8.0% (leverage: 2.7x)",
      "severity": "MEDIUM"
    },
    {
      "quarter": "2022-06 (Q2)",
      "signal": "YoY REVENUE GROWTH DECELERATION",
      "detail": "YoY growth: +24.2% vs prior quarter YoY: +36.1% (decel: -11.9%)",
      "severity": "WARNING"
    },
    {
      "quarter": "2022-06 (Q2)",
      "signal": "INCREMENTAL MARGIN (YoY)",
      "detail": "YoY Incr OPM: +50.8% vs year-ago OPM: +12.2%",
      "severity": "HIGH"
    },
    {
      "quarter": "2022-03 (Q1)",
      "signal": "OPERATING LEVERAGE",
      "detail": "Rev growth +22.6% vs OpEx growth +12.1% (leverage: 1.9x)",
      "severity": "MEDIUM"
    },
    {
      "quarter": "2022-03 (Q1)",
      "signal": "YoY REVENUE GROWTH DECELERATION",
      "detail": "YoY growth: +36.1% vs prior quarter YoY: +83.1% (decel: -47.0%)",
      "severity": "WARNING"
    },
    {
      "quarter": "2022-03 (Q1)",
      "signal": "INCREMENTAL MARGIN (YoY)",
      "detail": "YoY Incr OPM: +40.9% vs year-ago OPM: +5.9%",
      "severity": "HIGH"
    },
    {
      "quarter": "2021-12 (Q4)",
      "signal": "INCREMENTAL MARGIN (YoY)",
      "detail": "YoY Incr OPM: +19.4% vs year-ago OPM: +8.5%",
      "severity": "MEDIUM"
    },
    {
      "quarter": "2021-09 (Q3)",
      "signal": "FCF TURNED POSITIVE",
      "detail": "FCF margin: -1.1% -> +19.0%",
      "severity": "HIGH"
    },
    {
      "quarter": "2021-06 (Q2)",
      "signal": "OPERATING LEVERAGE",
      "detail": "Rev growth +33.6% vs OpEx growth +9.9% (leverage: 3.4x)",
      "severity": "MEDIUM"
    },
    {
      "quarter": "2021-06 (Q2)",
      "signal": "GROSS MARGIN INFLECTION",
      "detail": "GM: +26.4% -> +25.6% -> +28.4% (reversal +2.8%)",
      "severity": "MEDIUM"
    }
  ],
  "data_quality": {
    "n_quarters": 20,
    "coverage": {
      "revenue": [
        20,
        20
      ],
      "gross_profit": [
        20,
        20
      ],
      "op_income": [
        20,
        20
      ],
      "fcf": [
        20,
        20
      ]
    },
    "gaps": [],
    "warnings": []
  },
  "market_cap": null,
  "source": "SEC EDGAR",
  "last_updated": "2026-02-02T20:30:25.434434"
}