{
  "ticker": "BLKB",
  "name": "Blackbaud, Inc.",
  "quarters": [
    {
      "date": "2020-12-31T00:00:00",
      "quarter_label": "2020-12 (Q4)",
      "revenue": 242606000,
      "gross_profit": 123030000,
      "operating_income": -850000,
      "net_income": -13621000,
      "opex": 123880000,
      "cogs": 119576000,
      "rd": 27491000,
      "sga": null,
      "fcf": 34936000,
      "ocf": 38790000,
      "capex": -3854000,
      "gross_margin": 0.5071185378762273,
      "op_margin": -0.003503623158536887,
      "fcf_margin": 0.14400303372546433
    },
    {
      "date": "2021-03-31T00:00:00",
      "quarter_label": "2021-03 (Q1)",
      "revenue": 219191000,
      "gross_profit": 115806000,
      "operating_income": 6644000,
      "net_income": -164000,
      "opex": 109162000,
      "cogs": 103385000,
      "rd": 29179000,
      "sga": null,
      "fcf": 26633000,
      "ocf": 30103000,
      "capex": -3470000,
      "gross_margin": 0.528333736330415,
      "op_margin": 0.030311463518118902,
      "fcf_margin": 0.12150590124594532,
      "fcf_margin_change": -0.02249713247951901
    },
    {
      "date": "2021-06-30T00:00:00",
      "quarter_label": "2021-06 (Q2)",
      "revenue": 229440000,
      "gross_profit": 121370000,
      "operating_income": 13043000,
      "net_income": 6731000,
      "opex": 108327000,
      "cogs": 108070000,
      "rd": 30222000,
      "sga": null,
      "fcf": 67161000,
      "ocf": 69819000,
      "capex": -2658000,
      "gross_margin": 0.5289836122733612,
      "op_margin": 0.0568471059972106,
      "fcf_margin": 0.292717050209205,
      "op_leverage_ratio": Infinity,
      "fcf_margin_change": 0.1712111489632597
    },
    {
      "date": "2021-09-30T00:00:00",
      "quarter_label": "2021-09 (Q3)",
      "revenue": 231218000,
      "gross_profit": 123537000,
      "operating_income": 11846000,
      "net_income": 6188000,
      "opex": 111691000,
      "cogs": 107681000,
      "rd": 31566000,
      "sga": null,
      "fcf": 67662000,
      "ocf": 69866000,
      "capex": -2204000,
      "gross_margin": 0.5342879879594149,
      "op_margin": 0.0512330354903165,
      "fcf_margin": 0.2926329265022619,
      "fcf_margin_change": -8.412370694310667e-05
    },
    {
      "date": "2021-12-31T00:00:00",
      "quarter_label": "2021-12 (Q4)",
      "revenue": 247891000,
      "gross_profit": 123832000,
      "operating_income": -6627000,
      "net_income": -7057000,
      "opex": 130459000,
      "cogs": 124059000,
      "rd": 33606000,
      "sga": null,
      "fcf": 40541000,
      "ocf": 43873000,
      "capex": -3332000,
      "gross_margin": 0.49954213747171133,
      "op_margin": -0.02673352400853601,
      "fcf_margin": 0.16354365426739978,
      "incr_op_margin_yoy": -1.093093661305582,
      "rev_growth_yoy": 0.02178429222690288,
      "op_leverage_ratio": 0.42913337715884897,
      "fcf_margin_change": -0.12908927223486213
    },
    {
      "date": "2022-03-31T00:00:00",
      "quarter_label": "2022-03 (Q1)",
      "revenue": 257124000,
      "gross_profit": 133762000,
      "operating_income": -5979000,
      "net_income": -10407000,
      "opex": 139741000,
      "cogs": 123362000,
      "rd": 39952000,
      "sga": null,
      "fcf": 20238000,
      "ocf": 24504000,
      "capex": -4266000,
      "gross_margin": 0.5202237052939438,
      "op_margin": -0.023253371913940356,
      "fcf_margin": 0.07870910533439118,
      "incr_op_margin_yoy": -0.33277093823320064,
      "rev_growth_yoy": 0.17305911282853767,
      "rev_growth_yoy_accel": 0.1512748206016348,
      "op_leverage_ratio": 0.5234974340063697,
      "fcf_margin_change": -0.0848345489330086
    },
    {
      "date": "2022-06-30T00:00:00",
      "quarter_label": "2022-06 (Q2)",
      "revenue": 264927000,
      "gross_profit": 139320000,
      "operating_income": 54000,
      "net_income": -3422000,
      "opex": 139266000,
      "cogs": 125607000,
      "rd": 38333000,
      "sga": null,
      "fcf": 54023000,
      "ocf": 57275000,
      "capex": -3252000,
      "gross_margin": 0.5258807143099797,
      "op_margin": 0.00020382973422867432,
      "fcf_margin": 0.2039165505969569,
      "incr_op_margin_yoy": -0.3660213599346239,
      "rev_growth_yoy": 0.15466788702928871,
      "rev_growth_yoy_accel": -0.018391225799248956,
      "op_leverage_ratio": Infinity,
      "fcf_margin_change": 0.12520744526256572
    },
    {
      "date": "2022-09-30T00:00:00",
      "quarter_label": "2022-09 (Q3)",
      "revenue": 261297000,
      "gross_profit": 140360000,
      "operating_income": -7012000,
      "net_income": -10319000,
      "opex": 147372000,
      "cogs": 120937000,
      "rd": 40451000,
      "sga": null,
      "fcf": 105033000,
      "ocf": 108027000,
      "capex": -2994000,
      "gross_margin": 0.537166519324753,
      "op_margin": -0.02683536359009097,
      "fcf_margin": 0.4019678756357708,
      "incr_op_margin_yoy": -0.6269490342099139,
      "rev_growth_yoy": 0.13008935290505064,
      "rev_growth_yoy_accel": -0.024578534124238077,
      "fcf_margin_change": 0.1980513250388139
    },
    {
      "date": "2022-12-31T00:00:00",
      "quarter_label": "2022-12 (Q4)",
      "revenue": 274757000,
      "gross_profit": 139274000,
      "operating_income": -15548000,
      "net_income": -21259000,
      "opex": 154822000,
      "cogs": 135483000,
      "rd": 38177000,
      "sga": null,
      "fcf": 12310000,
      "ocf": 14087000,
      "capex": -1777000,
      "gross_margin": 0.5068988233238826,
      "op_margin": -0.05658818519637352,
      "fcf_margin": 0.04480322612344726,
      "incr_op_margin_yoy": -0.3320553859897268,
      "rev_growth_yoy": 0.10837827916301923,
      "rev_growth_yoy_accel": -0.021711073742031406,
      "op_leverage_ratio": 1.0189886367830605,
      "fcf_margin_change": -0.3571646495123235
    },
    {
      "date": "2023-03-31T00:00:00",
      "quarter_label": "2023-03 (Q1)",
      "revenue": 261753000,
      "gross_profit": 138641000,
      "operating_income": -9947000,
      "net_income": -14701000,
      "opex": 148588000,
      "cogs": 123112000,
      "rd": 40591000,
      "sga": null,
      "fcf": 20442000,
      "ocf": 21806000,
      "capex": -1364000,
      "gross_margin": 0.5296634613547887,
      "op_margin": -0.03800147467268761,
      "fcf_margin": 0.07809652611431388,
      "incr_op_margin_yoy": -0.8572045798228559,
      "rev_growth_yoy": 0.018002986885704952,
      "rev_growth_yoy_accel": -0.09037529227731428,
      "fcf_margin_change": 0.033293299990866616
    },
    {
      "date": "2023-06-30T00:00:00",
      "quarter_label": "2023-06 (Q2)",
      "revenue": 271042000,
      "gross_profit": 149567000,
      "operating_income": 294000,
      "net_income": 2105000,
      "opex": 149273000,
      "cogs": 121475000,
      "rd": 36146000,
      "sga": null,
      "fcf": 51781000,
      "ocf": 53196000,
      "capex": -1415000,
      "gross_margin": 0.5518222268135565,
      "op_margin": 0.0010847027397967843,
      "fcf_margin": 0.19104419241298395,
      "incr_op_margin_yoy": 0.039247751430907606,
      "rev_growth_yoy": 0.023081830089043395,
      "rev_growth_yoy_accel": 0.005078843203338443,
      "op_leverage_ratio": 7.697868015706901,
      "fcf_margin_change": 0.11294766629867008
    },
    {
      "date": "2023-09-30T00:00:00",
      "quarter_label": "2023-09 (Q3)",
      "revenue": 277626000,
      "gross_profit": 155860000,
      "operating_income": 22044000,
      "net_income": 9017000,
      "opex": 133816000,
      "cogs": 121766000,
      "rd": 37965000,
      "sga": null,
      "fcf": 126517000,
      "ocf": 127981000,
      "capex": -1464000,
      "gross_margin": 0.5614027504628529,
      "op_margin": 0.07940178513539799,
      "fcf_margin": 0.45571020005330914,
      "incr_op_margin_yoy": 1.7794108641068038,
      "rev_growth_yoy": 0.06249210668319958,
      "rev_growth_yoy_accel": 0.039410276594156184,
      "op_leverage_ratio": Infinity,
      "fcf_margin_change": 0.2646660076403252
    },
    {
      "date": "2023-12-31T00:00:00",
      "quarter_label": "2023-12 (Q4)",
      "revenue": 295011000,
      "gross_profit": 159176000,
      "operating_income": 32314000,
      "net_income": 5399000,
      "opex": 126862000,
      "cogs": 135835000,
      "rd": 38602000,
      "sga": null,
      "fcf": -3825000,
      "ocf": -3383000,
      "capex": -442000,
      "gross_margin": 0.5395595418475921,
      "op_margin": 0.1095348986986926,
      "fcf_margin": -0.0129656182311846,
      "incr_op_margin_yoy": 2.3630887725881307,
      "rev_growth_yoy": 0.07371604727086116,
      "rev_growth_yoy_accel": 0.01122394058766158,
      "op_leverage_ratio": Infinity,
      "fcf_margin_change": -0.46867581828449373
    },
    {
      "date": "2024-03-31T00:00:00",
      "quarter_label": "2024-03 (Q1)",
      "revenue": 279250000,
      "gross_profit": 153044000,
      "operating_income": 10719000,
      "net_income": 5246000,
      "opex": 142325000,
      "cogs": 126206000,
      "rd": 42802000,
      "sga": null,
      "fcf": 64300000,
      "ocf": 65300000,
      "capex": -1000000,
      "gross_margin": 0.548053715308863,
      "op_margin": 0.03838495971351835,
      "fcf_margin": 0.23025962399283795,
      "incr_op_margin_yoy": 1.1811167628736354,
      "rev_growth_yoy": 0.06684546117905048,
      "rev_growth_yoy_accel": -0.006870586091810682,
      "fcf_margin_change": 0.24322524222402256
    },
    {
      "date": "2024-06-30T00:00:00",
      "quarter_label": "2024-06 (Q2)",
      "revenue": 287286000,
      "gross_profit": 162586000,
      "operating_income": 42092000,
      "net_income": 21804000,
      "opex": 120494000,
      "cogs": 124700000,
      "rd": 39068000,
      "sga": null,
      "fcf": 48000000,
      "ocf": 53100000,
      "capex": -5100000,
      "gross_margin": 0.5659377762926143,
      "op_margin": 0.14651601539928852,
      "fcf_margin": 0.1670808880349199,
      "incr_op_margin_yoy": 2.5731346958877124,
      "rev_growth_yoy": 0.059931671106323005,
      "rev_growth_yoy_accel": -0.006913790072727473,
      "op_leverage_ratio": Infinity,
      "fcf_margin_change": -0.06317873595791804
    },
    {
      "date": "2024-09-30T00:00:00",
      "quarter_label": "2024-09 (Q3)",
      "revenue": 286727000,
      "gross_profit": 159210000,
      "operating_income": 43825000,
      "net_income": 20542000,
      "opex": 115385000,
      "cogs": 127517000,
      "rd": 39368000,
      "sga": null,
      "fcf": 102851000,
      "ocf": 103986000,
      "capex": -1135000,
      "gross_margin": 0.5552668566266867,
      "op_margin": 0.1528457382806642,
      "fcf_margin": 0.35870706281584924,
      "incr_op_margin_yoy": 2.3932534886276233,
      "rev_growth_yoy": 0.032781511818057385,
      "rev_growth_yoy_accel": -0.02715015928826562,
      "fcf_margin_change": 0.19162617478092933
    },
    {
      "date": "2024-12-31T00:00:00",
      "quarter_label": "2024-12 (Q4)",
      "revenue": 302232000,
      "gross_profit": 164363000,
      "operating_income": -367142000,
      "net_income": -330764000,
      "opex": 531505000,
      "cogs": 137869000,
      "rd": 39348000,
      "sga": null,
      "fcf": 73449000,
      "ocf": 73614000,
      "capex": -165000,
      "gross_margin": 0.5438305672463538,
      "op_margin": -1.2147687868921888,
      "fcf_margin": 0.24302191693798142,
      "incr_op_margin_yoy": -55.31865392604902,
      "rev_growth_yoy": 0.02447705339800889,
      "rev_growth_yoy_accel": -0.008304458420048497,
      "op_leverage_ratio": 0.014994567528489567,
      "fcf_margin_change": -0.11568514587786782
    },
    {
      "date": "2025-03-31T00:00:00",
      "quarter_label": "2025-03 (Q1)",
      "revenue": 270661000,
      "gross_profit": 155846000,
      "operating_income": 20430000,
      "net_income": 4867000,
      "opex": 135416000,
      "cogs": 114815000,
      "rd": 33559000,
      "sga": null,
      "fcf": 712000,
      "ocf": 1400000,
      "capex": -688000,
      "gross_margin": 0.5757977691651179,
      "op_margin": 0.07548187585208065,
      "fcf_margin": 0.002630596945995175,
      "incr_op_margin_yoy": -1.1306322039818373,
      "rev_growth_yoy": -0.030757385854968667,
      "rev_growth_yoy_accel": -0.05523443925297755,
      "fcf_margin_change": -0.24039131999198624
    },
    {
      "date": "2025-06-30T00:00:00",
      "quarter_label": "2025-06 (Q2)",
      "revenue": 281382000,
      "gross_profit": 167749000,
      "operating_income": 56686000,
      "net_income": 25980000,
      "opex": 111063000,
      "cogs": 113633000,
      "rd": 33595000,
      "sga": null,
      "fcf": 66277000,
      "ocf": 66900000,
      "capex": -623000,
      "gross_margin": 0.5961610906170259,
      "op_margin": 0.2014556723599946,
      "fcf_margin": 0.2355410083089892,
      "incr_op_margin_yoy": -2.4718834688346885,
      "rev_growth_yoy": -0.02055094922829515,
      "rev_growth_yoy_accel": 0.010206436626673518,
      "op_leverage_ratio": Infinity,
      "fcf_margin_change": 0.232910411362994
    },
    {
      "date": "2025-09-30T00:00:00",
      "quarter_label": "2025-09 (Q3)",
      "revenue": 281143000,
      "gross_profit": 167490000,
      "operating_income": 54573000,
      "net_income": 47492000,
      "opex": 112917000,
      "cogs": 113653000,
      "rd": 37198000,
      "sga": null,
      "fcf": 135746000,
      "ocf": 139240000,
      "capex": -3494000,
      "gross_margin": 0.5957466485027193,
      "op_margin": 0.19411118185407425,
      "fcf_margin": 0.4828361367702557,
      "incr_op_margin_yoy": -1.924785100286533,
      "rev_growth_yoy": -0.019474970965413094,
      "rev_growth_yoy_accel": 0.0010759782628820547,
      "fcf_margin_change": 0.24729512846126653
    }
  ],
  "signals": [
    {
      "quarter": "2025-09 (Q3)",
      "signal": "FCF MARGIN EXPANSION",
      "detail": "FCF margin: +23.6% -> +48.3% (+24.7%)",
      "severity": "MEDIUM"
    },
    {
      "quarter": "2025-06 (Q2)",
      "signal": "FCF MARGIN EXPANSION",
      "detail": "FCF margin: +0.3% -> +23.6% (+23.3%)",
      "severity": "MEDIUM"
    },
    {
      "quarter": "2025-03 (Q1)",
      "signal": "GROSS MARGIN INFLECTION",
      "detail": "GM: +55.5% -> +54.4% -> +57.6% (reversal +3.2%)",
      "severity": "MEDIUM"
    },
    {
      "quarter": "2025-03 (Q1)",
      "signal": "YoY REVENUE GROWTH DECELERATION",
      "detail": "YoY growth: -3.1% vs prior quarter YoY: +2.4% (decel: -5.5%)",
      "severity": "WARNING"
    },
    {
      "quarter": "2025-03 (Q1)",
      "signal": "OP MARGIN TURNED POSITIVE (QoQ)",
      "detail": "Op margin: -121.5% -> +7.5%",
      "severity": "HIGH"
    },
    {
      "quarter": "2024-09 (Q3)",
      "signal": "FCF MARGIN EXPANSION",
      "detail": "FCF margin: +16.7% -> +35.9% (+19.2%)",
      "severity": "MEDIUM"
    },
    {
      "quarter": "2024-09 (Q3)",
      "signal": "INCREMENTAL MARGIN (YoY)",
      "detail": "YoY Incr OPM: +239.3% vs year-ago OPM: +7.9%",
      "severity": "HIGH"
    },
    {
      "quarter": "2024-06 (Q2)",
      "signal": "INCREMENTAL MARGIN (YoY)",
      "detail": "YoY Incr OPM: +257.3% vs year-ago OPM: +0.1%",
      "severity": "HIGH"
    },
    {
      "quarter": "2024-03 (Q1)",
      "signal": "FCF TURNED POSITIVE",
      "detail": "FCF margin: -1.3% -> +23.0%",
      "severity": "HIGH"
    },
    {
      "quarter": "2024-03 (Q1)",
      "signal": "OP MARGIN TURNED POSITIVE (YoY)",
      "detail": "Op margin: -3.8% (year-ago) -> +3.8%",
      "severity": "HIGH"
    },
    {
      "quarter": "2023-12 (Q4)",
      "signal": "OP MARGIN TURNED POSITIVE (YoY)",
      "detail": "Op margin: -5.7% (year-ago) -> +11.0%",
      "severity": "HIGH"
    },
    {
      "quarter": "2023-09 (Q3)",
      "signal": "FCF MARGIN EXPANSION",
      "detail": "FCF margin: +19.1% -> +45.6% (+26.5%)",
      "severity": "MEDIUM"
    },
    {
      "quarter": "2023-09 (Q3)",
      "signal": "OP MARGIN TURNED POSITIVE (YoY)",
      "detail": "Op margin: -2.7% (year-ago) -> +7.9%",
      "severity": "HIGH"
    },
    {
      "quarter": "2023-06 (Q2)",
      "signal": "FCF MARGIN EXPANSION",
      "detail": "FCF margin: +7.8% -> +19.1% (+11.3%)",
      "severity": "MEDIUM"
    },
    {
      "quarter": "2023-06 (Q2)",
      "signal": "OPERATING LEVERAGE",
      "detail": "Rev growth +3.5% vs OpEx growth +0.5% (leverage: 7.7x)",
      "severity": "MEDIUM"
    },
    {
      "quarter": "2023-06 (Q2)",
      "signal": "OP MARGIN TURNED POSITIVE (QoQ)",
      "detail": "Op margin: -3.8% -> +0.1%",
      "severity": "HIGH"
    },
    {
      "quarter": "2023-03 (Q1)",
      "signal": "GROSS MARGIN INFLECTION",
      "detail": "GM: +53.7% -> +50.7% -> +53.0% (reversal +2.3%)",
      "severity": "MEDIUM"
    },
    {
      "quarter": "2023-03 (Q1)",
      "signal": "YoY REVENUE GROWTH DECELERATION",
      "detail": "YoY growth: +1.8% vs prior quarter YoY: +10.8% (decel: -9.0%)",
      "severity": "WARNING"
    },
    {
      "quarter": "2022-09 (Q3)",
      "signal": "FCF MARGIN EXPANSION",
      "detail": "FCF margin: +20.4% -> +40.2% (+19.8%)",
      "severity": "MEDIUM"
    },
    {
      "quarter": "2022-06 (Q2)",
      "signal": "FCF MARGIN EXPANSION",
      "detail": "FCF margin: +7.9% -> +20.4% (+12.5%)",
      "severity": "MEDIUM"
    },
    {
      "quarter": "2022-06 (Q2)",
      "signal": "OP MARGIN TURNED POSITIVE (QoQ)",
      "detail": "Op margin: -2.3% -> +0.0%",
      "severity": "HIGH"
    },
    {
      "quarter": "2022-03 (Q1)",
      "signal": "GROSS MARGIN INFLECTION",
      "detail": "GM: +53.4% -> +50.0% -> +52.0% (reversal +2.1%)",
      "severity": "MEDIUM"
    },
    {
      "quarter": "2022-03 (Q1)",
      "signal": "YoY REVENUE GROWTH ACCELERATION",
      "detail": "YoY growth: +17.3% vs prior quarter YoY: +2.2% (accel: +15.1%)",
      "severity": "HIGH"
    },
    {
      "quarter": "2021-06 (Q2)",
      "signal": "FCF MARGIN EXPANSION",
      "detail": "FCF margin: +12.2% -> +29.3% (+17.1%)",
      "severity": "MEDIUM"
    },
    {
      "quarter": "2021-03 (Q1)",
      "signal": "OP MARGIN TURNED POSITIVE (QoQ)",
      "detail": "Op margin: -0.4% -> +3.0%",
      "severity": "HIGH"
    }
  ],
  "data_quality": {
    "n_quarters": 20,
    "coverage": {
      "revenue": [
        20,
        20
      ],
      "gross_profit": [
        20,
        20
      ],
      "op_income": [
        20,
        20
      ],
      "fcf": [
        20,
        20
      ]
    },
    "gaps": [],
    "warnings": []
  },
  "market_cap": null,
  "source": "SEC EDGAR",
  "last_updated": "2026-02-02T21:27:33.926532"
}