{
  "ticker": "BLNK",
  "name": "BLINK CHARGING CO.",
  "quarters": [
    {
      "date": "2020-12-31T00:00:00",
      "quarter_label": "2020-12 (Q4)",
      "revenue": 2432066,
      "gross_profit": 427073,
      "operating_income": -7860992,
      "net_income": -7941505,
      "opex": 8288065,
      "cogs": 2026224,
      "rd": null,
      "sga": null,
      "fcf": -9779000,
      "ocf": -7913000,
      "capex": -1866000,
      "gross_margin": 0.17560090885691423,
      "op_margin": -3.232228072757894,
      "fcf_margin": -4.020861275968662
    },
    {
      "date": "2021-03-31T00:00:00",
      "quarter_label": "2021-03 (Q1)",
      "revenue": 2082000,
      "gross_profit": 96379,
      "operating_income": -7386465,
      "net_income": -7364475,
      "opex": 7482844,
      "cogs": 2135683,
      "rd": null,
      "sga": null,
      "fcf": -12521000,
      "ocf": -8500000,
      "capex": -4021000,
      "gross_margin": 0.04629154658981748,
      "op_margin": -3.5477737752161382,
      "fcf_margin": -6.013928914505283,
      "fcf_margin_change": -1.9930676385366208
    },
    {
      "date": "2021-06-30T00:00:00",
      "quarter_label": "2021-06 (Q2)",
      "revenue": 4281000,
      "gross_profit": 644088,
      "operating_income": -12345265,
      "net_income": -13458605,
      "opex": 12989353,
      "cogs": 3711064,
      "rd": null,
      "sga": null,
      "fcf": -13443000,
      "ocf": -12445000,
      "capex": -998000,
      "gross_margin": 0.15045269796776453,
      "op_margin": -2.883733940668068,
      "fcf_margin": -3.140154169586545,
      "op_leverage_ratio": 1.435274080665499,
      "fcf_margin_change": 2.873774744918738
    },
    {
      "date": "2021-09-30T00:00:00",
      "quarter_label": "2021-09 (Q3)",
      "revenue": 6402000,
      "gross_profit": 892000,
      "operating_income": -15823000,
      "net_income": -15321000,
      "opex": 16715000,
      "cogs": 5510000,
      "rd": null,
      "sga": null,
      "fcf": -9529000,
      "ocf": -9008000,
      "capex": -521000,
      "gross_margin": 0.1393314589190878,
      "op_margin": -2.4715713839425177,
      "fcf_margin": -1.4884411121524523,
      "op_leverage_ratio": 1.727353627583773,
      "fcf_margin_change": 1.6517130574340928
    },
    {
      "date": "2021-12-31T00:00:00",
      "quarter_label": "2021-12 (Q4)",
      "revenue": 7550000,
      "gross_profit": 1379000,
      "operating_income": -20113000,
      "net_income": -18974000,
      "opex": 21492000,
      "cogs": 6571000,
      "rd": null,
      "sga": null,
      "fcf": -12142000,
      "ocf": -10617000,
      "capex": -1525000,
      "gross_margin": 0.18264900662251657,
      "op_margin": -2.6639735099337747,
      "fcf_margin": -1.6082119205298013,
      "incr_op_margin_yoy": -2.3939363032035974,
      "rev_growth_yoy": 2.10435654295566,
      "op_leverage_ratio": 0.6274474489439237,
      "fcf_margin_change": -0.11977080837734899
    },
    {
      "date": "2022-03-31T00:00:00",
      "quarter_label": "2022-03 (Q1)",
      "revenue": 9725000,
      "gross_profit": 1586000,
      "operating_income": -15042000,
      "net_income": -15143000,
      "opex": 16628000,
      "cogs": 8214000,
      "rd": null,
      "sga": null,
      "fcf": -12751000,
      "ocf": -11383000,
      "capex": -1368000,
      "gross_margin": 0.16308483290488432,
      "op_margin": -1.5467352185089975,
      "fcf_margin": -1.3111568123393316,
      "incr_op_margin_yoy": -1.0016400628025643,
      "rev_growth_yoy": 3.670989433237272,
      "rev_growth_yoy_accel": 1.5666328902816118,
      "op_leverage_ratio": Infinity,
      "fcf_margin_change": 0.29705510819046976
    },
    {
      "date": "2022-06-30T00:00:00",
      "quarter_label": "2022-06 (Q2)",
      "revenue": 11361000,
      "gross_profit": 1957000,
      "operating_income": -21962000,
      "net_income": -22621000,
      "opex": 23919000,
      "cogs": 9529000,
      "rd": null,
      "sga": null,
      "fcf": -20482000,
      "ocf": -19603000,
      "capex": -879000,
      "gross_margin": 0.17225596338350496,
      "op_margin": -1.9331044802394155,
      "fcf_margin": -1.8028342575477512,
      "incr_op_margin_yoy": -1.3582959039548022,
      "rev_growth_yoy": 1.6538192011212334,
      "rev_growth_yoy_accel": -2.0171702321160385,
      "op_leverage_ratio": 0.3836600746280497,
      "fcf_margin_change": -0.4916774452084196
    },
    {
      "date": "2022-09-30T00:00:00",
      "quarter_label": "2022-09 (Q3)",
      "revenue": 17247000,
      "gross_profit": 4781000,
      "operating_income": -24497000,
      "net_income": -25647000,
      "opex": 29278000,
      "cogs": 12466000,
      "rd": null,
      "sga": null,
      "fcf": -26773000,
      "ocf": -26790000,
      "capex": 17000,
      "gross_margin": 0.2772076303125181,
      "op_margin": -1.4203629616744942,
      "fcf_margin": -1.5523279410912043,
      "incr_op_margin_yoy": -0.7998155832180729,
      "rev_growth_yoy": 1.6940018744142455,
      "rev_growth_yoy_accel": 0.04018267329301217,
      "op_leverage_ratio": 2.312399994619241,
      "fcf_margin_change": 0.25050631645654686
    },
    {
      "date": "2022-12-31T00:00:00",
      "quarter_label": "2022-12 (Q4)",
      "revenue": 22606000,
      "gross_profit": 6478000,
      "operating_income": -27770000,
      "net_income": -28149000,
      "opex": 34248000,
      "cogs": 16128000,
      "rd": null,
      "sga": null,
      "fcf": -27608000,
      "ocf": -24589000,
      "capex": -3019000,
      "gross_margin": 0.2865610899761125,
      "op_margin": -1.2284349287799698,
      "fcf_margin": -1.2212686897283906,
      "incr_op_margin_yoy": -0.508568012752391,
      "rev_growth_yoy": 1.9941721854304635,
      "rev_growth_yoy_accel": 0.30017031101621794,
      "op_leverage_ratio": 1.830438793251187,
      "fcf_margin_change": 0.33105925136281367
    },
    {
      "date": "2023-03-31T00:00:00",
      "quarter_label": "2023-03 (Q1)",
      "revenue": 21668000,
      "gross_profit": 4543000,
      "operating_income": -30839000,
      "net_income": -29801000,
      "opex": 35382000,
      "cogs": 17125000,
      "rd": null,
      "sga": null,
      "fcf": -25842000,
      "ocf": -24177000,
      "capex": -1665000,
      "gross_margin": 0.20966402067565074,
      "op_margin": -1.4232508768691157,
      "fcf_margin": -1.1926342994277275,
      "incr_op_margin_yoy": -1.3226994892405592,
      "rev_growth_yoy": 1.2280719794344472,
      "rev_growth_yoy_accel": -0.7661002059960162,
      "fcf_margin_change": 0.02863439030066317
    },
    {
      "date": "2023-06-30T00:00:00",
      "quarter_label": "2023-06 (Q2)",
      "revenue": 32842000,
      "gross_profit": 12291000,
      "operating_income": -40064000,
      "net_income": -41482000,
      "opex": 52355000,
      "cogs": 20551000,
      "rd": null,
      "sga": null,
      "fcf": -44845000,
      "ocf": -40863000,
      "capex": -3982000,
      "gross_margin": 0.3742463918153584,
      "op_margin": -1.2199013458376469,
      "fcf_margin": -1.3654771329395285,
      "incr_op_margin_yoy": -0.8426981984078954,
      "rev_growth_yoy": 1.8907666578646245,
      "rev_growth_yoy_accel": 0.6626946784301773,
      "op_leverage_ratio": 1.075012729933731,
      "fcf_margin_change": -0.17284283351180108
    },
    {
      "date": "2023-09-30T00:00:00",
      "quarter_label": "2023-09 (Q3)",
      "revenue": 43377000,
      "gross_profit": 12785000,
      "operating_income": -110696000,
      "net_income": -112721000,
      "opex": 123481000,
      "cogs": 30592000,
      "rd": null,
      "sga": null,
      "fcf": -13740000,
      "ocf": -12122000,
      "capex": -1618000,
      "gross_margin": 0.2947414528436729,
      "op_margin": -2.5519514950319295,
      "fcf_margin": -0.31675772875025937,
      "incr_op_margin_yoy": -3.2988518943742826,
      "rev_growth_yoy": 1.5150460949730389,
      "rev_growth_yoy_accel": -0.3757205628915856,
      "op_leverage_ratio": 0.23612105863080182,
      "fcf_margin_change": 1.0487194041892691
    },
    {
      "date": "2023-12-31T00:00:00",
      "quarter_label": "2023-12 (Q4)",
      "revenue": 42711000,
      "gross_profit": 10587000,
      "operating_income": -18089000,
      "net_income": -19689000,
      "opex": 28676000,
      "cogs": 32124000,
      "rd": null,
      "sga": null,
      "fcf": -20695000,
      "ocf": -20408000,
      "capex": -287000,
      "gross_margin": 0.24787525461824822,
      "op_margin": -0.4235208728430615,
      "fcf_margin": -0.4845355997284072,
      "incr_op_margin_yoy": 0.4815220094503855,
      "rev_growth_yoy": 0.8893656551358047,
      "rev_growth_yoy_accel": -0.6256804398372342,
      "fcf_margin_change": -0.16777787097814784
    },
    {
      "date": "2024-03-31T00:00:00",
      "quarter_label": "2024-03 (Q1)",
      "revenue": 37568000,
      "gross_profit": 13419000,
      "operating_income": -17453000,
      "net_income": -17173000,
      "opex": 30872000,
      "cogs": 24149000,
      "rd": null,
      "sga": null,
      "fcf": -24306000,
      "ocf": -21476000,
      "capex": -2830000,
      "gross_margin": 0.3571922913117547,
      "op_margin": -0.46457091141396933,
      "fcf_margin": -0.646986797274276,
      "incr_op_margin_yoy": 0.8418867924528302,
      "rev_growth_yoy": 0.7338009968617316,
      "rev_growth_yoy_accel": -0.15556465827407306,
      "fcf_margin_change": -0.1624511975458688
    },
    {
      "date": "2024-06-30T00:00:00",
      "quarter_label": "2024-06 (Q2)",
      "revenue": 33262000,
      "gross_profit": 10713000,
      "operating_income": -20649000,
      "net_income": -20059000,
      "opex": 31362000,
      "cogs": 22549000,
      "rd": null,
      "sga": null,
      "fcf": -10013000,
      "ocf": -4259000,
      "capex": -5754000,
      "gross_margin": 0.3220792495941314,
      "op_margin": -0.6207985088088509,
      "fcf_margin": -0.3010342132162828,
      "rev_growth_yoy": 0.01278850252725169,
      "rev_growth_yoy_accel": -0.7210124943344799,
      "fcf_margin_change": 0.3459525840579932
    },
    {
      "date": "2024-09-30T00:00:00",
      "quarter_label": "2024-09 (Q3)",
      "revenue": 25187000,
      "gross_profit": 9119000,
      "operating_income": -88226000,
      "net_income": -87389000,
      "opex": 97345000,
      "cogs": 16068000,
      "rd": null,
      "sga": null,
      "fcf": -10088000,
      "ocf": -9095000,
      "capex": -993000,
      "gross_margin": 0.3620518521459483,
      "op_margin": -3.502838766030095,
      "fcf_margin": -0.40052407988247907,
      "incr_op_margin_yoy": -1.2352941176470589,
      "rev_growth_yoy": -0.41934665836733753,
      "rev_growth_yoy_accel": -0.4321351608945892,
      "fcf_margin_change": -0.09948986666619625
    },
    {
      "date": "2024-12-31T00:00:00",
      "quarter_label": "2024-12 (Q4)",
      "revenue": 30180000,
      "gross_profit": 7530000,
      "operating_income": -73590000,
      "net_income": -73511000,
      "opex": 81120000,
      "cogs": 22650000,
      "rd": null,
      "sga": null,
      "fcf": -11372000,
      "ocf": -12332000,
      "capex": 960000,
      "gross_margin": 0.24950298210735586,
      "op_margin": -2.4383697813121272,
      "fcf_margin": -0.37680583167660703,
      "incr_op_margin_yoy": 4.429095842311068,
      "rev_growth_yoy": -0.2933904614736251,
      "rev_growth_yoy_accel": 0.12595619689371246,
      "op_leverage_ratio": Infinity,
      "fcf_margin_change": 0.02371824820587204
    },
    {
      "date": "2025-03-31T00:00:00",
      "quarter_label": "2025-03 (Q1)",
      "revenue": 20754000,
      "gross_profit": 7369000,
      "operating_income": -21080000,
      "net_income": -20707000,
      "opex": 28449000,
      "cogs": 13385000,
      "rd": null,
      "sga": null,
      "fcf": -14221000,
      "ocf": -11855000,
      "capex": -2366000,
      "gross_margin": 0.35506408403199385,
      "op_margin": -1.0157078153608943,
      "fcf_margin": -0.6852173075069866,
      "incr_op_margin_yoy": 0.2157130962293327,
      "rev_growth_yoy": -0.44756175468483816,
      "rev_growth_yoy_accel": -0.1541712932112131,
      "fcf_margin_change": -0.3084114758303796
    },
    {
      "date": "2025-06-30T00:00:00",
      "quarter_label": "2025-06 (Q2)",
      "revenue": 28667000,
      "gross_profit": 2094000,
      "operating_income": -32209000,
      "net_income": -31959000,
      "opex": 34303000,
      "cogs": 26573000,
      "rd": null,
      "sga": null,
      "fcf": -16669000,
      "ocf": -16669000,
      "capex": null,
      "gross_margin": 0.07304566225974117,
      "op_margin": -1.123556702829037,
      "fcf_margin": -0.5814699829071756,
      "incr_op_margin_yoy": 2.515778019586507,
      "rev_growth_yoy": -0.1381456316517347,
      "rev_growth_yoy_accel": 0.30941612303310345,
      "op_leverage_ratio": 1.8529070789026174,
      "fcf_margin_change": 0.10374732459981106
    },
    {
      "date": "2025-09-30T00:00:00",
      "quarter_label": "2025-09 (Q3)",
      "revenue": 27030000,
      "gross_profit": 9666000,
      "operating_income": -205000,
      "net_income": -86000,
      "opex": 9871000,
      "cogs": 17364000,
      "rd": null,
      "sga": null,
      "fcf": -3016000,
      "ocf": -3016000,
      "capex": null,
      "gross_margin": 0.35760266370699223,
      "op_margin": -0.007584165741768406,
      "fcf_margin": -0.11157972623011468,
      "incr_op_margin_yoy": 47.759631036353774,
      "rev_growth_yoy": 0.07317266844006828,
      "rev_growth_yoy_accel": 0.211318300091803,
      "fcf_margin_change": 0.46989025667706086
    }
  ],
  "signals": [
    {
      "quarter": "2025-09 (Q3)",
      "signal": "FCF MARGIN EXPANSION",
      "detail": "FCF margin: -58.1% -> -11.2% (+47.0%)",
      "severity": "MEDIUM"
    },
    {
      "quarter": "2025-09 (Q3)",
      "signal": "GROSS MARGIN INFLECTION",
      "detail": "GM: +35.5% -> +7.3% -> +35.8% (reversal +28.5%)",
      "severity": "HIGH"
    },
    {
      "quarter": "2025-09 (Q3)",
      "signal": "YoY REVENUE GROWTH ACCELERATION",
      "detail": "YoY growth: +7.3% vs prior quarter YoY: -13.8% (accel: +21.1%)",
      "severity": "HIGH"
    },
    {
      "quarter": "2025-06 (Q2)",
      "signal": "FCF MARGIN EXPANSION",
      "detail": "FCF margin: -68.5% -> -58.1% (+10.4%)",
      "severity": "MEDIUM"
    },
    {
      "quarter": "2025-06 (Q2)",
      "signal": "OPERATING LEVERAGE",
      "detail": "Rev growth +38.1% vs OpEx growth +20.6% (leverage: 1.9x)",
      "severity": "MEDIUM"
    },
    {
      "quarter": "2025-06 (Q2)",
      "signal": "YoY REVENUE GROWTH ACCELERATION",
      "detail": "YoY growth: -13.8% vs prior quarter YoY: -44.8% (accel: +30.9%)",
      "severity": "HIGH"
    },
    {
      "quarter": "2025-03 (Q1)",
      "signal": "GROSS MARGIN INFLECTION",
      "detail": "GM: +36.2% -> +25.0% -> +35.5% (reversal +10.6%)",
      "severity": "HIGH"
    },
    {
      "quarter": "2025-03 (Q1)",
      "signal": "YoY REVENUE GROWTH DECELERATION",
      "detail": "YoY growth: -44.8% vs prior quarter YoY: -29.3% (decel: -15.4%)",
      "severity": "WARNING"
    },
    {
      "quarter": "2024-12 (Q4)",
      "signal": "YoY REVENUE GROWTH ACCELERATION",
      "detail": "YoY growth: -29.3% vs prior quarter YoY: -41.9% (accel: +12.6%)",
      "severity": "MEDIUM"
    },
    {
      "quarter": "2024-09 (Q3)",
      "signal": "GROSS MARGIN INFLECTION",
      "detail": "GM: +35.7% -> +32.2% -> +36.2% (reversal +4.0%)",
      "severity": "MEDIUM"
    },
    {
      "quarter": "2024-09 (Q3)",
      "signal": "YoY REVENUE GROWTH DECELERATION",
      "detail": "YoY growth: -41.9% vs prior quarter YoY: +1.3% (decel: -43.2%)",
      "severity": "WARNING"
    },
    {
      "quarter": "2024-06 (Q2)",
      "signal": "FCF MARGIN EXPANSION",
      "detail": "FCF margin: -64.7% -> -30.1% (+34.6%)",
      "severity": "MEDIUM"
    },
    {
      "quarter": "2024-06 (Q2)",
      "signal": "YoY REVENUE GROWTH DECELERATION",
      "detail": "YoY growth: +1.3% vs prior quarter YoY: +73.4% (decel: -72.1%)",
      "severity": "WARNING"
    },
    {
      "quarter": "2024-03 (Q1)",
      "signal": "GROSS MARGIN INFLECTION",
      "detail": "GM: +29.5% -> +24.8% -> +35.7% (reversal +10.9%)",
      "severity": "HIGH"
    },
    {
      "quarter": "2024-03 (Q1)",
      "signal": "YoY REVENUE GROWTH DECELERATION",
      "detail": "YoY growth: +73.4% vs prior quarter YoY: +88.9% (decel: -15.6%)",
      "severity": "WARNING"
    },
    {
      "quarter": "2023-12 (Q4)",
      "signal": "YoY REVENUE GROWTH DECELERATION",
      "detail": "YoY growth: +88.9% vs prior quarter YoY: +151.5% (decel: -62.6%)",
      "severity": "WARNING"
    },
    {
      "quarter": "2023-09 (Q3)",
      "signal": "FCF MARGIN EXPANSION",
      "detail": "FCF margin: -136.5% -> -31.7% (+104.9%)",
      "severity": "MEDIUM"
    },
    {
      "quarter": "2023-09 (Q3)",
      "signal": "YoY REVENUE GROWTH DECELERATION",
      "detail": "YoY growth: +151.5% vs prior quarter YoY: +189.1% (decel: -37.6%)",
      "severity": "WARNING"
    },
    {
      "quarter": "2023-06 (Q2)",
      "signal": "GROSS MARGIN INFLECTION",
      "detail": "GM: +28.7% -> +21.0% -> +37.4% (reversal +16.5%)",
      "severity": "HIGH"
    },
    {
      "quarter": "2023-06 (Q2)",
      "signal": "YoY REVENUE GROWTH ACCELERATION",
      "detail": "YoY growth: +189.1% vs prior quarter YoY: +122.8% (accel: +66.3%)",
      "severity": "HIGH"
    },
    {
      "quarter": "2023-03 (Q1)",
      "signal": "YoY REVENUE GROWTH DECELERATION",
      "detail": "YoY growth: +122.8% vs prior quarter YoY: +199.4% (decel: -76.6%)",
      "severity": "WARNING"
    },
    {
      "quarter": "2022-12 (Q4)",
      "signal": "FCF MARGIN EXPANSION",
      "detail": "FCF margin: -155.2% -> -122.1% (+33.1%)",
      "severity": "MEDIUM"
    },
    {
      "quarter": "2022-12 (Q4)",
      "signal": "OPERATING LEVERAGE",
      "detail": "Rev growth +31.1% vs OpEx growth +17.0% (leverage: 1.8x)",
      "severity": "MEDIUM"
    },
    {
      "quarter": "2022-12 (Q4)",
      "signal": "YoY REVENUE GROWTH ACCELERATION",
      "detail": "YoY growth: +199.4% vs prior quarter YoY: +169.4% (accel: +30.0%)",
      "severity": "HIGH"
    },
    {
      "quarter": "2022-09 (Q3)",
      "signal": "FCF MARGIN EXPANSION",
      "detail": "FCF margin: -180.3% -> -155.2% (+25.1%)",
      "severity": "MEDIUM"
    },
    {
      "quarter": "2022-09 (Q3)",
      "signal": "OPERATING LEVERAGE",
      "detail": "Rev growth +51.8% vs OpEx growth +22.4% (leverage: 2.3x)",
      "severity": "MEDIUM"
    },
    {
      "quarter": "2022-06 (Q2)",
      "signal": "YoY REVENUE GROWTH DECELERATION",
      "detail": "YoY growth: +165.4% vs prior quarter YoY: +367.1% (decel: -201.7%)",
      "severity": "WARNING"
    },
    {
      "quarter": "2022-03 (Q1)",
      "signal": "FCF MARGIN EXPANSION",
      "detail": "FCF margin: -160.8% -> -131.1% (+29.7%)",
      "severity": "MEDIUM"
    },
    {
      "quarter": "2022-03 (Q1)",
      "signal": "YoY REVENUE GROWTH ACCELERATION",
      "detail": "YoY growth: +367.1% vs prior quarter YoY: +210.4% (accel: +156.7%)",
      "severity": "HIGH"
    },
    {
      "quarter": "2021-12 (Q4)",
      "signal": "GROSS MARGIN INFLECTION",
      "detail": "GM: +15.0% -> +13.9% -> +18.3% (reversal +4.3%)",
      "severity": "MEDIUM"
    },
    {
      "quarter": "2021-09 (Q3)",
      "signal": "FCF MARGIN EXPANSION",
      "detail": "FCF margin: -314.0% -> -148.8% (+165.2%)",
      "severity": "MEDIUM"
    },
    {
      "quarter": "2021-09 (Q3)",
      "signal": "OPERATING LEVERAGE",
      "detail": "Rev growth +49.5% vs OpEx growth +28.7% (leverage: 1.7x)",
      "severity": "MEDIUM"
    },
    {
      "quarter": "2021-06 (Q2)",
      "signal": "FCF MARGIN EXPANSION",
      "detail": "FCF margin: -601.4% -> -314.0% (+287.4%)",
      "severity": "MEDIUM"
    },
    {
      "quarter": "2021-06 (Q2)",
      "signal": "GROSS MARGIN INFLECTION",
      "detail": "GM: +17.6% -> +4.6% -> +15.0% (reversal +10.4%)",
      "severity": "HIGH"
    }
  ],
  "data_quality": {
    "n_quarters": 20,
    "coverage": {
      "revenue": [
        20,
        20
      ],
      "gross_profit": [
        20,
        20
      ],
      "op_income": [
        20,
        20
      ],
      "fcf": [
        20,
        20
      ]
    },
    "gaps": [],
    "warnings": []
  },
  "market_cap": null,
  "source": "SEC EDGAR",
  "last_updated": "2026-02-02T23:16:35.877414",
  "sector": "Industrials",
  "industry": "Engineering & Construction"
}