{
  "ticker": "BLZE",
  "name": "BACKBLAZE, INC.",
  "quarters": [
    {
      "date": "2020-12-31T00:00:00",
      "quarter_label": "2020-12 (Q4)",
      "revenue": 14588000,
      "gross_profit": 7562000,
      "operating_income": -2485000,
      "net_income": -3418000,
      "opex": 10047000,
      "cogs": 7026000,
      "rd": 3937000,
      "sga": null,
      "fcf": 2904000,
      "ocf": 3253000,
      "capex": -349000,
      "gross_margin": 0.518371264052646,
      "op_margin": -0.17034548944337813,
      "fcf_margin": 0.19906772689882096
    },
    {
      "date": "2021-03-31T00:00:00",
      "quarter_label": "2021-03 (Q1)",
      "revenue": 15312000,
      "gross_profit": 7482000,
      "operating_income": -2817000,
      "net_income": -3688000,
      "opex": 10299000,
      "cogs": 7830000,
      "rd": 4269000,
      "sga": null,
      "fcf": -95000,
      "ocf": 2515000,
      "capex": -2610000,
      "gross_margin": 0.48863636363636365,
      "op_margin": -0.18397335423197492,
      "fcf_margin": -0.006204284221525601,
      "op_leverage_ratio": 1.9786941648060377,
      "fcf_margin_change": -0.20527201112034657
    },
    {
      "date": "2021-06-30T00:00:00",
      "quarter_label": "2021-06 (Q2)",
      "revenue": 16150000,
      "gross_profit": 8224000,
      "operating_income": -3734000,
      "net_income": -2418000,
      "opex": 11958000,
      "cogs": 7926000,
      "rd": 4707000,
      "sga": null,
      "fcf": -1779000,
      "ocf": 68000,
      "capex": -1847000,
      "gross_margin": 0.5092260061919505,
      "op_margin": -0.23120743034055727,
      "fcf_margin": -0.11015479876160991,
      "op_leverage_ratio": 0.3397510208400649,
      "fcf_margin_change": -0.1039505145400843
    },
    {
      "date": "2021-09-30T00:00:00",
      "quarter_label": "2021-09 (Q3)",
      "revenue": 17320000,
      "gross_profit": 8801000,
      "operating_income": -4666000,
      "net_income": -5993000,
      "opex": 13467000,
      "cogs": 8519000,
      "rd": 5338000,
      "sga": null,
      "fcf": 962000,
      "ocf": 3381000,
      "capex": -2419000,
      "gross_margin": 0.5081408775981524,
      "op_margin": -0.26939953810623557,
      "fcf_margin": 0.05554272517321016,
      "op_leverage_ratio": 0.5740935193790815,
      "fcf_margin_change": 0.16569752393482007
    },
    {
      "date": "2021-12-31T00:00:00",
      "quarter_label": "2021-12 (Q4)",
      "revenue": 18697000,
      "gross_profit": 9834000,
      "operating_income": -7577000,
      "net_income": -9605000,
      "opex": 17411000,
      "cogs": 8863000,
      "rd": 6222000,
      "sga": null,
      "fcf": -3130000,
      "ocf": -2444000,
      "capex": -686000,
      "gross_margin": 0.5259667326309033,
      "op_margin": -0.40525217949403647,
      "fcf_margin": -0.16740653580788362,
      "incr_op_margin_yoy": -1.2392309564370894,
      "rev_growth_yoy": 0.28166986564299423,
      "op_leverage_ratio": 0.2714688520347217,
      "fcf_margin_change": -0.22294926098109377
    },
    {
      "date": "2022-03-31T00:00:00",
      "quarter_label": "2022-03 (Q1)",
      "revenue": 19490000,
      "gross_profit": 9809000,
      "operating_income": -11689000,
      "net_income": -12530000,
      "opex": 21498000,
      "cogs": 9681000,
      "rd": 7941000,
      "sga": null,
      "fcf": -1415000,
      "ocf": -900000,
      "capex": -515000,
      "gross_margin": 0.5032837352488455,
      "op_margin": -0.5997434581836839,
      "fcf_margin": -0.07260133401744484,
      "incr_op_margin_yoy": -2.1235040689325038,
      "rev_growth_yoy": 0.27285788923719956,
      "rev_growth_yoy_accel": -0.008811976405794675,
      "op_leverage_ratio": 0.18068426653170472,
      "fcf_margin_change": 0.09480520179043878
    },
    {
      "date": "2022-06-30T00:00:00",
      "quarter_label": "2022-06 (Q2)",
      "revenue": 20688000,
      "gross_profit": 11132000,
      "operating_income": -10819000,
      "net_income": -11575000,
      "opex": 21951000,
      "cogs": 9556000,
      "rd": 8400000,
      "sga": null,
      "fcf": -8278000,
      "ocf": -7292000,
      "capex": -986000,
      "gross_margin": 0.5380897138437741,
      "op_margin": -0.5229601701469451,
      "fcf_margin": -0.4001353441608662,
      "incr_op_margin_yoy": -1.5612604671661525,
      "rev_growth_yoy": 0.28099071207430343,
      "rev_growth_yoy_accel": 0.00813282283710387,
      "op_leverage_ratio": 2.9170564629849234,
      "fcf_margin_change": -0.3275340101434214
    },
    {
      "date": "2022-09-30T00:00:00",
      "quarter_label": "2022-09 (Q3)",
      "revenue": 22051000,
      "gross_profit": 11215000,
      "operating_income": -12060000,
      "net_income": -12800000,
      "opex": 23275000,
      "cogs": 10836000,
      "rd": 8152000,
      "sga": null,
      "fcf": -5010000,
      "ocf": -2450000,
      "capex": -2560000,
      "gross_margin": 0.5085937145707677,
      "op_margin": -0.5469139721554578,
      "fcf_margin": -0.22720058047254094,
      "incr_op_margin_yoy": -1.5628831113929402,
      "rev_growth_yoy": 0.27315242494226327,
      "rev_growth_yoy_accel": -0.007838287132040156,
      "op_leverage_ratio": 1.0923043745312313,
      "fcf_margin_change": 0.17293476368832528
    },
    {
      "date": "2022-12-31T00:00:00",
      "quarter_label": "2022-12 (Q4)",
      "revenue": 22926000,
      "gross_profit": 11707000,
      "operating_income": -13545000,
      "net_income": -14493000,
      "opex": 25252000,
      "cogs": 11219000,
      "rd": 8614000,
      "sga": null,
      "fcf": -6427000,
      "ocf": -3139000,
      "capex": -3288000,
      "gross_margin": 0.5106429381488267,
      "op_margin": -0.5908139230567914,
      "fcf_margin": -0.28033673558405303,
      "incr_op_margin_yoy": -1.4112083234807282,
      "rev_growth_yoy": 0.2261860191474568,
      "rev_growth_yoy_accel": -0.04696640579480646,
      "op_leverage_ratio": 0.4671569174939036,
      "fcf_margin_change": -0.053136155111512096
    },
    {
      "date": "2023-03-31T00:00:00",
      "quarter_label": "2023-03 (Q1)",
      "revenue": 23394000,
      "gross_profit": 10969000,
      "operating_income": -16800000,
      "net_income": -17113000,
      "opex": 27769000,
      "cogs": 12425000,
      "rd": 10533000,
      "sga": null,
      "fcf": -8214000,
      "ocf": -5191000,
      "capex": -3023000,
      "gross_margin": 0.4688809096349491,
      "op_margin": -0.718132854578097,
      "fcf_margin": -0.351115670684791,
      "incr_op_margin_yoy": -1.3091700819672132,
      "rev_growth_yoy": 0.20030785017957928,
      "rev_growth_yoy_accel": -0.025878168967877535,
      "op_leverage_ratio": 0.20480008384752849,
      "fcf_margin_change": -0.07077893510073796
    },
    {
      "date": "2023-06-30T00:00:00",
      "quarter_label": "2023-06 (Q2)",
      "revenue": 24589000,
      "gross_profit": 12051000,
      "operating_income": -13914000,
      "net_income": -14337000,
      "opex": 25965000,
      "cogs": 12538000,
      "rd": 9925000,
      "sga": null,
      "fcf": -6933000,
      "ocf": -5237000,
      "capex": -1696000,
      "gross_margin": 0.49009719793403556,
      "op_margin": -0.5658627841717842,
      "fcf_margin": -0.28195534588637194,
      "incr_op_margin_yoy": -0.7933863112022558,
      "rev_growth_yoy": 0.18856341840680588,
      "rev_growth_yoy_accel": -0.0117444317727734,
      "op_leverage_ratio": Infinity,
      "fcf_margin_change": 0.06916032479841905
    },
    {
      "date": "2023-09-30T00:00:00",
      "quarter_label": "2023-09 (Q3)",
      "revenue": 25299000,
      "gross_profit": 11753000,
      "operating_income": -15566000,
      "net_income": -16055000,
      "opex": 27319000,
      "cogs": 13546000,
      "rd": 9639000,
      "sga": null,
      "fcf": -517000,
      "ocf": -170000,
      "capex": -347000,
      "gross_margin": 0.46456381675165026,
      "op_margin": -0.6152812364125064,
      "fcf_margin": -0.020435590339539112,
      "incr_op_margin_yoy": -1.0794334975369457,
      "rev_growth_yoy": 0.1472949072604417,
      "rev_growth_yoy_accel": -0.04126851114636418,
      "op_leverage_ratio": 0.5537160910599203,
      "fcf_margin_change": 0.2615197555468328
    },
    {
      "date": "2023-12-31T00:00:00",
      "quarter_label": "2023-12 (Q4)",
      "revenue": 28737000,
      "gross_profit": 15084000,
      "operating_income": -11625000,
      "net_income": -12208000,
      "opex": 26709000,
      "cogs": 13653000,
      "rd": 9430000,
      "sga": null,
      "fcf": 2802000,
      "ocf": 3248000,
      "capex": -446000,
      "gross_margin": 0.5248982148449733,
      "op_margin": -0.4045307443365696,
      "fcf_margin": 0.09750495876396284,
      "incr_op_margin_yoy": 0.3304078471863707,
      "rev_growth_yoy": 0.2534676786181628,
      "rev_growth_yoy_accel": 0.10617277135772107,
      "op_leverage_ratio": Infinity,
      "fcf_margin_change": 0.11794054910350195
    },
    {
      "date": "2024-03-31T00:00:00",
      "quarter_label": "2024-03 (Q1)",
      "revenue": 29968000,
      "gross_profit": 15811000,
      "operating_income": -10510000,
      "net_income": -11053000,
      "opex": 26321000,
      "cogs": 14157000,
      "rd": 9746000,
      "sga": null,
      "fcf": 2993000,
      "ocf": 3416000,
      "capex": -423000,
      "gross_margin": 0.5275961025093433,
      "op_margin": -0.35070742124933263,
      "fcf_margin": 0.09987319807794981,
      "incr_op_margin_yoy": 0.956799513233952,
      "rev_growth_yoy": 0.2810122253569291,
      "rev_growth_yoy_accel": 0.02754454673876633,
      "op_leverage_ratio": Infinity,
      "fcf_margin_change": 0.0023682393139869695
    },
    {
      "date": "2024-06-30T00:00:00",
      "quarter_label": "2024-06 (Q2)",
      "revenue": 31285000,
      "gross_profit": 17229000,
      "operating_income": -9809000,
      "net_income": -10348000,
      "opex": 27038000,
      "cogs": 14056000,
      "rd": 9589000,
      "sga": null,
      "fcf": 1956000,
      "ocf": 2227000,
      "capex": -271000,
      "gross_margin": 0.5507112034521336,
      "op_margin": -0.3135368387406105,
      "fcf_margin": 0.06252197538756593,
      "incr_op_margin_yoy": 0.61305256869773,
      "rev_growth_yoy": 0.27231688966611084,
      "rev_growth_yoy_accel": -0.008695335690818262,
      "op_leverage_ratio": 1.613285552008614,
      "fcf_margin_change": -0.03735122269038388
    },
    {
      "date": "2024-09-30T00:00:00",
      "quarter_label": "2024-09 (Q3)",
      "revenue": 32589000,
      "gross_profit": 17800000,
      "operating_income": -12198000,
      "net_income": -12753000,
      "opex": 29998000,
      "cogs": 14789000,
      "rd": 10734000,
      "sga": null,
      "fcf": 4438000,
      "ocf": 4629000,
      "capex": -191000,
      "gross_margin": 0.5461965693945809,
      "op_margin": -0.3742980760379269,
      "fcf_margin": 0.13618091994231182,
      "incr_op_margin_yoy": 0.462002743484225,
      "rev_growth_yoy": 0.288153681963714,
      "rev_growth_yoy_accel": 0.015836792297603153,
      "op_leverage_ratio": 0.38073629966869543,
      "fcf_margin_change": 0.07365894455474589
    },
    {
      "date": "2024-12-31T00:00:00",
      "quarter_label": "2024-12 (Q4)",
      "revenue": 33786000,
      "gross_profit": 18503000,
      "operating_income": -13772000,
      "net_income": -14377000,
      "opex": 32275000,
      "cogs": 15283000,
      "rd": 12029000,
      "sga": null,
      "fcf": 1407000,
      "ocf": 2233000,
      "capex": -826000,
      "gross_margin": 0.5476528739714674,
      "op_margin": -0.40762445983543477,
      "fcf_margin": 0.04164446812289114,
      "incr_op_margin_yoy": -0.4252327193503664,
      "rev_growth_yoy": 0.17569683683056686,
      "rev_growth_yoy_accel": -0.11245684513314713,
      "op_leverage_ratio": 0.4838963946344805,
      "fcf_margin_change": -0.09453645181942069
    },
    {
      "date": "2025-03-31T00:00:00",
      "quarter_label": "2025-03 (Q1)",
      "revenue": 34613000,
      "gross_profit": 19256000,
      "operating_income": -8920000,
      "net_income": -9324000,
      "opex": 28176000,
      "cogs": 15357000,
      "rd": 11855000,
      "sga": null,
      "fcf": 4440000,
      "ocf": 4943000,
      "capex": -503000,
      "gross_margin": 0.5563227689018577,
      "op_margin": -0.25770664201311644,
      "fcf_margin": 0.1282755034235692,
      "incr_op_margin_yoy": 0.34230355220667386,
      "rev_growth_yoy": 0.1549986652429258,
      "rev_growth_yoy_accel": -0.020698171587641062,
      "op_leverage_ratio": Infinity,
      "fcf_margin_change": 0.08663103530067806
    },
    {
      "date": "2025-06-30T00:00:00",
      "quarter_label": "2025-06 (Q2)",
      "revenue": 36298000,
      "gross_profit": 23041000,
      "operating_income": -6717000,
      "net_income": -7097000,
      "opex": 29758000,
      "cogs": 13257000,
      "rd": 11878000,
      "sga": null,
      "fcf": 2761000,
      "ocf": 3545000,
      "capex": -784000,
      "gross_margin": 0.6347732657446691,
      "op_margin": -0.1850515179899719,
      "fcf_margin": 0.07606479695851011,
      "incr_op_margin_yoy": 0.6167963295431877,
      "rev_growth_yoy": 0.16023653508070962,
      "rev_growth_yoy_accel": 0.005237869837783821,
      "op_leverage_ratio": 0.8670287973399061,
      "fcf_margin_change": -0.052210706465059084
    },
    {
      "date": "2025-09-30T00:00:00",
      "quarter_label": "2025-09 (Q3)",
      "revenue": 37162000,
      "gross_profit": 23071000,
      "operating_income": -3321000,
      "net_income": -3778000,
      "opex": 26392000,
      "cogs": 14091000,
      "rd": 11235000,
      "sga": null,
      "fcf": 2601000,
      "ocf": 5743000,
      "capex": -3142000,
      "gross_margin": 0.6208223454065981,
      "op_margin": -0.08936548086755287,
      "fcf_margin": 0.06999085086916743,
      "incr_op_margin_yoy": 1.9411764705882353,
      "rev_growth_yoy": 0.14032342201356285,
      "rev_growth_yoy_accel": -0.01991311306714677,
      "op_leverage_ratio": Infinity,
      "fcf_margin_change": -0.006073946089342683
    }
  ],
  "signals": [
    {
      "quarter": "2025-03 (Q1)",
      "signal": "FCF MARGIN EXPANSION",
      "detail": "FCF margin: +4.2% -> +12.8% (+8.7%)",
      "severity": "MEDIUM"
    },
    {
      "quarter": "2024-12 (Q4)",
      "signal": "YoY REVENUE GROWTH DECELERATION",
      "detail": "YoY growth: +17.6% vs prior quarter YoY: +28.8% (decel: -11.2%)",
      "severity": "WARNING"
    },
    {
      "quarter": "2024-09 (Q3)",
      "signal": "FCF MARGIN EXPANSION",
      "detail": "FCF margin: +6.3% -> +13.6% (+7.4%)",
      "severity": "MEDIUM"
    },
    {
      "quarter": "2024-06 (Q2)",
      "signal": "OPERATING LEVERAGE",
      "detail": "Rev growth +4.4% vs OpEx growth +2.7% (leverage: 1.6x)",
      "severity": "MEDIUM"
    },
    {
      "quarter": "2023-12 (Q4)",
      "signal": "FCF TURNED POSITIVE",
      "detail": "FCF margin: -2.0% -> +9.8%",
      "severity": "HIGH"
    },
    {
      "quarter": "2023-12 (Q4)",
      "signal": "GROSS MARGIN INFLECTION",
      "detail": "GM: +49.0% -> +46.5% -> +52.5% (reversal +6.0%)",
      "severity": "HIGH"
    },
    {
      "quarter": "2023-12 (Q4)",
      "signal": "YoY REVENUE GROWTH ACCELERATION",
      "detail": "YoY growth: +25.3% vs prior quarter YoY: +14.7% (accel: +10.6%)",
      "severity": "MEDIUM"
    },
    {
      "quarter": "2023-09 (Q3)",
      "signal": "FCF MARGIN EXPANSION",
      "detail": "FCF margin: -28.2% -> -2.0% (+26.2%)",
      "severity": "MEDIUM"
    },
    {
      "quarter": "2023-06 (Q2)",
      "signal": "FCF MARGIN EXPANSION",
      "detail": "FCF margin: -35.1% -> -28.2% (+6.9%)",
      "severity": "MEDIUM"
    },
    {
      "quarter": "2023-06 (Q2)",
      "signal": "GROSS MARGIN INFLECTION",
      "detail": "GM: +51.1% -> +46.9% -> +49.0% (reversal +2.1%)",
      "severity": "MEDIUM"
    },
    {
      "quarter": "2022-09 (Q3)",
      "signal": "FCF MARGIN EXPANSION",
      "detail": "FCF margin: -40.0% -> -22.7% (+17.3%)",
      "severity": "MEDIUM"
    },
    {
      "quarter": "2022-06 (Q2)",
      "signal": "OPERATING LEVERAGE",
      "detail": "Rev growth +6.1% vs OpEx growth +2.1% (leverage: 2.9x)",
      "severity": "MEDIUM"
    },
    {
      "quarter": "2022-06 (Q2)",
      "signal": "GROSS MARGIN INFLECTION",
      "detail": "GM: +52.6% -> +50.3% -> +53.8% (reversal +3.5%)",
      "severity": "MEDIUM"
    },
    {
      "quarter": "2022-03 (Q1)",
      "signal": "FCF MARGIN EXPANSION",
      "detail": "FCF margin: -16.7% -> -7.3% (+9.5%)",
      "severity": "MEDIUM"
    },
    {
      "quarter": "2021-09 (Q3)",
      "signal": "FCF TURNED POSITIVE",
      "detail": "FCF margin: -11.0% -> +5.6%",
      "severity": "HIGH"
    },
    {
      "quarter": "2021-06 (Q2)",
      "signal": "GROSS MARGIN INFLECTION",
      "detail": "GM: +51.8% -> +48.9% -> +50.9% (reversal +2.1%)",
      "severity": "MEDIUM"
    },
    {
      "quarter": "2021-03 (Q1)",
      "signal": "OPERATING LEVERAGE",
      "detail": "Rev growth +5.0% vs OpEx growth +2.5% (leverage: 2.0x)",
      "severity": "MEDIUM"
    }
  ],
  "data_quality": {
    "n_quarters": 20,
    "coverage": {
      "revenue": [
        20,
        20
      ],
      "gross_profit": [
        20,
        20
      ],
      "op_income": [
        20,
        20
      ],
      "fcf": [
        20,
        20
      ]
    },
    "gaps": [],
    "warnings": []
  },
  "market_cap": null,
  "source": "SEC EDGAR",
  "last_updated": "2026-02-02T22:48:04.092291",
  "sector": "Technology",
  "industry": "Software - Infrastructure"
}