{
  "ticker": "BMI",
  "name": "Badger Meter, Inc.",
  "quarters": [
    {
      "date": "2020-12-31T00:00:00",
      "quarter_label": "2020-12 (Q4)",
      "revenue": 112329000,
      "gross_profit": 44055000,
      "operating_income": 16962000,
      "net_income": 13094000,
      "opex": 27093000,
      "cogs": 68276000,
      "rd": null,
      "sga": 27092000,
      "fcf": 12696000,
      "ocf": 15900000,
      "capex": -3204000,
      "gross_margin": 0.3921961381299575,
      "op_margin": 0.1510028576770024,
      "fcf_margin": 0.11302513153326389
    },
    {
      "date": "2021-03-31T00:00:00",
      "quarter_label": "2021-03 (Q1)",
      "revenue": 117842000,
      "gross_profit": 49362000,
      "operating_income": 17747000,
      "net_income": 13781000,
      "opex": 31615000,
      "cogs": 68480000,
      "rd": null,
      "sga": 31615000,
      "fcf": 28797000,
      "ocf": 30556000,
      "capex": -1759000,
      "gross_margin": 0.41888291101644576,
      "op_margin": 0.15059995587311825,
      "fcf_margin": 0.24436957960659186,
      "op_leverage_ratio": 0.2940509852138748,
      "fcf_margin_change": 0.13134444807332796
    },
    {
      "date": "2021-06-30T00:00:00",
      "quarter_label": "2021-06 (Q2)",
      "revenue": 122869000,
      "gross_profit": 50102000,
      "operating_income": 18675000,
      "net_income": 13972000,
      "opex": 31427000,
      "cogs": 72767000,
      "rd": null,
      "sga": 31427000,
      "fcf": 11894000,
      "ocf": 14513000,
      "capex": -2619000,
      "gross_margin": 0.4077676224271378,
      "op_margin": 0.15199114504065306,
      "fcf_margin": 0.09680228536083145,
      "op_leverage_ratio": Infinity,
      "fcf_margin_change": -0.14756729424576043
    },
    {
      "date": "2021-09-30T00:00:00",
      "quarter_label": "2021-09 (Q3)",
      "revenue": 128738000,
      "gross_profit": 51184000,
      "operating_income": 19440000,
      "net_income": 15855000,
      "opex": 31744000,
      "cogs": 77554000,
      "rd": null,
      "sga": 31744000,
      "fcf": 13900000,
      "ocf": 15365000,
      "capex": -1465000,
      "gross_margin": 0.39758268731842966,
      "op_margin": 0.1510043654554211,
      "fcf_margin": 0.10797122838633504,
      "op_leverage_ratio": 4.735495728016654,
      "fcf_margin_change": 0.011168943025503586
    },
    {
      "date": "2021-12-31T00:00:00",
      "quarter_label": "2021-12 (Q4)",
      "revenue": 135748000,
      "gross_profit": 54835000,
      "operating_income": 22861000,
      "net_income": 17276000,
      "opex": 31974000,
      "cogs": 80913000,
      "rd": null,
      "sga": 31975000,
      "fcf": 26173000,
      "ocf": 27076000,
      "capex": -903000,
      "gross_margin": 0.4039470194772667,
      "op_margin": 0.16840763768158648,
      "fcf_margin": 0.19280578719391814,
      "incr_op_margin_yoy": 0.25188949143857553,
      "rev_growth_yoy": 0.20848578728556294,
      "op_leverage_ratio": 7.515278418520393,
      "fcf_margin_change": 0.0848345588075831
    },
    {
      "date": "2022-03-31T00:00:00",
      "quarter_label": "2022-03 (Q1)",
      "revenue": 132402000,
      "gross_profit": 50723000,
      "operating_income": 18862000,
      "net_income": 14360000,
      "opex": 31861000,
      "cogs": 81679000,
      "rd": null,
      "sga": 31861000,
      "fcf": 8109000,
      "ocf": 9250000,
      "capex": -1141000,
      "gross_margin": 0.38309844262171266,
      "op_margin": 0.1424600836845365,
      "fcf_margin": 0.06124529840938959,
      "incr_op_margin_yoy": 0.07657967032967034,
      "rev_growth_yoy": 0.12355526891940055,
      "rev_growth_yoy_accel": -0.08493051836616239,
      "fcf_margin_change": -0.13156048878452856
    },
    {
      "date": "2022-06-30T00:00:00",
      "quarter_label": "2022-06 (Q2)",
      "revenue": 137833000,
      "gross_profit": 54760000,
      "operating_income": 22088000,
      "net_income": 16664000,
      "opex": 32672000,
      "cogs": 83073000,
      "rd": null,
      "sga": 32672000,
      "fcf": 18030000,
      "ocf": 19662000,
      "capex": -1632000,
      "gross_margin": 0.3972923755559264,
      "op_margin": 0.1602518990372407,
      "fcf_margin": 0.13081047354407144,
      "incr_op_margin_yoy": 0.2280807270783213,
      "rev_growth_yoy": 0.12178824601811686,
      "rev_growth_yoy_accel": -0.0017670229012836935,
      "op_leverage_ratio": 1.6114758660762067,
      "fcf_margin_change": 0.06956517513468186
    },
    {
      "date": "2022-09-30T00:00:00",
      "quarter_label": "2022-09 (Q3)",
      "revenue": 148009000,
      "gross_profit": 57522000,
      "operating_income": 23871000,
      "net_income": 17933000,
      "opex": 33651000,
      "cogs": 90487000,
      "rd": null,
      "sga": 33651000,
      "fcf": 21914000,
      "ocf": 23831000,
      "capex": -1917000,
      "gross_margin": 0.3886385287381173,
      "op_margin": 0.161280732928403,
      "fcf_margin": 0.14805856400624287,
      "incr_op_margin_yoy": 0.22993098438067563,
      "rev_growth_yoy": 0.1496916217433858,
      "rev_growth_yoy_accel": 0.027903375725268936,
      "op_leverage_ratio": 2.4638650552136316,
      "fcf_margin_change": 0.017248090462171434
    },
    {
      "date": "2022-12-31T00:00:00",
      "quarter_label": "2022-12 (Q4)",
      "revenue": 147324000,
      "gross_profit": 56965000,
      "operating_income": 22474000,
      "net_income": 17539000,
      "opex": 34491000,
      "cogs": 90359000,
      "rd": null,
      "sga": 34491000,
      "fcf": 28507000,
      "ocf": 29708000,
      "capex": -1201000,
      "gross_margin": 0.3866647660937797,
      "op_margin": 0.1525481252206022,
      "fcf_margin": 0.19349868317449975,
      "incr_op_margin_yoy": -0.033431237042156184,
      "rev_growth_yoy": 0.08527565783657955,
      "rev_growth_yoy_accel": -0.06441596390680625,
      "fcf_margin_change": 0.04544011916825688
    },
    {
      "date": "2023-03-31T00:00:00",
      "quarter_label": "2023-03 (Q1)",
      "revenue": 159101000,
      "gross_profit": 62816000,
      "operating_income": 25046000,
      "net_income": 19415000,
      "opex": 37770000,
      "cogs": 96285000,
      "rd": null,
      "sga": 37770000,
      "fcf": 13699000,
      "ocf": 17970000,
      "capex": -4271000,
      "gross_margin": 0.3948183858052432,
      "op_margin": 0.15742201494648053,
      "fcf_margin": 0.08610253863897775,
      "incr_op_margin_yoy": 0.2316191617663583,
      "rev_growth_yoy": 0.2016510324617453,
      "rev_growth_yoy_accel": 0.11637537462516574,
      "op_leverage_ratio": 0.8408635802267189,
      "fcf_margin_change": -0.107396144535522
    },
    {
      "date": "2023-06-30T00:00:00",
      "quarter_label": "2023-06 (Q2)",
      "revenue": 175858000,
      "gross_profit": 69434000,
      "operating_income": 29502000,
      "net_income": 22493000,
      "opex": 39932000,
      "cogs": 106424000,
      "rd": null,
      "sga": 39932000,
      "fcf": 20105000,
      "ocf": 22769000,
      "capex": -2664000,
      "gross_margin": 0.39482991959421804,
      "op_margin": 0.16776035210226434,
      "fcf_margin": 0.11432519419076755,
      "incr_op_margin_yoy": 0.19497698882314268,
      "rev_growth_yoy": 0.275877329812164,
      "rev_growth_yoy_accel": 0.07422629735041872,
      "op_leverage_ratio": 1.8399865802406503,
      "fcf_margin_change": 0.028222655551789794
    },
    {
      "date": "2023-09-30T00:00:00",
      "quarter_label": "2023-09 (Q3)",
      "revenue": 186193000,
      "gross_profit": 72723000,
      "operating_income": 31422000,
      "net_income": 25969000,
      "opex": 41301000,
      "cogs": 113470000,
      "rd": null,
      "sga": 41301000,
      "fcf": 28419000,
      "ocf": 31433000,
      "capex": -3014000,
      "gross_margin": 0.3905785931801947,
      "op_margin": 0.16876037230185884,
      "fcf_margin": 0.15263194642118663,
      "incr_op_margin_yoy": 0.19775298554368323,
      "rev_growth_yoy": 0.2579843117648251,
      "rev_growth_yoy_accel": -0.017893018047338893,
      "op_leverage_ratio": 1.7142176625488255,
      "fcf_margin_change": 0.038306752230419086
    },
    {
      "date": "2023-12-31T00:00:00",
      "quarter_label": "2023-12 (Q4)",
      "revenue": 182440000,
      "gross_profit": 71465000,
      "operating_income": 32079000,
      "net_income": 24721000,
      "opex": 39386000,
      "cogs": 110975000,
      "rd": null,
      "sga": 39386000,
      "fcf": 35891000,
      "ocf": 37945000,
      "capex": -2054000,
      "gross_margin": 0.39171782503836877,
      "op_margin": 0.17583315062486296,
      "fcf_margin": 0.19672769129576848,
      "incr_op_margin_yoy": 0.27352204123476476,
      "rev_growth_yoy": 0.23835899106730743,
      "rev_growth_yoy_accel": -0.019625320697517684,
      "fcf_margin_change": 0.044095744874581844
    },
    {
      "date": "2024-03-31T00:00:00",
      "quarter_label": "2024-03 (Q1)",
      "revenue": 196280000,
      "gross_profit": 77178000,
      "operating_income": 36578000,
      "net_income": 29131000,
      "opex": 40600000,
      "cogs": 119102000,
      "rd": null,
      "sga": 40600000,
      "fcf": 18784000,
      "ocf": 21460000,
      "capex": -2676000,
      "gross_margin": 0.39320358671285915,
      "op_margin": 0.18635622579987773,
      "fcf_margin": 0.09570002037905033,
      "incr_op_margin_yoy": 0.3101750988461228,
      "rev_growth_yoy": 0.23368174932904257,
      "rev_growth_yoy_accel": -0.0046772417382648646,
      "op_leverage_ratio": 2.4611564200024056,
      "fcf_margin_change": -0.10102767091671815
    },
    {
      "date": "2024-06-30T00:00:00",
      "quarter_label": "2024-06 (Q2)",
      "revenue": 216658000,
      "gross_profit": 85368000,
      "operating_income": 41512000,
      "net_income": 33056000,
      "opex": 43856000,
      "cogs": 131290000,
      "rd": null,
      "sga": 43856000,
      "fcf": 34078000,
      "ocf": 36419000,
      "capex": -2341000,
      "gross_margin": 0.3940219147227428,
      "op_margin": 0.19160151021425473,
      "fcf_margin": 0.15728936849781683,
      "incr_op_margin_yoy": 0.2943627450980392,
      "rev_growth_yoy": 0.23200536796733728,
      "rev_growth_yoy_accel": -0.0016763813617052814,
      "op_leverage_ratio": 1.2945747913650907,
      "fcf_margin_change": 0.0615893481187665
    },
    {
      "date": "2024-09-30T00:00:00",
      "quarter_label": "2024-09 (Q3)",
      "revenue": 208438000,
      "gross_profit": 83878000,
      "operating_income": 40623000,
      "net_income": 32038000,
      "opex": 43255000,
      "cogs": 124560000,
      "rd": null,
      "sga": 43255000,
      "fcf": 41956000,
      "ocf": 45088000,
      "capex": -3132000,
      "gross_margin": 0.40241222809660426,
      "op_margin": 0.19489248601502604,
      "fcf_margin": 0.2012876730730481,
      "incr_op_margin_yoy": 0.4136210384356035,
      "rev_growth_yoy": 0.11947280510008432,
      "rev_growth_yoy_accel": -0.11253256286725297,
      "fcf_margin_change": 0.04399830457523127
    },
    {
      "date": "2024-12-31T00:00:00",
      "quarter_label": "2024-12 (Q4)",
      "revenue": 205182000,
      "gross_profit": 82760000,
      "operating_income": 39223000,
      "net_income": 30717000,
      "opex": 43537000,
      "cogs": 122422000,
      "rd": null,
      "sga": 43537000,
      "fcf": 47398000,
      "ocf": 52067000,
      "capex": -4669000,
      "gross_margin": 0.4033492216666179,
      "op_margin": 0.19116199276739676,
      "fcf_margin": 0.23100466902554806,
      "incr_op_margin_yoy": 0.314132442177469,
      "rev_growth_yoy": 0.12465468099101075,
      "rev_growth_yoy_accel": 0.005181875890926432,
      "fcf_margin_change": 0.029716995952499964
    },
    {
      "date": "2025-03-31T00:00:00",
      "quarter_label": "2025-03 (Q1)",
      "revenue": 222211000,
      "gross_profit": 95437000,
      "operating_income": 49425000,
      "net_income": 38398000,
      "opex": 46012000,
      "cogs": 126774000,
      "rd": null,
      "sga": 46012000,
      "fcf": 30061000,
      "ocf": 33027000,
      "capex": -2966000,
      "gross_margin": 0.42948818915355225,
      "op_margin": 0.22242373239848612,
      "fcf_margin": 0.1352813317072512,
      "incr_op_margin_yoy": 0.49543018009332457,
      "rev_growth_yoy": 0.13211228856735277,
      "rev_growth_yoy_accel": 0.007457607576342021,
      "op_leverage_ratio": 1.4599338670403383,
      "fcf_margin_change": -0.09572333731829685
    },
    {
      "date": "2025-06-30T00:00:00",
      "quarter_label": "2025-06 (Q2)",
      "revenue": 238095000,
      "gross_profit": 97810000,
      "operating_income": 44863000,
      "net_income": 34584000,
      "opex": 52947000,
      "cogs": 140285000,
      "rd": null,
      "sga": 52947000,
      "fcf": 40648000,
      "ocf": 44586000,
      "capex": -3938000,
      "gross_margin": 0.4108024108024108,
      "op_margin": 0.18842478842478844,
      "fcf_margin": 0.17072177072177072,
      "incr_op_margin_yoy": 0.15631851471754443,
      "rev_growth_yoy": 0.09894395775831033,
      "rev_growth_yoy_accel": -0.03316833080904244,
      "op_leverage_ratio": 0.4742627009513296,
      "fcf_margin_change": 0.035440439014519515
    },
    {
      "date": "2025-09-30T00:00:00",
      "quarter_label": "2025-09 (Q3)",
      "revenue": 222211000,
      "gross_profit": 95836000,
      "operating_income": 46084000,
      "net_income": 35077000,
      "opex": 49752000,
      "cogs": 139815000,
      "rd": null,
      "sga": 49752000,
      "fcf": 48195000,
      "ocf": 51284000,
      "capex": -3089000,
      "gross_margin": 0.43128377983088145,
      "op_margin": 0.20738847311789246,
      "fcf_margin": 0.21688845286686978,
      "incr_op_margin_yoy": 0.3965003993320264,
      "rev_growth_yoy": 0.06607720281330659,
      "rev_growth_yoy_accel": -0.03286675494500374,
      "fcf_margin_change": 0.04616668214509906
    }
  ],
  "signals": [
    {
      "quarter": "2025-09 (Q3)",
      "signal": "GROSS MARGIN INFLECTION",
      "detail": "GM: +42.9% -> +41.1% -> +43.1% (reversal +2.0%)",
      "severity": "MEDIUM"
    },
    {
      "quarter": "2025-09 (Q3)",
      "signal": "INCREMENTAL MARGIN (YoY)",
      "detail": "YoY Incr OPM: +39.7% vs year-ago OPM: +19.5%",
      "severity": "HIGH"
    },
    {
      "quarter": "2025-03 (Q1)",
      "signal": "INCREMENTAL MARGIN (YoY)",
      "detail": "YoY Incr OPM: +49.5% vs year-ago OPM: +18.6%",
      "severity": "HIGH"
    },
    {
      "quarter": "2024-12 (Q4)",
      "signal": "INCREMENTAL MARGIN (YoY)",
      "detail": "YoY Incr OPM: +31.4% vs year-ago OPM: +17.6%",
      "severity": "MEDIUM"
    },
    {
      "quarter": "2024-09 (Q3)",
      "signal": "YoY REVENUE GROWTH DECELERATION",
      "detail": "YoY growth: +11.9% vs prior quarter YoY: +23.2% (decel: -11.3%)",
      "severity": "WARNING"
    },
    {
      "quarter": "2024-09 (Q3)",
      "signal": "INCREMENTAL MARGIN (YoY)",
      "detail": "YoY Incr OPM: +41.4% vs year-ago OPM: +16.9%",
      "severity": "HIGH"
    },
    {
      "quarter": "2024-06 (Q2)",
      "signal": "FCF MARGIN EXPANSION",
      "detail": "FCF margin: +9.6% -> +15.7% (+6.2%)",
      "severity": "MEDIUM"
    },
    {
      "quarter": "2024-06 (Q2)",
      "signal": "INCREMENTAL MARGIN (YoY)",
      "detail": "YoY Incr OPM: +29.4% vs year-ago OPM: +16.8%",
      "severity": "MEDIUM"
    },
    {
      "quarter": "2024-03 (Q1)",
      "signal": "OPERATING LEVERAGE",
      "detail": "Rev growth +7.6% vs OpEx growth +3.1% (leverage: 2.5x)",
      "severity": "MEDIUM"
    },
    {
      "quarter": "2024-03 (Q1)",
      "signal": "INCREMENTAL MARGIN (YoY)",
      "detail": "YoY Incr OPM: +31.0% vs year-ago OPM: +15.7%",
      "severity": "MEDIUM"
    },
    {
      "quarter": "2023-12 (Q4)",
      "signal": "INCREMENTAL MARGIN (YoY)",
      "detail": "YoY Incr OPM: +27.4% vs year-ago OPM: +15.3%",
      "severity": "MEDIUM"
    },
    {
      "quarter": "2023-09 (Q3)",
      "signal": "OPERATING LEVERAGE",
      "detail": "Rev growth +5.9% vs OpEx growth +3.4% (leverage: 1.7x)",
      "severity": "MEDIUM"
    },
    {
      "quarter": "2023-06 (Q2)",
      "signal": "OPERATING LEVERAGE",
      "detail": "Rev growth +10.5% vs OpEx growth +5.7% (leverage: 1.8x)",
      "severity": "MEDIUM"
    },
    {
      "quarter": "2023-06 (Q2)",
      "signal": "YoY REVENUE GROWTH ACCELERATION",
      "detail": "YoY growth: +27.6% vs prior quarter YoY: +20.2% (accel: +7.4%)",
      "severity": "MEDIUM"
    },
    {
      "quarter": "2023-03 (Q1)",
      "signal": "YoY REVENUE GROWTH ACCELERATION",
      "detail": "YoY growth: +20.2% vs prior quarter YoY: +8.5% (accel: +11.6%)",
      "severity": "MEDIUM"
    },
    {
      "quarter": "2022-12 (Q4)",
      "signal": "YoY REVENUE GROWTH DECELERATION",
      "detail": "YoY growth: +8.5% vs prior quarter YoY: +15.0% (decel: -6.4%)",
      "severity": "WARNING"
    },
    {
      "quarter": "2022-09 (Q3)",
      "signal": "OPERATING LEVERAGE",
      "detail": "Rev growth +7.4% vs OpEx growth +3.0% (leverage: 2.5x)",
      "severity": "MEDIUM"
    },
    {
      "quarter": "2022-06 (Q2)",
      "signal": "FCF MARGIN EXPANSION",
      "detail": "FCF margin: +6.1% -> +13.1% (+7.0%)",
      "severity": "MEDIUM"
    },
    {
      "quarter": "2022-06 (Q2)",
      "signal": "OPERATING LEVERAGE",
      "detail": "Rev growth +4.1% vs OpEx growth +2.5% (leverage: 1.6x)",
      "severity": "MEDIUM"
    },
    {
      "quarter": "2022-03 (Q1)",
      "signal": "YoY REVENUE GROWTH DECELERATION",
      "detail": "YoY growth: +12.4% vs prior quarter YoY: +20.8% (decel: -8.5%)",
      "severity": "WARNING"
    },
    {
      "quarter": "2021-12 (Q4)",
      "signal": "FCF MARGIN EXPANSION",
      "detail": "FCF margin: +10.8% -> +19.3% (+8.5%)",
      "severity": "MEDIUM"
    },
    {
      "quarter": "2021-12 (Q4)",
      "signal": "OPERATING LEVERAGE",
      "detail": "Rev growth +5.4% vs OpEx growth +0.7% (leverage: 7.5x)",
      "severity": "MEDIUM"
    },
    {
      "quarter": "2021-12 (Q4)",
      "signal": "INCREMENTAL MARGIN (YoY)",
      "detail": "YoY Incr OPM: +25.2% vs year-ago OPM: +15.1%",
      "severity": "MEDIUM"
    },
    {
      "quarter": "2021-09 (Q3)",
      "signal": "OPERATING LEVERAGE",
      "detail": "Rev growth +4.8% vs OpEx growth +1.0% (leverage: 4.7x)",
      "severity": "MEDIUM"
    },
    {
      "quarter": "2021-03 (Q1)",
      "signal": "FCF MARGIN EXPANSION",
      "detail": "FCF margin: +11.3% -> +24.4% (+13.1%)",
      "severity": "MEDIUM"
    }
  ],
  "data_quality": {
    "n_quarters": 20,
    "coverage": {
      "revenue": [
        20,
        20
      ],
      "gross_profit": [
        20,
        20
      ],
      "op_income": [
        20,
        20
      ],
      "fcf": [
        20,
        20
      ]
    },
    "gaps": [],
    "warnings": []
  },
  "market_cap": null,
  "source": "SEC EDGAR",
  "last_updated": "2026-02-02T21:05:33.507953"
}