{
  "ticker": "BMRN",
  "name": "BIOMARIN PHARMACEUTICAL INC",
  "quarters": [
    {
      "date": "2020-12-31T00:00:00",
      "quarter_label": "2020-12 (Q4)",
      "revenue": 452117000,
      "gross_profit": 325979000,
      "operating_income": -44840000,
      "net_income": 22099000,
      "opex": 496957000,
      "cogs": 126138000,
      "rd": 156667000,
      "sga": 195512000,
      "fcf": -44410000,
      "ocf": -13384000,
      "capex": -31026000,
      "gross_margin": 0.7210058458319417,
      "op_margin": -0.09917786767584497,
      "fcf_margin": -0.09822678642917652
    },
    {
      "date": "2021-03-31T00:00:00",
      "quarter_label": "2021-03 (Q1)",
      "revenue": 486030000,
      "gross_profit": 365864000,
      "operating_income": 25086000,
      "net_income": 17371000,
      "opex": 460944000,
      "cogs": 120166000,
      "rd": 148725000,
      "sga": 174318000,
      "fcf": 88005000,
      "ocf": 113512000,
      "capex": -25507000,
      "gross_margin": 0.7527601176882085,
      "op_margin": 0.051614097895191655,
      "fcf_margin": 0.18106906981050552,
      "op_leverage_ratio": Infinity,
      "fcf_margin_change": 0.27929585623968206
    },
    {
      "date": "2021-06-30T00:00:00",
      "quarter_label": "2021-06 (Q2)",
      "revenue": 501693000,
      "gross_profit": 374631000,
      "operating_income": 11672000,
      "net_income": 12941000,
      "opex": 490021000,
      "cogs": 127062000,
      "rd": 161107000,
      "sga": 184161000,
      "fcf": 60185000,
      "ocf": 82784000,
      "capex": -22599000,
      "gross_margin": 0.7467335601652804,
      "op_margin": 0.023265223951699544,
      "fcf_margin": 0.11996380256451655,
      "op_leverage_ratio": 0.5108700479646323,
      "fcf_margin_change": -0.06110526724598897
    },
    {
      "date": "2021-09-30T00:00:00",
      "quarter_label": "2021-09 (Q3)",
      "revenue": 408742000,
      "gross_profit": 305205000,
      "operating_income": -53219000,
      "net_income": -36494000,
      "opex": 461961000,
      "cogs": 103537000,
      "rd": 157869000,
      "sga": 183333000,
      "fcf": 78326000,
      "ocf": 97060000,
      "capex": -18734000,
      "gross_margin": 0.746693513267538,
      "op_margin": -0.13020193667398994,
      "fcf_margin": 0.19162699208791853,
      "fcf_margin_change": 0.07166318952340198
    },
    {
      "date": "2021-12-31T00:00:00",
      "quarter_label": "2021-12 (Q4)",
      "revenue": 449810000,
      "gross_profit": 330060000,
      "operating_income": -65880000,
      "net_income": -57898000,
      "opex": 515690000,
      "cogs": 119750000,
      "rd": 161092000,
      "sga": 217563000,
      "fcf": -17558000,
      "ocf": 11180000,
      "capex": -28738000,
      "gross_margin": 0.733776483404104,
      "op_margin": -0.1464618394433205,
      "fcf_margin": -0.03903425890931727,
      "incr_op_margin_yoy": 9.120069354139575,
      "rev_growth_yoy": -0.005102661479218875,
      "op_leverage_ratio": 0.8638748745617342,
      "fcf_margin_change": -0.2306612509972358
    },
    {
      "date": "2022-03-31T00:00:00",
      "quarter_label": "2022-03 (Q1)",
      "revenue": 519359000,
      "gross_profit": 402394000,
      "operating_income": 137327000,
      "net_income": 120798000,
      "opex": 382032000,
      "cogs": 116965000,
      "rd": 160836000,
      "sga": 194619000,
      "fcf": -74248000,
      "ocf": -45431000,
      "capex": -28817000,
      "gross_margin": 0.7747896926788599,
      "op_margin": 0.26441632858966535,
      "fcf_margin": -0.14296084211499174,
      "incr_op_margin_yoy": 3.3676677968135857,
      "rev_growth_yoy": 0.06857395634014361,
      "rev_growth_yoy_accel": 0.0736766178193625,
      "op_leverage_ratio": Infinity,
      "fcf_margin_change": -0.10392658320567447
    },
    {
      "date": "2022-06-30T00:00:00",
      "quarter_label": "2022-06 (Q2)",
      "revenue": 533798000,
      "gross_profit": 410672000,
      "operating_income": 39152000,
      "net_income": 27664000,
      "opex": 494646000,
      "cogs": 123126000,
      "rd": 158190000,
      "sga": 196835000,
      "fcf": 29072000,
      "ocf": 56226000,
      "capex": -27154000,
      "gross_margin": 0.7693397127752446,
      "op_margin": 0.07334609721280334,
      "fcf_margin": 0.054462549503744864,
      "incr_op_margin_yoy": 0.8559414421429684,
      "rev_growth_yoy": 0.06399331862314205,
      "rev_growth_yoy_accel": -0.004580637717001568,
      "op_leverage_ratio": 0.09431414061745273,
      "fcf_margin_change": 0.19742339161873662
    },
    {
      "date": "2022-09-30T00:00:00",
      "quarter_label": "2022-09 (Q3)",
      "revenue": 505344000,
      "gross_profit": 389056000,
      "operating_income": -2417000,
      "net_income": -6652000,
      "opex": 507761000,
      "cogs": 116288000,
      "rd": 157829000,
      "sga": 216816000,
      "fcf": 129021000,
      "ocf": 158321000,
      "capex": -29300000,
      "gross_margin": 0.7698834853090172,
      "op_margin": -0.004782880572441743,
      "fcf_margin": 0.25531321238601823,
      "incr_op_margin_yoy": 0.5258897331318192,
      "rev_growth_yoy": 0.23633979380636197,
      "rev_growth_yoy_accel": 0.17234647518321994,
      "fcf_margin_change": 0.20085066288227338
    },
    {
      "date": "2022-12-31T00:00:00",
      "quarter_label": "2022-12 (Q4)",
      "revenue": 537538000,
      "gross_profit": 410248000,
      "operating_income": -24500000,
      "net_income": -249000,
      "opex": 562038000,
      "cogs": 127290000,
      "rd": 172751000,
      "sga": 245739000,
      "fcf": -28902000,
      "ocf": 6786000,
      "capex": -35688000,
      "gross_margin": 0.7631981366898712,
      "op_margin": -0.045578173077996345,
      "fcf_margin": -0.05376736156327553,
      "incr_op_margin_yoy": 0.4716852088272843,
      "rev_growth_yoy": 0.1950334585713968,
      "rev_growth_yoy_accel": -0.04130633523496516,
      "op_leverage_ratio": 0.5959795135536082,
      "fcf_margin_change": -0.3090805739492938
    },
    {
      "date": "2023-03-31T00:00:00",
      "quarter_label": "2023-03 (Q1)",
      "revenue": 596415000,
      "gross_profit": 469866000,
      "operating_income": 59347000,
      "net_income": 50852000,
      "opex": 537068000,
      "cogs": 126549000,
      "rd": 171846000,
      "sga": 223003000,
      "fcf": -98388000,
      "ocf": -73932000,
      "capex": -24456000,
      "gross_margin": 0.7878172078167048,
      "op_margin": 0.09950621630911362,
      "fcf_margin": -0.16496566987751818,
      "incr_op_margin_yoy": -1.0119912790697674,
      "rev_growth_yoy": 0.14836750686904435,
      "rev_growth_yoy_accel": -0.046665951702352465,
      "op_leverage_ratio": Infinity,
      "fcf_margin_change": -0.11119830831424266
    },
    {
      "date": "2023-06-30T00:00:00",
      "quarter_label": "2023-06 (Q2)",
      "revenue": 595275000,
      "gross_profit": 467193000,
      "operating_income": 58870000,
      "net_income": 56040000,
      "opex": 536405000,
      "cogs": 128082000,
      "rd": 177363000,
      "sga": 215336000,
      "fcf": 48479000,
      "ocf": 70062000,
      "capex": -21583000,
      "gross_margin": 0.784835580194028,
      "op_margin": 0.09889546848095418,
      "fcf_margin": 0.0814396707404141,
      "incr_op_margin_yoy": 0.3207378369146185,
      "rev_growth_yoy": 0.11516903397914567,
      "rev_growth_yoy_accel": -0.033198472889898675,
      "fcf_margin_change": 0.2464053406179323
    },
    {
      "date": "2023-09-30T00:00:00",
      "quarter_label": "2023-09 (Q3)",
      "revenue": 581329000,
      "gross_profit": 456584000,
      "operating_income": 25661000,
      "net_income": 40378000,
      "opex": 555668000,
      "cogs": 124745000,
      "rd": 191314000,
      "sga": 223928000,
      "fcf": 113911000,
      "ocf": 135646000,
      "capex": -21735000,
      "gross_margin": 0.7854141114583997,
      "op_margin": 0.04414195748018764,
      "fcf_margin": 0.19594928173203127,
      "incr_op_margin_yoy": 0.3695203000592222,
      "rev_growth_yoy": 0.15036292109929078,
      "rev_growth_yoy_accel": 0.03519388712014511,
      "fcf_margin_change": 0.11450961099161718
    },
    {
      "date": "2023-12-31T00:00:00",
      "quarter_label": "2023-12 (Q4)",
      "revenue": 646207000,
      "gross_profit": 510729000,
      "operating_income": 14219000,
      "net_income": 20375000,
      "opex": 631988000,
      "cogs": 135478000,
      "rd": 206250000,
      "sga": 275024000,
      "fcf": -1434000,
      "ocf": 27483000,
      "capex": -28917000,
      "gross_margin": 0.7903489129644217,
      "op_margin": 0.022003785164815607,
      "fcf_margin": -0.0022191031666323638,
      "incr_op_margin_yoy": 0.35630216529092934,
      "rev_growth_yoy": 0.20216059143725654,
      "rev_growth_yoy_accel": 0.05179767033796576,
      "op_leverage_ratio": 0.8125544822143657,
      "fcf_margin_change": -0.19816838489866365
    },
    {
      "date": "2024-03-31T00:00:00",
      "quarter_label": "2024-03 (Q1)",
      "revenue": 648833000,
      "gross_profit": 523653000,
      "operating_income": 88462000,
      "net_income": 88662000,
      "opex": 560371000,
      "cogs": 125180000,
      "rd": 204987000,
      "sga": 225906000,
      "fcf": 20867000,
      "ocf": 46971000,
      "capex": -26104000,
      "gross_margin": 0.8070689992648339,
      "op_margin": 0.1363401676548511,
      "fcf_margin": 0.03216081796086204,
      "incr_op_margin_yoy": 0.555438971345721,
      "rev_growth_yoy": 0.08788846692319945,
      "rev_growth_yoy_accel": -0.11427212451405709,
      "fcf_margin_change": 0.0343799211274944
    },
    {
      "date": "2024-06-30T00:00:00",
      "quarter_label": "2024-06 (Q2)",
      "revenue": 712029000,
      "gross_profit": 581570000,
      "operating_income": 120452000,
      "net_income": 107174000,
      "opex": 591577000,
      "cogs": 130459000,
      "rd": 183787000,
      "sga": 263032000,
      "fcf": 97435000,
      "ocf": 118762000,
      "capex": -21327000,
      "gross_margin": 0.8167785300879599,
      "op_margin": 0.1691672670635606,
      "fcf_margin": 0.13684133651859687,
      "incr_op_margin_yoy": 0.5274508796272505,
      "rev_growth_yoy": 0.19613455965730126,
      "rev_growth_yoy_accel": 0.10824609273410181,
      "op_leverage_ratio": 1.74901771341678,
      "fcf_margin_change": 0.10468051855773483
    },
    {
      "date": "2024-09-30T00:00:00",
      "quarter_label": "2024-09 (Q3)",
      "revenue": 745740000,
      "gross_profit": 557283000,
      "operating_income": 113893000,
      "net_income": 106080000,
      "opex": 631847000,
      "cogs": 188457000,
      "rd": 184901000,
      "sga": 253480000,
      "fcf": 203018000,
      "ocf": 221481000,
      "capex": -18463000,
      "gross_margin": 0.7472885992437043,
      "op_margin": 0.15272481025558507,
      "fcf_margin": 0.2722369726714404,
      "incr_op_margin_yoy": 0.5366550899878962,
      "rev_growth_yoy": 0.2828191953265707,
      "rev_growth_yoy_accel": 0.08668463566926943,
      "op_leverage_ratio": 0.6955103615599778,
      "fcf_margin_change": 0.13539563615284356
    },
    {
      "date": "2024-12-31T00:00:00",
      "quarter_label": "2024-12 (Q4)",
      "revenue": 747313000,
      "gross_profit": 611174000,
      "operating_income": 161407000,
      "net_income": 124943000,
      "opex": 585906000,
      "cogs": 136139000,
      "rd": 173509000,
      "sga": 266607000,
      "fcf": 166097000,
      "ocf": 185627000,
      "capex": -19530000,
      "gross_margin": 0.8178286741967555,
      "op_margin": 0.2159831288897691,
      "fcf_margin": 0.22225894638524957,
      "incr_op_margin_yoy": 1.4557790833382787,
      "rev_growth_yoy": 0.15646070067331366,
      "rev_growth_yoy_accel": -0.12635849465325702,
      "fcf_margin_change": -0.04997802628619086
    },
    {
      "date": "2025-03-31T00:00:00",
      "quarter_label": "2025-03 (Q1)",
      "revenue": 745145000,
      "gross_profit": 593587000,
      "operating_income": 223893000,
      "net_income": 185686000,
      "opex": 521252000,
      "cogs": 151558000,
      "rd": 158731000,
      "sga": 206116000,
      "fcf": 157626000,
      "ocf": 174394000,
      "capex": -16768000,
      "gross_margin": 0.7966060296989177,
      "op_margin": 0.30046903622784826,
      "fcf_margin": 0.2115373517905911,
      "incr_op_margin_yoy": 1.4061695323531855,
      "rev_growth_yoy": 0.1484388124525109,
      "rev_growth_yoy_accel": -0.00802188822080277,
      "fcf_margin_change": -0.010721594594658462
    },
    {
      "date": "2025-06-30T00:00:00",
      "quarter_label": "2025-06 (Q2)",
      "revenue": 825410000,
      "gross_profit": 675320000,
      "operating_income": 276887000,
      "net_income": 240532000,
      "opex": 548523000,
      "cogs": 150090000,
      "rd": 161308000,
      "sga": 232279000,
      "fcf": 168170000,
      "ocf": 185271000,
      "capex": -17101000,
      "gross_margin": 0.8181630947044499,
      "op_margin": 0.33545389563974265,
      "fcf_margin": 0.2037411710543851,
      "incr_op_margin_yoy": 1.3797285259435002,
      "rev_growth_yoy": 0.15923649177210478,
      "rev_growth_yoy_accel": 0.010797679319593884,
      "op_leverage_ratio": 2.0588849989795666,
      "fcf_margin_change": -0.007796180736205999
    },
    {
      "date": "2025-09-30T00:00:00",
      "quarter_label": "2025-09 (Q3)",
      "revenue": 776133000,
      "gross_profit": 636048000,
      "operating_income": -46692000,
      "net_income": -30744000,
      "opex": 822825000,
      "cogs": 140085000,
      "rd": 409478000,
      "sga": 268415000,
      "fcf": 340238000,
      "ocf": 368685000,
      "capex": -28447000,
      "gross_margin": 0.8195090274476153,
      "op_margin": -0.06015979220056356,
      "fcf_margin": 0.4383758969145752,
      "incr_op_margin_yoy": -5.283617938341066,
      "rev_growth_yoy": 0.04075549118995897,
      "rev_growth_yoy_accel": -0.1184810005821458,
      "fcf_margin_change": 0.23463472586019007
    }
  ],
  "signals": [
    {
      "quarter": "2025-09 (Q3)",
      "signal": "FCF MARGIN EXPANSION",
      "detail": "FCF margin: +20.4% -> +43.8% (+23.5%)",
      "severity": "MEDIUM"
    },
    {
      "quarter": "2025-09 (Q3)",
      "signal": "YoY REVENUE GROWTH DECELERATION",
      "detail": "YoY growth: +4.1% vs prior quarter YoY: +15.9% (decel: -11.8%)",
      "severity": "WARNING"
    },
    {
      "quarter": "2025-06 (Q2)",
      "signal": "OPERATING LEVERAGE",
      "detail": "Rev growth +10.8% vs OpEx growth +5.2% (leverage: 2.1x)",
      "severity": "MEDIUM"
    },
    {
      "quarter": "2025-06 (Q2)",
      "signal": "GROSS MARGIN INFLECTION",
      "detail": "GM: +81.8% -> +79.7% -> +81.8% (reversal +2.2%)",
      "severity": "MEDIUM"
    },
    {
      "quarter": "2025-06 (Q2)",
      "signal": "INCREMENTAL MARGIN (YoY)",
      "detail": "YoY Incr OPM: +138.0% vs year-ago OPM: +16.9%",
      "severity": "HIGH"
    },
    {
      "quarter": "2025-03 (Q1)",
      "signal": "INCREMENTAL MARGIN (YoY)",
      "detail": "YoY Incr OPM: +140.6% vs year-ago OPM: +13.6%",
      "severity": "HIGH"
    },
    {
      "quarter": "2024-12 (Q4)",
      "signal": "GROSS MARGIN INFLECTION",
      "detail": "GM: +81.7% -> +74.7% -> +81.8% (reversal +7.1%)",
      "severity": "HIGH"
    },
    {
      "quarter": "2024-12 (Q4)",
      "signal": "YoY REVENUE GROWTH DECELERATION",
      "detail": "YoY growth: +15.6% vs prior quarter YoY: +28.3% (decel: -12.6%)",
      "severity": "WARNING"
    },
    {
      "quarter": "2024-12 (Q4)",
      "signal": "INCREMENTAL MARGIN (YoY)",
      "detail": "YoY Incr OPM: +145.6% vs year-ago OPM: +2.2%",
      "severity": "HIGH"
    },
    {
      "quarter": "2024-09 (Q3)",
      "signal": "FCF MARGIN EXPANSION",
      "detail": "FCF margin: +13.7% -> +27.2% (+13.5%)",
      "severity": "MEDIUM"
    },
    {
      "quarter": "2024-09 (Q3)",
      "signal": "YoY REVENUE GROWTH ACCELERATION",
      "detail": "YoY growth: +28.3% vs prior quarter YoY: +19.6% (accel: +8.7%)",
      "severity": "MEDIUM"
    },
    {
      "quarter": "2024-09 (Q3)",
      "signal": "INCREMENTAL MARGIN (YoY)",
      "detail": "YoY Incr OPM: +53.7% vs year-ago OPM: +4.4%",
      "severity": "HIGH"
    },
    {
      "quarter": "2024-06 (Q2)",
      "signal": "FCF MARGIN EXPANSION",
      "detail": "FCF margin: +3.2% -> +13.7% (+10.5%)",
      "severity": "MEDIUM"
    },
    {
      "quarter": "2024-06 (Q2)",
      "signal": "OPERATING LEVERAGE",
      "detail": "Rev growth +9.7% vs OpEx growth +5.6% (leverage: 1.7x)",
      "severity": "MEDIUM"
    },
    {
      "quarter": "2024-06 (Q2)",
      "signal": "YoY REVENUE GROWTH ACCELERATION",
      "detail": "YoY growth: +19.6% vs prior quarter YoY: +8.8% (accel: +10.8%)",
      "severity": "MEDIUM"
    },
    {
      "quarter": "2024-06 (Q2)",
      "signal": "INCREMENTAL MARGIN (YoY)",
      "detail": "YoY Incr OPM: +52.7% vs year-ago OPM: +9.9%",
      "severity": "HIGH"
    },
    {
      "quarter": "2024-03 (Q1)",
      "signal": "FCF TURNED POSITIVE",
      "detail": "FCF margin: -0.2% -> +3.2%",
      "severity": "HIGH"
    },
    {
      "quarter": "2024-03 (Q1)",
      "signal": "YoY REVENUE GROWTH DECELERATION",
      "detail": "YoY growth: +8.8% vs prior quarter YoY: +20.2% (decel: -11.4%)",
      "severity": "WARNING"
    },
    {
      "quarter": "2024-03 (Q1)",
      "signal": "INCREMENTAL MARGIN (YoY)",
      "detail": "YoY Incr OPM: +55.5% vs year-ago OPM: +10.0%",
      "severity": "HIGH"
    },
    {
      "quarter": "2023-12 (Q4)",
      "signal": "YoY REVENUE GROWTH ACCELERATION",
      "detail": "YoY growth: +20.2% vs prior quarter YoY: +15.0% (accel: +5.2%)",
      "severity": "MEDIUM"
    },
    {
      "quarter": "2023-12 (Q4)",
      "signal": "OP MARGIN TURNED POSITIVE (YoY)",
      "detail": "Op margin: -4.6% (year-ago) -> +2.2%",
      "severity": "HIGH"
    },
    {
      "quarter": "2023-09 (Q3)",
      "signal": "FCF MARGIN EXPANSION",
      "detail": "FCF margin: +8.1% -> +19.6% (+11.5%)",
      "severity": "MEDIUM"
    },
    {
      "quarter": "2023-09 (Q3)",
      "signal": "OP MARGIN TURNED POSITIVE (YoY)",
      "detail": "Op margin: -0.5% (year-ago) -> +4.4%",
      "severity": "HIGH"
    },
    {
      "quarter": "2023-06 (Q2)",
      "signal": "FCF TURNED POSITIVE",
      "detail": "FCF margin: -16.5% -> +8.1%",
      "severity": "HIGH"
    },
    {
      "quarter": "2023-06 (Q2)",
      "signal": "INCREMENTAL MARGIN (YoY)",
      "detail": "YoY Incr OPM: +32.1% vs year-ago OPM: +7.3%",
      "severity": "HIGH"
    },
    {
      "quarter": "2023-03 (Q1)",
      "signal": "GROSS MARGIN INFLECTION",
      "detail": "GM: +77.0% -> +76.3% -> +78.8% (reversal +2.5%)",
      "severity": "MEDIUM"
    },
    {
      "quarter": "2023-03 (Q1)",
      "signal": "OP MARGIN TURNED POSITIVE (QoQ)",
      "detail": "Op margin: -4.6% -> +10.0%",
      "severity": "HIGH"
    },
    {
      "quarter": "2022-09 (Q3)",
      "signal": "FCF MARGIN EXPANSION",
      "detail": "FCF margin: +5.4% -> +25.5% (+20.1%)",
      "severity": "MEDIUM"
    },
    {
      "quarter": "2022-09 (Q3)",
      "signal": "YoY REVENUE GROWTH ACCELERATION",
      "detail": "YoY growth: +23.6% vs prior quarter YoY: +6.4% (accel: +17.2%)",
      "severity": "HIGH"
    },
    {
      "quarter": "2022-06 (Q2)",
      "signal": "FCF TURNED POSITIVE",
      "detail": "FCF margin: -14.3% -> +5.4%",
      "severity": "HIGH"
    },
    {
      "quarter": "2022-06 (Q2)",
      "signal": "INCREMENTAL MARGIN (YoY)",
      "detail": "YoY Incr OPM: +85.6% vs year-ago OPM: +2.3%",
      "severity": "HIGH"
    },
    {
      "quarter": "2022-03 (Q1)",
      "signal": "GROSS MARGIN INFLECTION",
      "detail": "GM: +74.7% -> +73.4% -> +77.5% (reversal +4.1%)",
      "severity": "MEDIUM"
    },
    {
      "quarter": "2022-03 (Q1)",
      "signal": "YoY REVENUE GROWTH ACCELERATION",
      "detail": "YoY growth: +6.9% vs prior quarter YoY: -0.5% (accel: +7.4%)",
      "severity": "MEDIUM"
    },
    {
      "quarter": "2022-03 (Q1)",
      "signal": "INCREMENTAL MARGIN (YoY)",
      "detail": "YoY Incr OPM: +336.8% vs year-ago OPM: +5.2%",
      "severity": "HIGH"
    },
    {
      "quarter": "2022-03 (Q1)",
      "signal": "OP MARGIN TURNED POSITIVE (QoQ)",
      "detail": "Op margin: -14.6% -> +26.4%",
      "severity": "HIGH"
    },
    {
      "quarter": "2021-09 (Q3)",
      "signal": "FCF MARGIN EXPANSION",
      "detail": "FCF margin: +12.0% -> +19.2% (+7.2%)",
      "severity": "MEDIUM"
    },
    {
      "quarter": "2021-03 (Q1)",
      "signal": "FCF TURNED POSITIVE",
      "detail": "FCF margin: -9.8% -> +18.1%",
      "severity": "HIGH"
    },
    {
      "quarter": "2021-03 (Q1)",
      "signal": "OP MARGIN TURNED POSITIVE (QoQ)",
      "detail": "Op margin: -9.9% -> +5.2%",
      "severity": "HIGH"
    }
  ],
  "data_quality": {
    "n_quarters": 20,
    "coverage": {
      "revenue": [
        20,
        20
      ],
      "gross_profit": [
        20,
        20
      ],
      "op_income": [
        20,
        20
      ],
      "fcf": [
        20,
        20
      ]
    },
    "gaps": [],
    "warnings": []
  },
  "market_cap": null,
  "source": "SEC EDGAR",
  "last_updated": "2026-02-02T20:35:31.485521",
  "sector": "Healthcare",
  "industry": "Biotechnology"
}