{
  "ticker": "BMTM",
  "name": "Bright Mountain Media, Inc.",
  "quarters": [
    {
      "date": "2020-12-31T00:00:00",
      "quarter_label": "2020-12 (Q4)",
      "revenue": 6400817,
      "gross_profit": 3500116,
      "operating_income": -62747790,
      "net_income": -9578267,
      "opex": 66247906,
      "cogs": 2900700,
      "rd": null,
      "sga": 7481890,
      "fcf": -1560306,
      "ocf": -1550335,
      "capex": -9971,
      "gross_margin": 0.5468233195856091,
      "op_margin": -9.803090761694952,
      "fcf_margin": -0.2437666941579489
    },
    {
      "date": "2021-03-31T00:00:00",
      "quarter_label": "2021-03 (Q1)",
      "revenue": 2399720,
      "gross_profit": 1032877,
      "operating_income": -3241557,
      "net_income": -1709275,
      "opex": 4274434,
      "cogs": 1366843,
      "rd": null,
      "sga": 4274434,
      "fcf": -228657,
      "ocf": -222093,
      "capex": -6564,
      "gross_margin": 0.4304156318237128,
      "op_margin": -1.3508063440734752,
      "fcf_margin": -0.09528486656776623,
      "fcf_margin_change": 0.1484818275901827
    },
    {
      "date": "2021-06-30T00:00:00",
      "quarter_label": "2021-06 (Q2)",
      "revenue": 2433415,
      "gross_profit": 957307,
      "operating_income": -3792528,
      "net_income": -4489311,
      "opex": 4749835,
      "cogs": 1476108,
      "rd": null,
      "sga": 4749835,
      "fcf": -1835710,
      "ocf": -1836937,
      "capex": 1227,
      "gross_margin": 0.39340063244452755,
      "op_margin": -1.5585208441634493,
      "fcf_margin": -0.7543760517626463,
      "op_leverage_ratio": 0.12624768243620804,
      "fcf_margin_change": -0.6590911851948801
    },
    {
      "date": "2021-09-30T00:00:00",
      "quarter_label": "2021-09 (Q3)",
      "revenue": 3805355,
      "gross_profit": 2108230,
      "operating_income": -2538069,
      "net_income": -2888798,
      "opex": 4646299,
      "cogs": 1697125,
      "rd": null,
      "sga": 4646299,
      "fcf": -2646633,
      "ocf": -2648970,
      "capex": 2337,
      "gross_margin": 0.5540166423369173,
      "op_margin": -0.6669729893794403,
      "fcf_margin": -0.695502259316148,
      "op_leverage_ratio": Infinity,
      "fcf_margin_change": 0.058873792446498374
    },
    {
      "date": "2021-12-31T00:00:00",
      "quarter_label": "2021-12 (Q4)",
      "revenue": 4286079,
      "gross_profit": 2502951,
      "operating_income": -2334798,
      "net_income": -2912853,
      "opex": 4837749,
      "cogs": 1783128,
      "rd": null,
      "sga": 4837749,
      "fcf": -1222000,
      "ocf": -1225000,
      "capex": 3000,
      "gross_margin": 0.5839722039654426,
      "op_margin": -0.5447398426393913,
      "fcf_margin": -0.2851090705514294,
      "incr_op_margin_yoy": -28.56760128205007,
      "rev_growth_yoy": -0.3303856367085639,
      "op_leverage_ratio": 3.065860640988322,
      "fcf_margin_change": 0.41039318876471853
    },
    {
      "date": "2022-03-31T00:00:00",
      "quarter_label": "2022-03 (Q1)",
      "revenue": 3459164,
      "gross_profit": 1768549,
      "operating_income": -2118810,
      "net_income": -2116857,
      "opex": 3887359,
      "cogs": 1690615,
      "rd": null,
      "sga": 3887359,
      "fcf": -1363000,
      "ocf": -1363000,
      "capex": null,
      "gross_margin": 0.5112648605269944,
      "op_margin": -0.6125208287320288,
      "fcf_margin": -0.39402583976937783,
      "incr_op_margin_yoy": 1.0597511524913068,
      "rev_growth_yoy": 0.4414865067591219,
      "rev_growth_yoy_accel": 0.7718721434676858,
      "fcf_margin_change": -0.1089167692179484
    },
    {
      "date": "2022-06-30T00:00:00",
      "quarter_label": "2022-06 (Q2)",
      "revenue": 5716779,
      "gross_profit": 2817489,
      "operating_income": -625710,
      "net_income": -1187518,
      "opex": 3443199,
      "cogs": 2899290,
      "rd": null,
      "sga": 3443199,
      "fcf": -1455000,
      "ocf": -1451000,
      "capex": -4000,
      "gross_margin": 0.49284553417230226,
      "op_margin": -0.10945149357706499,
      "fcf_margin": -0.2545139492011148,
      "incr_op_margin_yoy": 0.9645040878806005,
      "rev_growth_yoy": 1.3492823870979673,
      "rev_growth_yoy_accel": 0.9077958803388455,
      "op_leverage_ratio": Infinity,
      "fcf_margin_change": 0.13951189056826302
    },
    {
      "date": "2022-09-30T00:00:00",
      "quarter_label": "2022-09 (Q3)",
      "revenue": 5244000,
      "gross_profit": 2146000,
      "operating_income": -1177000,
      "net_income": -1918000,
      "opex": 3323000,
      "cogs": 3098000,
      "rd": null,
      "sga": 3323000,
      "fcf": -369000,
      "ocf": -373000,
      "capex": 4000,
      "gross_margin": 0.4092295957284516,
      "op_margin": -0.2244469870327994,
      "fcf_margin": -0.07036613272311212,
      "incr_op_margin_yoy": 0.9460770377681776,
      "rev_growth_yoy": 0.37805802612371253,
      "rev_growth_yoy_accel": -0.9712243609742548,
      "fcf_margin_change": 0.18414781647800268
    },
    {
      "date": "2022-12-31T00:00:00",
      "quarter_label": "2022-12 (Q4)",
      "revenue": -14344052,
      "gross_profit": 2393000,
      "operating_income": -1240000,
      "net_income": -2903000,
      "opex": 3633000,
      "cogs": 2767000,
      "rd": null,
      "sga": 3633000,
      "fcf": 58000,
      "ocf": 72000,
      "capex": -14000,
      "gross_margin": -0.1668287315188205,
      "op_margin": 0.08644698164786352,
      "fcf_margin": -0.0040434878512710356,
      "incr_op_margin_yoy": -0.058764911529607604,
      "rev_growth_yoy": -4.346660665844003,
      "rev_growth_yoy_accel": -4.724718691967715,
      "fcf_margin_change": 0.06632264487184109
    },
    {
      "date": "2023-03-31T00:00:00",
      "quarter_label": "2023-03 (Q1)",
      "revenue": 1498000,
      "gross_profit": 528000,
      "operating_income": -2900000,
      "net_income": -3796000,
      "opex": 3428000,
      "cogs": 970000,
      "rd": null,
      "sga": 3428000,
      "fcf": -1036000,
      "ocf": -1031000,
      "capex": -5000,
      "gross_margin": 0.35246995994659547,
      "op_margin": -1.9359145527369825,
      "fcf_margin": -0.6915887850467289,
      "incr_op_margin_yoy": 0.398329767423836,
      "rev_growth_yoy": -0.5669473896004931,
      "rev_growth_yoy_accel": 3.77971327624351,
      "fcf_margin_change": -0.6875452971954579
    },
    {
      "date": "2023-06-30T00:00:00",
      "quarter_label": "2023-06 (Q2)",
      "revenue": 12616000,
      "gross_profit": 3454000,
      "operating_income": -3920000,
      "net_income": -6071000,
      "opex": 7374000,
      "cogs": 9162000,
      "rd": null,
      "sga": 7374000,
      "fcf": -2562000,
      "ocf": -2563000,
      "capex": 1000,
      "gross_margin": 0.27377932783766645,
      "op_margin": -0.310716550412175,
      "fcf_margin": -0.20307545973367153,
      "incr_op_margin_yoy": -0.4774872409508262,
      "rev_growth_yoy": 1.2068371018015565,
      "rev_growth_yoy_accel": 1.7737844914020495,
      "op_leverage_ratio": 6.447607453627984,
      "fcf_margin_change": 0.4885133253130574
    },
    {
      "date": "2023-09-30T00:00:00",
      "quarter_label": "2023-09 (Q3)",
      "revenue": 15289000,
      "gross_profit": 3362000,
      "operating_income": -17018000,
      "net_income": -19767000,
      "opex": 20380000,
      "cogs": 11927000,
      "rd": null,
      "sga": 4121000,
      "fcf": -2299000,
      "ocf": -2289000,
      "capex": -10000,
      "gross_margin": 0.21989665772777814,
      "op_margin": -1.1130878409313887,
      "fcf_margin": -0.15036954673294525,
      "incr_op_margin_yoy": -1.5770034843205576,
      "rev_growth_yoy": 1.9155225019069413,
      "rev_growth_yoy_accel": 0.7086854001053848,
      "op_leverage_ratio": 0.12012590208840736,
      "fcf_margin_change": 0.05270591300072627
    },
    {
      "date": "2023-12-31T00:00:00",
      "quarter_label": "2023-12 (Q4)",
      "revenue": -29346220,
      "gross_profit": 5436000,
      "operating_income": -2974000,
      "net_income": -5930000,
      "opex": 8410000,
      "cogs": 9707000,
      "rd": null,
      "sga": 7599000,
      "fcf": 1225000,
      "ocf": 1225000,
      "capex": null,
      "gross_margin": -0.18523680392227687,
      "op_margin": 0.10134184232245243,
      "fcf_margin": -0.041743025166443924,
      "incr_op_margin_yoy": 0.11558329436118833,
      "fcf_margin_change": 0.10862652156650132
    },
    {
      "date": "2024-03-31T00:00:00",
      "quarter_label": "2024-03 (Q1)",
      "revenue": 12448000,
      "gross_profit": 3137000,
      "operating_income": -2107000,
      "net_income": -4766000,
      "opex": 5244000,
      "cogs": 9311000,
      "rd": null,
      "sga": 5244000,
      "fcf": 918000,
      "ocf": 920000,
      "capex": -2000,
      "gross_margin": 0.25200835475578404,
      "op_margin": -0.16926413881748073,
      "fcf_margin": 0.07374678663239075,
      "incr_op_margin_yoy": 0.07242009132420091,
      "rev_growth_yoy": 7.309746328437917,
      "fcf_margin_change": 0.11548981179883466
    },
    {
      "date": "2024-06-30T00:00:00",
      "quarter_label": "2024-06 (Q2)",
      "revenue": 13003000,
      "gross_profit": 3422000,
      "operating_income": -1888000,
      "net_income": -5208000,
      "opex": 5310000,
      "cogs": 9581000,
      "rd": null,
      "sga": 5310000,
      "fcf": -1317000,
      "ocf": -1305000,
      "capex": -12000,
      "gross_margin": 0.26317003768361147,
      "op_margin": -0.1451972621702684,
      "fcf_margin": -0.10128431900330694,
      "rev_growth_yoy": 0.030675332910589728,
      "rev_growth_yoy_accel": -7.279070995527328,
      "op_leverage_ratio": 3.5425186959569994,
      "fcf_margin_change": -0.17503110563569768
    },
    {
      "date": "2024-09-30T00:00:00",
      "quarter_label": "2024-09 (Q3)",
      "revenue": 14151000,
      "gross_profit": 4387000,
      "operating_income": -27000,
      "net_income": -3256000,
      "opex": 4414000,
      "cogs": 9764000,
      "rd": null,
      "sga": 4414000,
      "fcf": -66000,
      "ocf": -66000,
      "capex": null,
      "gross_margin": 0.3100134266129602,
      "op_margin": -0.0019079923680305278,
      "fcf_margin": -0.004663981344074624,
      "incr_op_margin_yoy": -14.930579964850615,
      "rev_growth_yoy": -0.07443259860030087,
      "rev_growth_yoy_accel": -0.1051079315108906,
      "op_leverage_ratio": Infinity,
      "fcf_margin_change": 0.09662033765923231
    },
    {
      "date": "2024-12-31T00:00:00",
      "quarter_label": "2024-12 (Q4)",
      "revenue": 17079000,
      "gross_profit": 5514000,
      "operating_income": -898000,
      "net_income": -3794000,
      "opex": 6412000,
      "cogs": 11565000,
      "rd": null,
      "sga": 6412000,
      "fcf": 2329000,
      "ocf": 2329000,
      "capex": null,
      "gross_margin": 0.32285262603196907,
      "op_margin": -0.05257919081913461,
      "fcf_margin": 0.1363662977926108,
      "incr_op_margin_yoy": 0.044717074038636756,
      "op_leverage_ratio": 0.4571100674556261,
      "fcf_margin_change": 0.14103027913668542
    },
    {
      "date": "2025-03-31T00:00:00",
      "quarter_label": "2025-03 (Q1)",
      "revenue": 14190000,
      "gross_profit": 4272000,
      "operating_income": -252000,
      "net_income": -3231000,
      "opex": 4524000,
      "cogs": 9918000,
      "rd": null,
      "sga": 4524000,
      "fcf": -360000,
      "ocf": -350000,
      "capex": -10000,
      "gross_margin": 0.3010570824524313,
      "op_margin": -0.017758985200845664,
      "fcf_margin": -0.02536997885835095,
      "incr_op_margin_yoy": 1.0648679678530424,
      "rev_growth_yoy": 0.13994215938303342,
      "fcf_margin_change": -0.16173627665096177
    },
    {
      "date": "2025-06-30T00:00:00",
      "quarter_label": "2025-06 (Q2)",
      "revenue": 15408000,
      "gross_profit": 3037000,
      "operating_income": -984000,
      "net_income": -4081000,
      "opex": 4021000,
      "cogs": 12371000,
      "rd": null,
      "sga": 4021000,
      "fcf": 1545000,
      "ocf": 1584000,
      "capex": -39000,
      "gross_margin": 0.19710539979231567,
      "op_margin": -0.06386292834890965,
      "fcf_margin": 0.10027258566978194,
      "incr_op_margin_yoy": 0.3758835758835759,
      "rev_growth_yoy": 0.18495731754210568,
      "rev_growth_yoy_accel": 0.045015158159072255,
      "op_leverage_ratio": Infinity,
      "fcf_margin_change": 0.12564256452813288
    },
    {
      "date": "2025-09-30T00:00:00",
      "quarter_label": "2025-09 (Q3)",
      "revenue": 13940000,
      "gross_profit": 4254000,
      "operating_income": 155000,
      "net_income": -2833000,
      "opex": 4099000,
      "cogs": 9686000,
      "rd": null,
      "sga": 4099000,
      "fcf": -868000,
      "ocf": -887000,
      "capex": 19000,
      "gross_margin": 0.30516499282639886,
      "op_margin": 0.011119081779053085,
      "fcf_margin": -0.06226685796269727,
      "rev_growth_yoy": -0.01491060702423857,
      "rev_growth_yoy_accel": -0.19986792456634425,
      "fcf_margin_change": -0.1625394436324792
    }
  ],
  "signals": [
    {
      "quarter": "2025-09 (Q3)",
      "signal": "GROSS MARGIN INFLECTION",
      "detail": "GM: +30.1% -> +19.7% -> +30.5% (reversal +10.8%)",
      "severity": "HIGH"
    },
    {
      "quarter": "2025-09 (Q3)",
      "signal": "YoY REVENUE GROWTH DECELERATION",
      "detail": "YoY growth: -1.5% vs prior quarter YoY: +18.5% (decel: -20.0%)",
      "severity": "WARNING"
    },
    {
      "quarter": "2025-09 (Q3)",
      "signal": "OP MARGIN TURNED POSITIVE (YoY)",
      "detail": "Op margin: -0.2% (year-ago) -> +1.1%",
      "severity": "HIGH"
    },
    {
      "quarter": "2025-09 (Q3)",
      "signal": "OP MARGIN TURNED POSITIVE (QoQ)",
      "detail": "Op margin: -6.4% -> +1.1%",
      "severity": "HIGH"
    },
    {
      "quarter": "2025-06 (Q2)",
      "signal": "FCF TURNED POSITIVE",
      "detail": "FCF margin: -2.5% -> +10.0%",
      "severity": "HIGH"
    },
    {
      "quarter": "2024-12 (Q4)",
      "signal": "FCF TURNED POSITIVE",
      "detail": "FCF margin: -0.5% -> +13.6%",
      "severity": "HIGH"
    },
    {
      "quarter": "2024-09 (Q3)",
      "signal": "FCF MARGIN EXPANSION",
      "detail": "FCF margin: -10.1% -> -0.5% (+9.7%)",
      "severity": "MEDIUM"
    },
    {
      "quarter": "2024-09 (Q3)",
      "signal": "YoY REVENUE GROWTH DECELERATION",
      "detail": "YoY growth: -7.4% vs prior quarter YoY: +3.1% (decel: -10.5%)",
      "severity": "WARNING"
    },
    {
      "quarter": "2024-06 (Q2)",
      "signal": "OPERATING LEVERAGE",
      "detail": "Rev growth +4.5% vs OpEx growth +1.3% (leverage: 3.5x)",
      "severity": "MEDIUM"
    },
    {
      "quarter": "2024-06 (Q2)",
      "signal": "YoY REVENUE GROWTH DECELERATION",
      "detail": "YoY growth: +3.1% vs prior quarter YoY: +731.0% (decel: -727.9%)",
      "severity": "WARNING"
    },
    {
      "quarter": "2024-03 (Q1)",
      "signal": "FCF TURNED POSITIVE",
      "detail": "FCF margin: -4.2% -> +7.4%",
      "severity": "HIGH"
    },
    {
      "quarter": "2024-03 (Q1)",
      "signal": "GROSS MARGIN INFLECTION",
      "detail": "GM: +22.0% -> -18.5% -> +25.2% (reversal +43.7%)",
      "severity": "HIGH"
    },
    {
      "quarter": "2023-12 (Q4)",
      "signal": "FCF MARGIN EXPANSION",
      "detail": "FCF margin: -15.0% -> -4.2% (+10.9%)",
      "severity": "MEDIUM"
    },
    {
      "quarter": "2023-12 (Q4)",
      "signal": "OP MARGIN TURNED POSITIVE (QoQ)",
      "detail": "Op margin: -111.3% -> +10.1%",
      "severity": "HIGH"
    },
    {
      "quarter": "2023-09 (Q3)",
      "signal": "FCF MARGIN EXPANSION",
      "detail": "FCF margin: -20.3% -> -15.0% (+5.3%)",
      "severity": "MEDIUM"
    },
    {
      "quarter": "2023-09 (Q3)",
      "signal": "YoY REVENUE GROWTH ACCELERATION",
      "detail": "YoY growth: +191.6% vs prior quarter YoY: +120.7% (accel: +70.9%)",
      "severity": "HIGH"
    },
    {
      "quarter": "2023-06 (Q2)",
      "signal": "FCF MARGIN EXPANSION",
      "detail": "FCF margin: -69.2% -> -20.3% (+48.9%)",
      "severity": "MEDIUM"
    },
    {
      "quarter": "2023-06 (Q2)",
      "signal": "OPERATING LEVERAGE",
      "detail": "Rev growth +742.2% vs OpEx growth +115.1% (leverage: 6.4x)",
      "severity": "MEDIUM"
    },
    {
      "quarter": "2023-06 (Q2)",
      "signal": "YoY REVENUE GROWTH ACCELERATION",
      "detail": "YoY growth: +120.7% vs prior quarter YoY: -56.7% (accel: +177.4%)",
      "severity": "HIGH"
    },
    {
      "quarter": "2023-03 (Q1)",
      "signal": "GROSS MARGIN INFLECTION",
      "detail": "GM: +40.9% -> -16.7% -> +35.2% (reversal +51.9%)",
      "severity": "HIGH"
    },
    {
      "quarter": "2023-03 (Q1)",
      "signal": "YoY REVENUE GROWTH ACCELERATION",
      "detail": "YoY growth: -56.7% vs prior quarter YoY: -434.7% (accel: +378.0%)",
      "severity": "HIGH"
    },
    {
      "quarter": "2022-12 (Q4)",
      "signal": "FCF MARGIN EXPANSION",
      "detail": "FCF margin: -7.0% -> -0.4% (+6.6%)",
      "severity": "MEDIUM"
    },
    {
      "quarter": "2022-12 (Q4)",
      "signal": "YoY REVENUE GROWTH DECELERATION",
      "detail": "YoY growth: -434.7% vs prior quarter YoY: +37.8% (decel: -472.5%)",
      "severity": "WARNING"
    },
    {
      "quarter": "2022-12 (Q4)",
      "signal": "OP MARGIN TURNED POSITIVE (YoY)",
      "detail": "Op margin: -54.5% (year-ago) -> +8.6%",
      "severity": "HIGH"
    },
    {
      "quarter": "2022-12 (Q4)",
      "signal": "OP MARGIN TURNED POSITIVE (QoQ)",
      "detail": "Op margin: -22.4% -> +8.6%",
      "severity": "HIGH"
    },
    {
      "quarter": "2022-09 (Q3)",
      "signal": "FCF MARGIN EXPANSION",
      "detail": "FCF margin: -25.5% -> -7.0% (+18.4%)",
      "severity": "MEDIUM"
    },
    {
      "quarter": "2022-09 (Q3)",
      "signal": "YoY REVENUE GROWTH DECELERATION",
      "detail": "YoY growth: +37.8% vs prior quarter YoY: +134.9% (decel: -97.1%)",
      "severity": "WARNING"
    },
    {
      "quarter": "2022-06 (Q2)",
      "signal": "FCF MARGIN EXPANSION",
      "detail": "FCF margin: -39.4% -> -25.5% (+14.0%)",
      "severity": "MEDIUM"
    },
    {
      "quarter": "2022-06 (Q2)",
      "signal": "YoY REVENUE GROWTH ACCELERATION",
      "detail": "YoY growth: +134.9% vs prior quarter YoY: +44.1% (accel: +90.8%)",
      "severity": "HIGH"
    },
    {
      "quarter": "2022-03 (Q1)",
      "signal": "YoY REVENUE GROWTH ACCELERATION",
      "detail": "YoY growth: +44.1% vs prior quarter YoY: -33.0% (accel: +77.2%)",
      "severity": "HIGH"
    },
    {
      "quarter": "2021-12 (Q4)",
      "signal": "FCF MARGIN EXPANSION",
      "detail": "FCF margin: -69.6% -> -28.5% (+41.0%)",
      "severity": "MEDIUM"
    },
    {
      "quarter": "2021-12 (Q4)",
      "signal": "OPERATING LEVERAGE",
      "detail": "Rev growth +12.6% vs OpEx growth +4.1% (leverage: 3.1x)",
      "severity": "MEDIUM"
    },
    {
      "quarter": "2021-09 (Q3)",
      "signal": "FCF MARGIN EXPANSION",
      "detail": "FCF margin: -75.4% -> -69.6% (+5.9%)",
      "severity": "MEDIUM"
    },
    {
      "quarter": "2021-09 (Q3)",
      "signal": "GROSS MARGIN INFLECTION",
      "detail": "GM: +43.0% -> +39.3% -> +55.4% (reversal +16.1%)",
      "severity": "HIGH"
    },
    {
      "quarter": "2021-03 (Q1)",
      "signal": "FCF MARGIN EXPANSION",
      "detail": "FCF margin: -24.4% -> -9.5% (+14.8%)",
      "severity": "MEDIUM"
    }
  ],
  "data_quality": {
    "n_quarters": 20,
    "coverage": {
      "revenue": [
        20,
        20
      ],
      "gross_profit": [
        20,
        20
      ],
      "op_income": [
        20,
        20
      ],
      "fcf": [
        20,
        20
      ]
    },
    "gaps": [],
    "warnings": []
  },
  "market_cap": null,
  "source": "SEC EDGAR",
  "last_updated": "2026-02-03T00:32:19.566182"
}