{
  "ticker": "BNC",
  "name": "CEA INDUSTRIES INC.",
  "quarters": [
    {
      "date": "2021-03-31T00:00:00",
      "quarter_label": "2021-03 (Q1)",
      "revenue": 2366529,
      "gross_profit": 344606,
      "operating_income": -685650,
      "net_income": -793368,
      "opex": 1030256,
      "cogs": 2021923,
      "rd": 112638,
      "sga": 740473,
      "fcf": 472047,
      "ocf": 484373,
      "capex": -12326,
      "gross_margin": 0.14561663939043215,
      "op_margin": -0.28972812080477356,
      "fcf_margin": 0.19946808173489528
    },
    {
      "date": "2021-06-30T00:00:00",
      "quarter_label": "2021-06 (Q2)",
      "revenue": 4509505,
      "gross_profit": 1282324,
      "operating_income": 115978,
      "net_income": 265242,
      "opex": 1166346,
      "cogs": 3227181,
      "rd": 111546,
      "sga": 886758,
      "fcf": -1629165,
      "ocf": -1626175,
      "capex": -2990,
      "gross_margin": 0.2843602568352846,
      "op_margin": 0.025718565563182656,
      "fcf_margin": -0.3612735765898918,
      "op_leverage_ratio": 6.855267637769719,
      "fcf_margin_change": -0.5607416583247871
    },
    {
      "date": "2021-09-30T00:00:00",
      "quarter_label": "2021-09 (Q3)",
      "revenue": 3706436,
      "gross_profit": 747172,
      "operating_income": -442543,
      "net_income": -407905,
      "opex": 1189715,
      "cogs": 2959264,
      "rd": 98623,
      "sga": 866699,
      "fcf": -619458,
      "ocf": -619458,
      "capex": null,
      "gross_margin": 0.20158772470373157,
      "op_margin": -0.11939852731842665,
      "fcf_margin": -0.16713036458743655,
      "fcf_margin_change": 0.19414321200245524
    },
    {
      "date": "2021-12-31T00:00:00",
      "quarter_label": "2021-12 (Q4)",
      "revenue": 3056088,
      "gross_profit": 551893,
      "operating_income": -966300,
      "net_income": -401892,
      "opex": 1518193,
      "cogs": 2504195,
      "rd": 146896,
      "sga": 1168738,
      "fcf": -1499271,
      "ocf": -1445930,
      "capex": -53341,
      "gross_margin": 0.18058805898259475,
      "op_margin": -0.31618853907348216,
      "fcf_margin": -0.49058502242082036,
      "fcf_margin_change": -0.3234546578333838
    },
    {
      "date": "2022-03-31T00:00:00",
      "quarter_label": "2022-03 (Q1)",
      "revenue": 1744427,
      "gross_profit": 90508,
      "operating_income": -1611202,
      "net_income": -1422942,
      "opex": 1701710,
      "cogs": 1653919,
      "rd": 138918,
      "sga": 1311777,
      "fcf": 178909,
      "ocf": 192857,
      "capex": -13948,
      "gross_margin": 0.05188408571983809,
      "op_margin": -0.9236282171738914,
      "fcf_margin": 0.10256032496630699,
      "rev_growth_yoy": -0.2628752911965161,
      "fcf_margin_change": 0.5931453473871273
    },
    {
      "date": "2022-06-30T00:00:00",
      "quarter_label": "2022-06 (Q2)",
      "revenue": 3014885,
      "gross_profit": 306239,
      "operating_income": -1771186,
      "net_income": -1760586,
      "opex": 2077425,
      "cogs": 2708646,
      "rd": 56577,
      "sga": 1080094,
      "fcf": -1424526,
      "ocf": -1424526,
      "capex": null,
      "gross_margin": 0.10157568199118706,
      "op_margin": -0.5874804511614871,
      "fcf_margin": -0.47249762428749353,
      "incr_op_margin_yoy": 1.262637994941858,
      "rev_growth_yoy": -0.33143770768632036,
      "rev_growth_yoy_accel": -0.06856241648980427,
      "op_leverage_ratio": 3.2986370235677622,
      "fcf_margin_change": -0.5750579492538005
    },
    {
      "date": "2022-09-30T00:00:00",
      "quarter_label": "2022-09 (Q3)",
      "revenue": 5063079,
      "gross_profit": 597191,
      "operating_income": -1059133,
      "net_income": -1042050,
      "opex": 1656324,
      "cogs": 4465888,
      "rd": 58978,
      "sga": 1292746,
      "fcf": 472161,
      "ocf": 488561,
      "capex": -16400,
      "gross_margin": 0.11795016431700947,
      "op_margin": -0.20918753193461923,
      "fcf_margin": 0.09325570468088687,
      "incr_op_margin_yoy": -0.45449687205845607,
      "rev_growth_yoy": 0.36602358707933985,
      "rev_growth_yoy_accel": 0.6974612947656602,
      "op_leverage_ratio": Infinity,
      "fcf_margin_change": 0.5657533289683804
    },
    {
      "date": "2022-12-31T00:00:00",
      "quarter_label": "2022-12 (Q4)",
      "revenue": 1460798,
      "gross_profit": 151002,
      "operating_income": -1282326,
      "net_income": -1271597,
      "opex": 1433328,
      "cogs": 1309796,
      "rd": 65514,
      "sga": 1075248,
      "fcf": -2446435,
      "ocf": -2446435,
      "capex": null,
      "gross_margin": 0.1033695281620046,
      "op_margin": -0.8778256815795202,
      "fcf_margin": -1.6747250475425075,
      "incr_op_margin_yoy": 0.19809940512383328,
      "rev_growth_yoy": -0.5220039475303068,
      "rev_growth_yoy_accel": -0.8880275346096467,
      "fcf_margin_change": -1.7679807522233943
    },
    {
      "date": "2023-03-31T00:00:00",
      "quarter_label": "2023-03 (Q1)",
      "revenue": 4682573,
      "gross_profit": 853276,
      "operating_income": -446162,
      "net_income": -431438,
      "opex": 1299438,
      "cogs": 3829297,
      "rd": 76413,
      "sga": 1020702,
      "fcf": -2689237,
      "ocf": -2689237,
      "capex": null,
      "gross_margin": 0.18222374749950507,
      "op_margin": -0.09528137628607178,
      "fcf_margin": -0.5743075441642874,
      "incr_op_margin_yoy": 0.39652216057336837,
      "rev_growth_yoy": 1.6843043589671565,
      "rev_growth_yoy_accel": 2.2063083064974633,
      "op_leverage_ratio": Infinity,
      "fcf_margin_change": 1.1004175033782202
    },
    {
      "date": "2023-06-30T00:00:00",
      "quarter_label": "2023-06 (Q2)",
      "revenue": 1063714,
      "gross_profit": 78693,
      "operating_income": -704628,
      "net_income": -693575,
      "opex": 783321,
      "cogs": 985021,
      "rd": 74,
      "sga": 750156,
      "fcf": -1750592,
      "ocf": -1750592,
      "capex": null,
      "gross_margin": 0.07397947192572439,
      "op_margin": -0.6624224180559812,
      "fcf_margin": -1.6457356018629068,
      "incr_op_margin_yoy": -0.5466245654532585,
      "rev_growth_yoy": -0.6471792456428687,
      "rev_growth_yoy_accel": -2.331483604610025,
      "fcf_margin_change": -1.0714280576986193
    },
    {
      "date": "2023-09-30T00:00:00",
      "quarter_label": "2023-09 (Q3)",
      "revenue": 913571,
      "gross_profit": -104063,
      "operating_income": -807062,
      "net_income": -799019,
      "opex": 702999,
      "cogs": 1017634,
      "rd": null,
      "sga": 681448,
      "fcf": -854680,
      "ocf": -854680,
      "capex": null,
      "gross_margin": -0.11390795023046922,
      "op_margin": -0.8834146442914672,
      "fcf_margin": -0.935537577265478,
      "incr_op_margin_yoy": -0.06074720183694067,
      "rev_growth_yoy": -0.8195621676059173,
      "rev_growth_yoy_accel": -0.1723829219630486,
      "fcf_margin_change": 0.7101980245974288
    },
    {
      "date": "2023-12-31T00:00:00",
      "quarter_label": "2023-12 (Q4)",
      "revenue": 251093,
      "gross_profit": -285826,
      "operating_income": -995293,
      "net_income": -987519,
      "opex": 709467,
      "cogs": 536919,
      "rd": 0,
      "sga": 693023,
      "fcf": -834554,
      "ocf": -834554,
      "capex": null,
      "gross_margin": -1.1383272333358556,
      "op_margin": -3.963842082415679,
      "fcf_margin": -3.3236848498365146,
      "incr_op_margin_yoy": -0.23727520345869446,
      "rev_growth_yoy": -0.8281124426512084,
      "rev_growth_yoy_accel": -0.008550275045291156,
      "fcf_margin_change": -2.3881472725710364
    },
    {
      "date": "2024-03-31T00:00:00",
      "quarter_label": "2024-03 (Q1)",
      "revenue": 234506,
      "gross_profit": -154375,
      "operating_income": -923809,
      "net_income": -916603,
      "opex": 769434,
      "cogs": 388881,
      "rd": null,
      "sga": 760110,
      "fcf": -909415,
      "ocf": -909415,
      "capex": null,
      "gross_margin": -0.6582987215678916,
      "op_margin": -3.939383214075546,
      "fcf_margin": -3.878003121455315,
      "incr_op_margin_yoy": 0.10738304976071629,
      "rev_growth_yoy": -0.9499194139632207,
      "rev_growth_yoy_accel": -0.12180697131201224,
      "fcf_margin_change": -0.5543182716188002
    },
    {
      "date": "2024-06-30T00:00:00",
      "quarter_label": "2024-06 (Q2)",
      "revenue": 1760700,
      "gross_profit": 179800,
      "operating_income": -477205,
      "net_income": -470299,
      "opex": 657005,
      "cogs": 1580900,
      "rd": null,
      "sga": 653150,
      "fcf": -273449,
      "ocf": -273449,
      "capex": null,
      "gross_margin": 0.10211847560629295,
      "op_margin": -0.2710314079627421,
      "fcf_margin": -0.15530698017833816,
      "rev_growth_yoy": 0.6552381561209122,
      "rev_growth_yoy_accel": 1.605157570084133,
      "op_leverage_ratio": Infinity,
      "fcf_margin_change": 3.722696141276977
    },
    {
      "date": "2024-07-31T00:00:00",
      "quarter_label": "2024-07 (Q3)",
      "revenue": 6958270,
      "gross_profit": null,
      "operating_income": null,
      "net_income": null,
      "opex": null,
      "cogs": null,
      "rd": null,
      "sga": null,
      "fcf": null,
      "ocf": null,
      "capex": null,
      "gross_margin": null,
      "op_margin": null,
      "fcf_margin": null,
      "rev_growth_yoy": 5.541485775311785,
      "rev_growth_yoy_accel": 4.886247619190873
    },
    {
      "date": "2024-09-30T00:00:00",
      "quarter_label": "2024-09 (Q3)",
      "revenue": 390817,
      "gross_profit": -70153,
      "operating_income": -746672,
      "net_income": -740403,
      "opex": 676519,
      "cogs": 460970,
      "rd": null,
      "sga": 676069,
      "fcf": -1030228,
      "ocf": -1030228,
      "capex": null,
      "gross_margin": -0.1795034504640279,
      "op_margin": -1.9105412507644242,
      "fcf_margin": -2.63608799003114,
      "rev_growth_yoy": -0.5722094943906932,
      "rev_growth_yoy_accel": -6.113695269702479
    },
    {
      "date": "2024-10-31T00:00:00",
      "quarter_label": "2024-10 (Q4)",
      "revenue": 7436751,
      "gross_profit": 2845114,
      "operating_income": null,
      "net_income": null,
      "opex": null,
      "cogs": 4591637,
      "rd": null,
      "sga": null,
      "fcf": null,
      "ocf": null,
      "capex": null,
      "gross_margin": 0.3825748636736661,
      "op_margin": null,
      "fcf_margin": null,
      "rev_growth_yoy": 7.14030983908202,
      "rev_growth_yoy_accel": 7.712519333472713
    },
    {
      "date": "2024-12-31T00:00:00",
      "quarter_label": "2024-12 (Q4)",
      "revenue": 417447,
      "gross_profit": -174896,
      "operating_income": -1024398,
      "net_income": -1018638,
      "opex": 849502,
      "cogs": 592343,
      "rd": null,
      "sga": 846817,
      "fcf": -842333,
      "ocf": -842333,
      "capex": null,
      "gross_margin": -0.4189657609229435,
      "op_margin": -2.4539594247892547,
      "fcf_margin": -2.0178202262802225,
      "rev_growth_yoy": 0.6625194648994596,
      "rev_growth_yoy_accel": -6.47779037418256
    },
    {
      "date": "2025-03-31T00:00:00",
      "quarter_label": "2025-03 (Q1)",
      "revenue": 713460,
      "gross_profit": 39287,
      "operating_income": -1073837,
      "net_income": -1068578,
      "opex": 1113124,
      "cogs": 674173,
      "rd": null,
      "sga": 1110156,
      "fcf": -745473,
      "ocf": -745473,
      "capex": null,
      "gross_margin": 0.055065455666750765,
      "op_margin": -1.5051117091357609,
      "fcf_margin": -1.0448700698006896,
      "rev_growth_yoy": 2.0423955037397765,
      "rev_growth_yoy_accel": 1.379876038840317,
      "op_leverage_ratio": 2.285031520214771,
      "fcf_margin_change": 0.9729501564795329
    },
    {
      "date": "2025-10-31T00:00:00",
      "quarter_label": "2025-10 (Q4)",
      "revenue": 7143485,
      "gross_profit": 2093257,
      "operating_income": 89805348,
      "net_income": 283642773,
      "opex": -87712091,
      "cogs": 5050228,
      "rd": null,
      "sga": 21666564,
      "fcf": null,
      "ocf": null,
      "capex": null,
      "gross_margin": 0.29303022264342965,
      "op_margin": 12.571643672521185,
      "fcf_margin": null,
      "rev_growth_yoy": -0.03943469399472969,
      "rev_growth_yoy_accel": -2.081830197734506,
      "op_leverage_ratio": Infinity
    }
  ],
  "signals": [
    {
      "quarter": "2025-10 (Q4)",
      "signal": "YoY REVENUE GROWTH DECELERATION",
      "detail": "YoY growth: -3.9% vs prior quarter YoY: +204.2% (decel: -208.2%)",
      "severity": "WARNING"
    },
    {
      "quarter": "2025-10 (Q4)",
      "signal": "OP MARGIN TURNED POSITIVE (QoQ)",
      "detail": "Op margin: -150.5% -> +1257.2%",
      "severity": "HIGH"
    },
    {
      "quarter": "2025-03 (Q1)",
      "signal": "FCF MARGIN EXPANSION",
      "detail": "FCF margin: -201.8% -> -104.5% (+97.3%)",
      "severity": "MEDIUM"
    },
    {
      "quarter": "2025-03 (Q1)",
      "signal": "OPERATING LEVERAGE",
      "detail": "Rev growth +70.9% vs OpEx growth +31.0% (leverage: 2.3x)",
      "severity": "MEDIUM"
    },
    {
      "quarter": "2025-03 (Q1)",
      "signal": "GROSS MARGIN INFLECTION",
      "detail": "GM: +38.3% -> -41.9% -> +5.5% (reversal +47.4%)",
      "severity": "HIGH"
    },
    {
      "quarter": "2025-03 (Q1)",
      "signal": "YoY REVENUE GROWTH ACCELERATION",
      "detail": "YoY growth: +204.2% vs prior quarter YoY: +66.3% (accel: +138.0%)",
      "severity": "HIGH"
    },
    {
      "quarter": "2024-12 (Q4)",
      "signal": "YoY REVENUE GROWTH DECELERATION",
      "detail": "YoY growth: +66.3% vs prior quarter YoY: +714.0% (decel: -647.8%)",
      "severity": "WARNING"
    },
    {
      "quarter": "2024-10 (Q4)",
      "signal": "YoY REVENUE GROWTH ACCELERATION",
      "detail": "YoY growth: +714.0% vs prior quarter YoY: -57.2% (accel: +771.3%)",
      "severity": "HIGH"
    },
    {
      "quarter": "2024-09 (Q3)",
      "signal": "YoY REVENUE GROWTH DECELERATION",
      "detail": "YoY growth: -57.2% vs prior quarter YoY: +554.1% (decel: -611.4%)",
      "severity": "WARNING"
    },
    {
      "quarter": "2024-07 (Q3)",
      "signal": "YoY REVENUE GROWTH ACCELERATION",
      "detail": "YoY growth: +554.1% vs prior quarter YoY: +65.5% (accel: +488.6%)",
      "severity": "HIGH"
    },
    {
      "quarter": "2024-06 (Q2)",
      "signal": "FCF MARGIN EXPANSION",
      "detail": "FCF margin: -387.8% -> -15.5% (+372.3%)",
      "severity": "MEDIUM"
    },
    {
      "quarter": "2024-06 (Q2)",
      "signal": "YoY REVENUE GROWTH ACCELERATION",
      "detail": "YoY growth: +65.5% vs prior quarter YoY: -95.0% (accel: +160.5%)",
      "severity": "HIGH"
    },
    {
      "quarter": "2024-03 (Q1)",
      "signal": "GROSS MARGIN INFLECTION",
      "detail": "GM: -11.4% -> -113.8% -> -65.8% (reversal +48.0%)",
      "severity": "HIGH"
    },
    {
      "quarter": "2024-03 (Q1)",
      "signal": "YoY REVENUE GROWTH DECELERATION",
      "detail": "YoY growth: -95.0% vs prior quarter YoY: -82.8% (decel: -12.2%)",
      "severity": "WARNING"
    },
    {
      "quarter": "2023-09 (Q3)",
      "signal": "FCF MARGIN EXPANSION",
      "detail": "FCF margin: -164.6% -> -93.6% (+71.0%)",
      "severity": "MEDIUM"
    },
    {
      "quarter": "2023-09 (Q3)",
      "signal": "YoY REVENUE GROWTH DECELERATION",
      "detail": "YoY growth: -82.0% vs prior quarter YoY: -64.7% (decel: -17.2%)",
      "severity": "WARNING"
    },
    {
      "quarter": "2023-06 (Q2)",
      "signal": "YoY REVENUE GROWTH DECELERATION",
      "detail": "YoY growth: -64.7% vs prior quarter YoY: +168.4% (decel: -233.1%)",
      "severity": "WARNING"
    },
    {
      "quarter": "2023-03 (Q1)",
      "signal": "FCF MARGIN EXPANSION",
      "detail": "FCF margin: -167.5% -> -57.4% (+110.0%)",
      "severity": "MEDIUM"
    },
    {
      "quarter": "2023-03 (Q1)",
      "signal": "GROSS MARGIN INFLECTION",
      "detail": "GM: +11.8% -> +10.3% -> +18.2% (reversal +7.9%)",
      "severity": "HIGH"
    },
    {
      "quarter": "2023-03 (Q1)",
      "signal": "YoY REVENUE GROWTH ACCELERATION",
      "detail": "YoY growth: +168.4% vs prior quarter YoY: -52.2% (accel: +220.6%)",
      "severity": "HIGH"
    },
    {
      "quarter": "2022-12 (Q4)",
      "signal": "YoY REVENUE GROWTH DECELERATION",
      "detail": "YoY growth: -52.2% vs prior quarter YoY: +36.6% (decel: -88.8%)",
      "severity": "WARNING"
    },
    {
      "quarter": "2022-09 (Q3)",
      "signal": "FCF TURNED POSITIVE",
      "detail": "FCF margin: -47.2% -> +9.3%",
      "severity": "HIGH"
    },
    {
      "quarter": "2022-09 (Q3)",
      "signal": "YoY REVENUE GROWTH ACCELERATION",
      "detail": "YoY growth: +36.6% vs prior quarter YoY: -33.1% (accel: +69.7%)",
      "severity": "HIGH"
    },
    {
      "quarter": "2022-06 (Q2)",
      "signal": "OPERATING LEVERAGE",
      "detail": "Rev growth +72.8% vs OpEx growth +22.1% (leverage: 3.3x)",
      "severity": "MEDIUM"
    },
    {
      "quarter": "2022-06 (Q2)",
      "signal": "GROSS MARGIN INFLECTION",
      "detail": "GM: +18.1% -> +5.2% -> +10.2% (reversal +5.0%)",
      "severity": "MEDIUM"
    },
    {
      "quarter": "2022-06 (Q2)",
      "signal": "YoY REVENUE GROWTH DECELERATION",
      "detail": "YoY growth: -33.1% vs prior quarter YoY: -26.3% (decel: -6.9%)",
      "severity": "WARNING"
    },
    {
      "quarter": "2022-03 (Q1)",
      "signal": "FCF TURNED POSITIVE",
      "detail": "FCF margin: -49.1% -> +10.3%",
      "severity": "HIGH"
    },
    {
      "quarter": "2021-09 (Q3)",
      "signal": "FCF MARGIN EXPANSION",
      "detail": "FCF margin: -36.1% -> -16.7% (+19.4%)",
      "severity": "MEDIUM"
    },
    {
      "quarter": "2021-06 (Q2)",
      "signal": "OPERATING LEVERAGE",
      "detail": "Rev growth +90.6% vs OpEx growth +13.2% (leverage: 6.9x)",
      "severity": "MEDIUM"
    },
    {
      "quarter": "2021-06 (Q2)",
      "signal": "OP MARGIN TURNED POSITIVE (QoQ)",
      "detail": "Op margin: -29.0% -> +2.6%",
      "severity": "HIGH"
    }
  ],
  "data_quality": {
    "n_quarters": 20,
    "coverage": {
      "revenue": [
        20,
        20
      ],
      "gross_profit": [
        19,
        20
      ],
      "op_income": [
        18,
        20
      ],
      "fcf": [
        17,
        20
      ]
    },
    "gaps": [
      [
        "2025-03 (Q1)",
        "2025-10 (Q4)",
        214
      ]
    ],
    "warnings": [
      "gap: 1Q missing between 2025-03 (Q1) and 2025-10 (Q4)"
    ]
  },
  "market_cap": null,
  "source": "SEC EDGAR",
  "last_updated": "2026-02-02T22:54:20.116597",
  "sector": "Industrials",
  "industry": "Farm & Heavy Construction Machinery"
}