{
  "ticker": "BNED",
  "name": "BARNES\u00a0& NOBLE EDUCATION, INC.",
  "quarters": [
    {
      "date": "2021-01-30T00:00:00",
      "quarter_label": "2021-01 (Q1)",
      "revenue": 411613000,
      "gross_profit": 70612000,
      "operating_income": -64702000,
      "net_income": -48289000,
      "opex": 135314000,
      "cogs": 341001000,
      "rd": null,
      "sga": 92708000,
      "fcf": -59926000,
      "ocf": -50213000,
      "capex": -9713000,
      "gross_margin": 0.1715494894476122,
      "op_margin": -0.15719134235313267,
      "fcf_margin": -0.14558821028490354
    },
    {
      "date": "2021-05-01T00:00:00",
      "quarter_label": "2021-05 (Q2)",
      "revenue": 222778000,
      "gross_profit": 35902000,
      "operating_income": -59292000,
      "net_income": -44361000,
      "opex": 95194000,
      "cogs": 186876000,
      "rd": null,
      "sga": 83557000,
      "fcf": -9929000,
      "ocf": -8277000,
      "capex": -1652000,
      "gross_margin": 0.16115594897162197,
      "op_margin": -0.26614836294427635,
      "fcf_margin": -0.04456903284884504,
      "fcf_margin_change": 0.10101917743605851
    },
    {
      "date": "2021-07-31T00:00:00",
      "quarter_label": "2021-07 (Q3)",
      "revenue": 240794000,
      "gross_profit": 60029000,
      "operating_income": -41453000,
      "net_income": -44346000,
      "opex": 101482000,
      "cogs": 180765000,
      "rd": null,
      "sga": 86235000,
      "fcf": -28674000,
      "ocf": -17304000,
      "capex": -11370000,
      "gross_margin": 0.2492960788059503,
      "op_margin": -0.172151299450983,
      "fcf_margin": -0.11908104022525479,
      "op_leverage_ratio": 1.2242866544969504,
      "fcf_margin_change": -0.07451200737640976
    },
    {
      "date": "2021-10-30T00:00:00",
      "quarter_label": "2021-10 (Q4)",
      "revenue": 626977000,
      "gross_profit": 145559000,
      "operating_income": 24589000,
      "net_income": 22528000,
      "opex": 120970000,
      "cogs": 481418000,
      "rd": null,
      "sga": 107902000,
      "fcf": 31686000,
      "ocf": 41580000,
      "capex": -9894000,
      "gross_margin": 0.23216003138871122,
      "op_margin": 0.03921834453257456,
      "fcf_margin": 0.05053773902391954,
      "op_leverage_ratio": 8.35159138328188,
      "fcf_margin_change": 0.16961877924917432
    },
    {
      "date": "2022-01-29T00:00:00",
      "quarter_label": "2022-01 (Q1)",
      "revenue": 402798000,
      "gross_profit": 86961000,
      "operating_income": -33135000,
      "net_income": -36801000,
      "opex": 120096000,
      "cogs": 315837000,
      "rd": null,
      "sga": 101460000,
      "fcf": -28504000,
      "ocf": -16375000,
      "capex": -12129000,
      "gross_margin": 0.21589233312975734,
      "op_margin": -0.08226207677297305,
      "fcf_margin": -0.07076499883316203,
      "incr_op_margin_yoy": -3.581055019852524,
      "rev_growth_yoy": -0.021415747316046868,
      "fcf_margin_change": -0.12130273785708157
    },
    {
      "date": "2022-04-30T00:00:00",
      "quarter_label": "2022-04 (Q2)",
      "revenue": 251177000,
      "gross_profit": 72151000,
      "operating_income": -17417000,
      "net_income": -10956000,
      "opex": 89568000,
      "cogs": 180620000,
      "rd": null,
      "sga": 87843000,
      "fcf": -6954000,
      "ocf": -6740000,
      "capex": -214000,
      "gross_margin": 0.2872516193759779,
      "op_margin": -0.06934154002954092,
      "fcf_margin": -0.027685655931872742,
      "incr_op_margin_yoy": 1.474523750836297,
      "rev_growth_yoy": 0.127476680821266,
      "rev_growth_yoy_accel": 0.14889242813731288,
      "fcf_margin_change": 0.04307934290128929
    },
    {
      "date": "2022-07-30T00:00:00",
      "quarter_label": "2022-07 (Q3)",
      "revenue": 263858000,
      "gross_profit": 63488000,
      "operating_income": -47906000,
      "net_income": -52707000,
      "opex": 111394000,
      "cogs": 200370000,
      "rd": null,
      "sga": 98486000,
      "fcf": -36529000,
      "ocf": -28999000,
      "capex": -7530000,
      "gross_margin": 0.24061426979663303,
      "op_margin": -0.18155977836563605,
      "fcf_margin": -0.1384418891979777,
      "incr_op_margin_yoy": -0.279786680541103,
      "rev_growth_yoy": 0.09578311751953952,
      "rev_growth_yoy_accel": -0.031693563301726485,
      "op_leverage_ratio": 0.20718216138648327,
      "fcf_margin_change": -0.11075623326610495
    },
    {
      "date": "2022-10-29T00:00:00",
      "quarter_label": "2022-10 (Q4)",
      "revenue": 617098000,
      "gross_profit": 144835000,
      "operating_income": 26730000,
      "net_income": 22144000,
      "opex": 118105000,
      "cogs": 472263000,
      "rd": null,
      "sga": 107086000,
      "fcf": 29076000,
      "ocf": 38369000,
      "capex": -9293000,
      "gross_margin": 0.2347034020528344,
      "op_margin": 0.0433156484059258,
      "fcf_margin": 0.047117313619554756,
      "incr_op_margin_yoy": -0.21672234031784593,
      "rev_growth_yoy": -0.015756558853036076,
      "rev_growth_yoy_accel": -0.1115396763725756,
      "op_leverage_ratio": 22.221540869146168,
      "fcf_margin_change": 0.18555920281753246
    },
    {
      "date": "2023-01-28T00:00:00",
      "quarter_label": "2023-01 (Q1)",
      "revenue": 447064000,
      "gross_profit": 104210000,
      "operating_income": -17864000,
      "net_income": -25049000,
      "opex": 122074000,
      "cogs": 342854000,
      "rd": null,
      "sga": 99473000,
      "fcf": -36844000,
      "ocf": -31967000,
      "capex": -4877000,
      "gross_margin": 0.23309861675285865,
      "op_margin": -0.03995848469122989,
      "fcf_margin": -0.082413256267559,
      "incr_op_margin_yoy": 0.34498260515971624,
      "rev_growth_yoy": 0.10989627555251019,
      "rev_growth_yoy_accel": 0.12565283440554625,
      "fcf_margin_change": -0.12953056988711376
    },
    {
      "date": "2023-04-29T00:00:00",
      "quarter_label": "2023-04 (Q2)",
      "revenue": 241847000,
      "gross_profit": 58282000,
      "operating_income": -27406000,
      "net_income": -46250000,
      "opex": 85688000,
      "cogs": 178282000,
      "rd": null,
      "sga": 52566000,
      "fcf": 110875000,
      "ocf": 114267000,
      "capex": -3392000,
      "gross_margin": 0.24098707033785824,
      "op_margin": -0.11331957808035659,
      "fcf_margin": 0.4584510041472501,
      "incr_op_margin_yoy": 1.0706323687031083,
      "rev_growth_yoy": -0.03714512077140821,
      "rev_growth_yoy_accel": -0.1470413963239184,
      "fcf_margin_change": 0.5408642604148091
    },
    {
      "date": "2023-07-29T00:00:00",
      "quarter_label": "2023-07 (Q3)",
      "revenue": 264161000,
      "gross_profit": 50634000,
      "operating_income": -41728000,
      "net_income": -50388000,
      "opex": 92362000,
      "cogs": 213527000,
      "rd": null,
      "sga": 77476000,
      "fcf": -127343000,
      "ocf": -123124000,
      "capex": -4219000,
      "gross_margin": 0.19167855966626413,
      "op_margin": -0.15796427178879546,
      "fcf_margin": -0.4820658613497072,
      "rev_growth_yoy": 0.0011483449431133413,
      "rev_growth_yoy_accel": 0.03829346571452155,
      "op_leverage_ratio": 1.1845967265214332,
      "fcf_margin_change": -0.9405168654969573
    },
    {
      "date": "2023-10-28T00:00:00",
      "quarter_label": "2023-10 (Q4)",
      "revenue": 610379000,
      "gross_profit": 136242000,
      "operating_income": 35832000,
      "net_income": 24180000,
      "opex": 100410000,
      "cogs": 474137000,
      "rd": null,
      "sga": 85961000,
      "fcf": 68048000,
      "ocf": 72025000,
      "capex": -3977000,
      "gross_margin": 0.22320885875824692,
      "op_margin": 0.05870450982094731,
      "fcf_margin": 0.11148483155547619,
      "incr_op_margin_yoy": -1.3546658728977525,
      "rev_growth_yoy": -0.010888059919170051,
      "rev_growth_yoy_accel": -0.012036404862283393,
      "op_leverage_ratio": 15.04133223418338,
      "fcf_margin_change": 0.5935506929051834
    },
    {
      "date": "2024-01-27T00:00:00",
      "quarter_label": "2024-01 (Q1)",
      "revenue": 456673000,
      "gross_profit": 100036000,
      "operating_income": 921000,
      "net_income": -9639000,
      "opex": 99115000,
      "cogs": 356637000,
      "rd": null,
      "sga": 79756000,
      "fcf": -39035000,
      "ocf": -35772000,
      "capex": -3263000,
      "gross_margin": 0.21905389633282457,
      "op_margin": 0.002016760351498775,
      "fcf_margin": -0.08547691674349042,
      "incr_op_margin_yoy": 1.9549380788843793,
      "rev_growth_yoy": 0.0214935669165936,
      "rev_growth_yoy_accel": 0.03238162683576365,
      "fcf_margin_change": -0.19696174829896662
    },
    {
      "date": "2024-04-27T00:00:00",
      "quarter_label": "2024-04 (Q2)",
      "revenue": 235922000,
      "gross_profit": 69864000,
      "operating_income": -16958000,
      "net_income": -27364000,
      "opex": 86822000,
      "cogs": 166058000,
      "rd": null,
      "sga": 68381000,
      "fcf": 79138000,
      "ocf": 81749000,
      "capex": -2611000,
      "gross_margin": 0.2961317723654428,
      "op_margin": -0.07187968904977068,
      "fcf_margin": 0.3354413746916354,
      "incr_op_margin_yoy": -1.7633755274261604,
      "rev_growth_yoy": -0.024498960086335574,
      "rev_growth_yoy_accel": -0.045992527002929176,
      "fcf_margin_change": 0.4209182914351258
    },
    {
      "date": "2024-07-27T00:00:00",
      "quarter_label": "2024-07 (Q3)",
      "revenue": 263431000,
      "gross_profit": 47206000,
      "operating_income": -91725000,
      "net_income": -99479000,
      "opex": 138931000,
      "cogs": 216225000,
      "rd": null,
      "sga": 67023000,
      "fcf": -147462000,
      "ocf": -143502000,
      "capex": -3960000,
      "gross_margin": 0.17919682953031343,
      "op_margin": -0.34819364463559715,
      "fcf_margin": -0.559774665851779,
      "rev_growth_yoy": -0.002763466219464645,
      "rev_growth_yoy_accel": 0.02173549386687093,
      "op_leverage_ratio": 0.19427790385674468,
      "fcf_margin_change": -0.8952160405434144
    },
    {
      "date": "2024-10-26T00:00:00",
      "quarter_label": "2024-10 (Q4)",
      "revenue": 602122000,
      "gross_profit": 137643000,
      "operating_income": 56323000,
      "net_income": 49735000,
      "opex": 81320000,
      "cogs": 464479000,
      "rd": null,
      "sga": 72940000,
      "fcf": 44352000,
      "ocf": 47410000,
      "capex": -3058000,
      "gross_margin": 0.22859653027127394,
      "op_margin": 0.09354084388213685,
      "fcf_margin": 0.07365949093373103,
      "incr_op_margin_yoy": -2.48165193169432,
      "rev_growth_yoy": -0.013527660682952723,
      "rev_growth_yoy_accel": -0.010764194463488077,
      "op_leverage_ratio": Infinity,
      "fcf_margin_change": 0.6334341567855101
    },
    {
      "date": "2025-01-25T00:00:00",
      "quarter_label": "2025-01 (Q1)",
      "revenue": 466325000,
      "gross_profit": 96379000,
      "operating_income": 22859000,
      "net_income": 7112000,
      "opex": 73520000,
      "cogs": 369946000,
      "rd": null,
      "sga": 71561000,
      "fcf": -44717000,
      "ocf": -41945000,
      "capex": -2772000,
      "gross_margin": 0.20667774620704443,
      "op_margin": 0.04901946067656677,
      "fcf_margin": -0.09589234975607142,
      "incr_op_margin_yoy": 2.2728968089515127,
      "rev_growth_yoy": 0.021135473303654912,
      "rev_growth_yoy_accel": 0.034663133986607635,
      "fcf_margin_change": -0.16955184068980245
    },
    {
      "date": "2025-05-03T00:00:00",
      "quarter_label": "2025-05 (Q2)",
      "revenue": 281792000,
      "gross_profit": 70581000,
      "operating_income": 28467000,
      "net_income": -23004000,
      "opex": 42114000,
      "cogs": 221716000,
      "rd": null,
      "sga": 72276000,
      "fcf": 49520000,
      "ocf": 52624000,
      "capex": -3104000,
      "gross_margin": 0.25047197933227344,
      "op_margin": 0.10102132069043834,
      "fcf_margin": 0.17573245514421984,
      "incr_op_margin_yoy": 0.9902986701547852,
      "rev_growth_yoy": 0.19442866710183873,
      "rev_growth_yoy_accel": 0.1732931937981838,
      "fcf_margin_change": 0.2716248049002913
    },
    {
      "date": "2025-08-02T00:00:00",
      "quarter_label": "2025-08 (Q3)",
      "revenue": 288160000,
      "gross_profit": 55377000,
      "operating_income": -23166000,
      "net_income": -18271000,
      "opex": 78543000,
      "cogs": 232783000,
      "rd": null,
      "sga": 67861000,
      "fcf": -71339000,
      "ocf": -67603000,
      "capex": -3736000,
      "gross_margin": 0.1921744863964464,
      "op_margin": -0.0803928373126041,
      "fcf_margin": -0.24756732370905052,
      "incr_op_margin_yoy": 2.772412956447895,
      "rev_growth_yoy": 0.0938727788301301,
      "rev_growth_yoy_accel": -0.10055588827170864,
      "op_leverage_ratio": 0.026124839941563206,
      "fcf_margin_change": -0.42329977885327036
    },
    {
      "date": "2025-11-01T00:00:00",
      "quarter_label": "2025-11 (Q4)",
      "revenue": 644414000,
      "gross_profit": 129837000,
      "operating_income": 40796000,
      "net_income": 25004000,
      "opex": 89041000,
      "cogs": 514577000,
      "rd": null,
      "sga": 77302000,
      "fcf": 61924000,
      "ocf": 66239000,
      "capex": -4315000,
      "gross_margin": 0.20148072512391102,
      "op_margin": 0.06330712864711195,
      "fcf_margin": 0.0960935051069654,
      "incr_op_margin_yoy": -0.3671379930010404,
      "rev_growth_yoy": 0.07023825736312575,
      "rev_growth_yoy_accel": -0.023634521467004344,
      "op_leverage_ratio": 9.2496855916026,
      "fcf_margin_change": 0.3436608288160159
    }
  ],
  "signals": [
    {
      "quarter": "2025-11 (Q4)",
      "signal": "FCF TURNED POSITIVE",
      "detail": "FCF margin: -24.8% -> +9.6%",
      "severity": "HIGH"
    },
    {
      "quarter": "2025-11 (Q4)",
      "signal": "OPERATING LEVERAGE",
      "detail": "Rev growth +123.6% vs OpEx growth +13.4% (leverage: 9.2x)",
      "severity": "MEDIUM"
    },
    {
      "quarter": "2025-11 (Q4)",
      "signal": "OP MARGIN TURNED POSITIVE (QoQ)",
      "detail": "Op margin: -8.0% -> +6.3%",
      "severity": "HIGH"
    },
    {
      "quarter": "2025-08 (Q3)",
      "signal": "YoY REVENUE GROWTH DECELERATION",
      "detail": "YoY growth: +9.4% vs prior quarter YoY: +19.4% (decel: -10.1%)",
      "severity": "WARNING"
    },
    {
      "quarter": "2025-05 (Q2)",
      "signal": "FCF TURNED POSITIVE",
      "detail": "FCF margin: -9.6% -> +17.6%",
      "severity": "HIGH"
    },
    {
      "quarter": "2025-05 (Q2)",
      "signal": "GROSS MARGIN INFLECTION",
      "detail": "GM: +22.9% -> +20.7% -> +25.0% (reversal +4.4%)",
      "severity": "MEDIUM"
    },
    {
      "quarter": "2025-05 (Q2)",
      "signal": "YoY REVENUE GROWTH ACCELERATION",
      "detail": "YoY growth: +19.4% vs prior quarter YoY: +2.1% (accel: +17.3%)",
      "severity": "HIGH"
    },
    {
      "quarter": "2025-05 (Q2)",
      "signal": "OP MARGIN TURNED POSITIVE (YoY)",
      "detail": "Op margin: -7.2% (year-ago) -> +10.1%",
      "severity": "HIGH"
    },
    {
      "quarter": "2025-01 (Q1)",
      "signal": "INCREMENTAL MARGIN (YoY)",
      "detail": "YoY Incr OPM: +227.3% vs year-ago OPM: +0.2%",
      "severity": "HIGH"
    },
    {
      "quarter": "2024-10 (Q4)",
      "signal": "FCF TURNED POSITIVE",
      "detail": "FCF margin: -56.0% -> +7.4%",
      "severity": "HIGH"
    },
    {
      "quarter": "2024-10 (Q4)",
      "signal": "GROSS MARGIN INFLECTION",
      "detail": "GM: +29.6% -> +17.9% -> +22.9% (reversal +4.9%)",
      "severity": "MEDIUM"
    },
    {
      "quarter": "2024-10 (Q4)",
      "signal": "OP MARGIN TURNED POSITIVE (QoQ)",
      "detail": "Op margin: -34.8% -> +9.4%",
      "severity": "HIGH"
    },
    {
      "quarter": "2024-04 (Q2)",
      "signal": "FCF TURNED POSITIVE",
      "detail": "FCF margin: -8.5% -> +33.5%",
      "severity": "HIGH"
    },
    {
      "quarter": "2024-04 (Q2)",
      "signal": "GROSS MARGIN INFLECTION",
      "detail": "GM: +22.3% -> +21.9% -> +29.6% (reversal +7.7%)",
      "severity": "HIGH"
    },
    {
      "quarter": "2024-01 (Q1)",
      "signal": "OP MARGIN TURNED POSITIVE (YoY)",
      "detail": "Op margin: -4.0% (year-ago) -> +0.2%",
      "severity": "HIGH"
    },
    {
      "quarter": "2023-10 (Q4)",
      "signal": "FCF TURNED POSITIVE",
      "detail": "FCF margin: -48.2% -> +11.1%",
      "severity": "HIGH"
    },
    {
      "quarter": "2023-10 (Q4)",
      "signal": "OPERATING LEVERAGE",
      "detail": "Rev growth +131.1% vs OpEx growth +8.7% (leverage: 15.0x)",
      "severity": "MEDIUM"
    },
    {
      "quarter": "2023-10 (Q4)",
      "signal": "GROSS MARGIN INFLECTION",
      "detail": "GM: +24.1% -> +19.2% -> +22.3% (reversal +3.2%)",
      "severity": "MEDIUM"
    },
    {
      "quarter": "2023-10 (Q4)",
      "signal": "OP MARGIN TURNED POSITIVE (QoQ)",
      "detail": "Op margin: -15.8% -> +5.9%",
      "severity": "HIGH"
    },
    {
      "quarter": "2023-04 (Q2)",
      "signal": "FCF TURNED POSITIVE",
      "detail": "FCF margin: -8.2% -> +45.8%",
      "severity": "HIGH"
    },
    {
      "quarter": "2023-04 (Q2)",
      "signal": "YoY REVENUE GROWTH DECELERATION",
      "detail": "YoY growth: -3.7% vs prior quarter YoY: +11.0% (decel: -14.7%)",
      "severity": "WARNING"
    },
    {
      "quarter": "2023-01 (Q1)",
      "signal": "YoY REVENUE GROWTH ACCELERATION",
      "detail": "YoY growth: +11.0% vs prior quarter YoY: -1.6% (accel: +12.6%)",
      "severity": "MEDIUM"
    },
    {
      "quarter": "2022-10 (Q4)",
      "signal": "FCF TURNED POSITIVE",
      "detail": "FCF margin: -13.8% -> +4.7%",
      "severity": "HIGH"
    },
    {
      "quarter": "2022-10 (Q4)",
      "signal": "OPERATING LEVERAGE",
      "detail": "Rev growth +133.9% vs OpEx growth +6.0% (leverage: 22.2x)",
      "severity": "MEDIUM"
    },
    {
      "quarter": "2022-10 (Q4)",
      "signal": "YoY REVENUE GROWTH DECELERATION",
      "detail": "YoY growth: -1.6% vs prior quarter YoY: +9.6% (decel: -11.2%)",
      "severity": "WARNING"
    },
    {
      "quarter": "2022-10 (Q4)",
      "signal": "OP MARGIN TURNED POSITIVE (QoQ)",
      "detail": "Op margin: -18.2% -> +4.3%",
      "severity": "HIGH"
    },
    {
      "quarter": "2022-04 (Q2)",
      "signal": "GROSS MARGIN INFLECTION",
      "detail": "GM: +23.2% -> +21.6% -> +28.7% (reversal +7.1%)",
      "severity": "HIGH"
    },
    {
      "quarter": "2022-04 (Q2)",
      "signal": "YoY REVENUE GROWTH ACCELERATION",
      "detail": "YoY growth: +12.7% vs prior quarter YoY: -2.1% (accel: +14.9%)",
      "severity": "MEDIUM"
    },
    {
      "quarter": "2021-10 (Q4)",
      "signal": "FCF TURNED POSITIVE",
      "detail": "FCF margin: -11.9% -> +5.1%",
      "severity": "HIGH"
    },
    {
      "quarter": "2021-10 (Q4)",
      "signal": "OPERATING LEVERAGE",
      "detail": "Rev growth +160.4% vs OpEx growth +19.2% (leverage: 8.4x)",
      "severity": "MEDIUM"
    },
    {
      "quarter": "2021-10 (Q4)",
      "signal": "OP MARGIN TURNED POSITIVE (QoQ)",
      "detail": "Op margin: -17.2% -> +3.9%",
      "severity": "HIGH"
    },
    {
      "quarter": "2021-07 (Q3)",
      "signal": "GROSS MARGIN INFLECTION",
      "detail": "GM: +17.2% -> +16.1% -> +24.9% (reversal +8.8%)",
      "severity": "HIGH"
    },
    {
      "quarter": "2021-05 (Q2)",
      "signal": "FCF MARGIN EXPANSION",
      "detail": "FCF margin: -14.6% -> -4.5% (+10.1%)",
      "severity": "MEDIUM"
    }
  ],
  "data_quality": {
    "n_quarters": 20,
    "coverage": {
      "revenue": [
        20,
        20
      ],
      "gross_profit": [
        20,
        20
      ],
      "op_income": [
        20,
        20
      ],
      "fcf": [
        20,
        20
      ]
    },
    "gaps": [],
    "warnings": []
  },
  "market_cap": null,
  "source": "SEC EDGAR",
  "last_updated": "2026-02-02T22:45:12.556107"
}