{
  "ticker": "BNGO",
  "name": "Bionano Genomics, Inc.",
  "quarters": [
    {
      "date": "2020-12-31T00:00:00",
      "quarter_label": "2020-12 (Q4)",
      "revenue": 3989984,
      "gross_profit": 1178847,
      "operating_income": -11126322,
      "net_income": -11730351,
      "opex": 12305169,
      "cogs": 2811137,
      "rd": 2877109,
      "sga": 9428060,
      "fcf": -12104000,
      "ocf": -12104000,
      "capex": null,
      "gross_margin": 0.2954515607080129,
      "op_margin": -2.788563061907015,
      "fcf_margin": -3.0335961246962393
    },
    {
      "date": "2021-03-31T00:00:00",
      "quarter_label": "2021-03 (Q1)",
      "revenue": 3168000,
      "gross_profit": 1043000,
      "operating_income": -11163000,
      "net_income": -9947000,
      "opex": 12206000,
      "cogs": 2125000,
      "rd": 2678000,
      "sga": 9528000,
      "fcf": -13928000,
      "ocf": -13904000,
      "capex": -24000,
      "gross_margin": 0.32922979797979796,
      "op_margin": -3.523674242424242,
      "fcf_margin": -4.396464646464646,
      "fcf_margin_change": -1.362868521768407
    },
    {
      "date": "2021-06-30T00:00:00",
      "quarter_label": "2021-06 (Q2)",
      "revenue": 3856000,
      "gross_profit": 1439000,
      "operating_income": -16476000,
      "net_income": -18786000,
      "opex": 17915000,
      "cogs": 2417000,
      "rd": 4086000,
      "sga": 13829000,
      "fcf": -12471000,
      "ocf": -12419000,
      "capex": -52000,
      "gross_margin": 0.37318464730290457,
      "op_margin": -4.272821576763485,
      "fcf_margin": -3.234180497925311,
      "op_leverage_ratio": 0.4643191416706919,
      "fcf_margin_change": 1.1622841485393351
    },
    {
      "date": "2021-09-30T00:00:00",
      "quarter_label": "2021-09 (Q3)",
      "revenue": 4655000,
      "gross_profit": 1154000,
      "operating_income": -20678000,
      "net_income": -20753000,
      "opex": 21832000,
      "cogs": 3501000,
      "rd": 6505000,
      "sga": 15327000,
      "fcf": -20250000,
      "ocf": -19982000,
      "capex": -268000,
      "gross_margin": 0.24790547798066595,
      "op_margin": -4.442105263157894,
      "fcf_margin": -4.35016111707841,
      "op_leverage_ratio": 0.9477046139977141,
      "fcf_margin_change": -1.115980619153099
    },
    {
      "date": "2021-12-31T00:00:00",
      "quarter_label": "2021-12 (Q4)",
      "revenue": 6302000,
      "gross_profit": 239000,
      "operating_income": -28783000,
      "net_income": -22949000,
      "opex": 29022000,
      "cogs": 6063000,
      "rd": 9215000,
      "sga": 19807000,
      "fcf": -25622000,
      "ocf": -25622000,
      "capex": null,
      "gross_margin": 0.03792446842272294,
      "op_margin": -4.567280228498889,
      "fcf_margin": -4.065693430656935,
      "incr_op_margin_yoy": -7.636918602639428,
      "rev_growth_yoy": 0.5794549552078404,
      "op_leverage_ratio": 1.0743320849311837,
      "fcf_margin_change": 0.28446768642147546
    },
    {
      "date": "2022-03-31T00:00:00",
      "quarter_label": "2022-03 (Q1)",
      "revenue": 5696000,
      "gross_profit": 861000,
      "operating_income": -29943000,
      "net_income": -29952000,
      "opex": 30804000,
      "cogs": 4835000,
      "rd": 10527000,
      "sga": 20277000,
      "fcf": -32494000,
      "ocf": -32494000,
      "capex": null,
      "gross_margin": 0.15115870786516855,
      "op_margin": -5.256846910112359,
      "fcf_margin": -5.704705056179775,
      "incr_op_margin_yoy": -7.42879746835443,
      "rev_growth_yoy": 0.797979797979798,
      "rev_growth_yoy_accel": 0.2185248427719576,
      "fcf_margin_change": -1.6390116255228406
    },
    {
      "date": "2022-06-30T00:00:00",
      "quarter_label": "2022-06 (Q2)",
      "revenue": 6670000,
      "gross_profit": 1471000,
      "operating_income": -32079000,
      "net_income": -32158000,
      "opex": 33550000,
      "cogs": 5199000,
      "rd": 11767000,
      "sga": 21783000,
      "fcf": -28332000,
      "ocf": -28332000,
      "capex": null,
      "gross_margin": 0.22053973013493253,
      "op_margin": -4.809445277361319,
      "fcf_margin": -4.24767616191904,
      "incr_op_margin_yoy": -5.544776119402985,
      "rev_growth_yoy": 0.7297717842323651,
      "rev_growth_yoy_accel": -0.0682080137474329,
      "op_leverage_ratio": 1.9182073823416288,
      "fcf_margin_change": 1.457028894260735
    },
    {
      "date": "2022-09-30T00:00:00",
      "quarter_label": "2022-09 (Q3)",
      "revenue": 7221000,
      "gross_profit": 1809000,
      "operating_income": -32149000,
      "net_income": -31809000,
      "opex": 33958000,
      "cogs": 5412000,
      "rd": 12742000,
      "sga": 21216000,
      "fcf": -29473000,
      "ocf": -29473000,
      "capex": null,
      "gross_margin": 0.25051931865392607,
      "op_margin": -4.452153441351613,
      "fcf_margin": -4.081567649909985,
      "incr_op_margin_yoy": -4.470381917381138,
      "rev_growth_yoy": 0.551235230934479,
      "rev_growth_yoy_accel": -0.1785365532978861,
      "op_leverage_ratio": 6.792945439045183,
      "fcf_margin_change": 0.16610851200905508
    },
    {
      "date": "2022-12-31T00:00:00",
      "quarter_label": "2022-12 (Q4)",
      "revenue": 8215000,
      "gross_profit": 1805000,
      "operating_income": -37527000,
      "net_income": -38677000,
      "opex": 39332000,
      "cogs": 6410000,
      "rd": 14011000,
      "sga": 25321000,
      "fcf": -34517000,
      "ocf": -34517000,
      "capex": null,
      "gross_margin": 0.21972002434570906,
      "op_margin": -4.568107121119903,
      "fcf_margin": -4.201704199634815,
      "incr_op_margin_yoy": -4.570831155253528,
      "rev_growth_yoy": 0.3035544271659791,
      "rev_growth_yoy_accel": -0.24768080376849994,
      "op_leverage_ratio": 0.8698281956541694,
      "fcf_margin_change": -0.12013654972482968
    },
    {
      "date": "2023-03-31T00:00:00",
      "quarter_label": "2023-03 (Q1)",
      "revenue": 7415000,
      "gross_profit": 2070000,
      "operating_income": -37843000,
      "net_income": -37124000,
      "opex": 39913000,
      "cogs": 5345000,
      "rd": 13937000,
      "sga": 25976000,
      "fcf": -32413000,
      "ocf": -32413000,
      "capex": null,
      "gross_margin": 0.2791638570465273,
      "op_margin": -5.1035738368172625,
      "fcf_margin": -4.371274443695213,
      "incr_op_margin_yoy": -4.595695171611402,
      "rev_growth_yoy": 0.30179073033707865,
      "rev_growth_yoy_accel": -0.0017636968289004296,
      "fcf_margin_change": -0.1695702440603979
    },
    {
      "date": "2023-06-30T00:00:00",
      "quarter_label": "2023-06 (Q2)",
      "revenue": 8662000,
      "gross_profit": 2308000,
      "operating_income": -39238000,
      "net_income": -38912000,
      "opex": 41546000,
      "cogs": 6354000,
      "rd": 14610000,
      "sga": 26936000,
      "fcf": -36696000,
      "ocf": -36696000,
      "capex": null,
      "gross_margin": 0.26645116601246827,
      "op_margin": -4.52990071577003,
      "fcf_margin": -4.236435003463403,
      "incr_op_margin_yoy": -3.593875502008032,
      "rev_growth_yoy": 0.29865067466266865,
      "rev_growth_yoy_accel": -0.0031400556744100028,
      "op_leverage_ratio": 4.1103943075616325,
      "fcf_margin_change": 0.1348394402318096
    },
    {
      "date": "2023-09-30T00:00:00",
      "quarter_label": "2023-09 (Q3)",
      "revenue": 9318000,
      "gross_profit": 2749000,
      "operating_income": -113212000,
      "net_income": -112566000,
      "opex": 115961000,
      "cogs": 6569000,
      "rd": 13785000,
      "sga": 24896000,
      "fcf": -26293000,
      "ocf": -26293000,
      "capex": null,
      "gross_margin": 0.2950203906417686,
      "op_margin": -12.149817557415755,
      "fcf_margin": -2.821742863275381,
      "incr_op_margin_yoy": -38.65665236051502,
      "rev_growth_yoy": 0.2904029912754466,
      "rev_growth_yoy_accel": -0.008247683387222038,
      "op_leverage_ratio": 0.04228188986695315,
      "fcf_margin_change": 1.4146921401880221
    },
    {
      "date": "2023-12-31T00:00:00",
      "quarter_label": "2023-12 (Q4)",
      "revenue": 10721000,
      "gross_profit": 2438000,
      "operating_income": -24953000,
      "net_income": -43891000,
      "opex": 27391000,
      "cogs": 8283000,
      "rd": 11701000,
      "sga": 15690000,
      "fcf": -29779000,
      "ocf": -29779000,
      "capex": null,
      "gross_margin": 0.22740416005969594,
      "op_margin": -2.327488107452663,
      "fcf_margin": -2.7776326835183287,
      "incr_op_margin_yoy": 5.01755786113328,
      "rev_growth_yoy": 0.30505173463177115,
      "rev_growth_yoy_accel": 0.014648743356324545,
      "op_leverage_ratio": Infinity,
      "fcf_margin_change": 0.044110179757052226
    },
    {
      "date": "2024-03-31T00:00:00",
      "quarter_label": "2024-03 (Q1)",
      "revenue": 8769000,
      "gross_profit": 2824000,
      "operating_income": -31123000,
      "net_income": -31422000,
      "opex": 33947000,
      "cogs": 5945000,
      "rd": 9779000,
      "sga": 19536000,
      "fcf": -28131000,
      "ocf": -28131000,
      "capex": null,
      "gross_margin": 0.32204356254989164,
      "op_margin": -3.5492074352833844,
      "fcf_margin": -3.208005473828259,
      "incr_op_margin_yoy": 4.963072378138848,
      "rev_growth_yoy": 0.18260283209710046,
      "rev_growth_yoy_accel": -0.1224489025346707,
      "fcf_margin_change": -0.43037279030993014
    },
    {
      "date": "2024-06-30T00:00:00",
      "quarter_label": "2024-06 (Q2)",
      "revenue": 7771000,
      "gross_profit": 2585000,
      "operating_income": -17018000,
      "net_income": -16224000,
      "opex": 19603000,
      "cogs": 5186000,
      "rd": 6831000,
      "sga": 11557000,
      "fcf": -20978000,
      "ocf": -20978000,
      "capex": null,
      "gross_margin": 0.3326470209754214,
      "op_margin": -2.189936945052117,
      "fcf_margin": -2.6995238708016984,
      "rev_growth_yoy": -0.10286308012006465,
      "rev_growth_yoy_accel": -0.2854659122171651,
      "fcf_margin_change": 0.5084816030265604
    },
    {
      "date": "2024-09-30T00:00:00",
      "quarter_label": "2024-09 (Q3)",
      "revenue": 6073000,
      "gross_profit": -8446000,
      "operating_income": -43901000,
      "net_income": -44246000,
      "opex": 35455000,
      "cogs": 14519000,
      "rd": 4717000,
      "sga": 9464000,
      "fcf": -13309000,
      "ocf": -13309000,
      "capex": null,
      "gross_margin": -1.3907459245842253,
      "op_margin": -7.22888193643998,
      "fcf_margin": -2.1915033755969042,
      "incr_op_margin_yoy": -21.359322033898305,
      "rev_growth_yoy": -0.3482506975745868,
      "rev_growth_yoy_accel": -0.24538761745452217,
      "fcf_margin_change": 0.5080204952047942
    },
    {
      "date": "2024-12-31T00:00:00",
      "quarter_label": "2024-12 (Q4)",
      "revenue": 8163000,
      "gross_profit": 3417000,
      "operating_income": -11941000,
      "net_income": -20125000,
      "opex": 15358000,
      "cogs": 4746000,
      "rd": 3474000,
      "sga": 11746000,
      "fcf": -6504000,
      "ocf": -6504000,
      "capex": null,
      "gross_margin": 0.4185961043733921,
      "op_margin": -1.4628200416513537,
      "fcf_margin": -0.796765894891584,
      "incr_op_margin_yoy": -5.086786551993745,
      "rev_growth_yoy": -0.2385971457886391,
      "rev_growth_yoy_accel": 0.10965355178594771,
      "op_leverage_ratio": Infinity,
      "fcf_margin_change": 1.39473748070532
    },
    {
      "date": "2025-03-31T00:00:00",
      "quarter_label": "2025-03 (Q1)",
      "revenue": 6457000,
      "gross_profit": 2938000,
      "operating_income": -8465000,
      "net_income": -3102000,
      "opex": 11403000,
      "cogs": 3519000,
      "rd": 2370000,
      "sga": 9033000,
      "fcf": -2764000,
      "ocf": -2764000,
      "capex": null,
      "gross_margin": 0.4550100665943937,
      "op_margin": -1.3109803314232615,
      "fcf_margin": -0.42806256775592383,
      "incr_op_margin_yoy": -9.800173010380623,
      "rev_growth_yoy": -0.26365606112441553,
      "rev_growth_yoy_accel": -0.02505891533577642,
      "fcf_margin_change": 0.3687033271356602
    },
    {
      "date": "2025-06-30T00:00:00",
      "quarter_label": "2025-06 (Q2)",
      "revenue": 6733000,
      "gross_profit": 3477000,
      "operating_income": -7800000,
      "net_income": -6857000,
      "opex": 11277000,
      "cogs": 3256000,
      "rd": 2931000,
      "sga": 8346000,
      "fcf": -3487000,
      "ocf": -3487000,
      "capex": null,
      "gross_margin": 0.5164117035496807,
      "op_margin": -1.1584731917421656,
      "fcf_margin": -0.5178969255903758,
      "incr_op_margin_yoy": -8.880539499036608,
      "rev_growth_yoy": -0.1335735426586025,
      "rev_growth_yoy_accel": 0.13008251846581304,
      "op_leverage_ratio": Infinity,
      "fcf_margin_change": -0.08983435783445198
    },
    {
      "date": "2025-09-30T00:00:00",
      "quarter_label": "2025-09 (Q3)",
      "revenue": 7367000,
      "gross_profit": 3370000,
      "operating_income": -8538000,
      "net_income": -8503000,
      "opex": 11908000,
      "cogs": 3997000,
      "rd": 2844000,
      "sga": 9064000,
      "fcf": -5919000,
      "ocf": -5919000,
      "capex": null,
      "gross_margin": 0.4574453644631465,
      "op_margin": -1.158952083616126,
      "fcf_margin": -0.8034478077915026,
      "incr_op_margin_yoy": 27.328438948995363,
      "rev_growth_yoy": 0.2130742631318953,
      "rev_growth_yoy_accel": 0.3466478057904978,
      "op_leverage_ratio": 1.6828478979635981,
      "fcf_margin_change": -0.2855508822011268
    }
  ],
  "signals": [
    {
      "quarter": "2025-09 (Q3)",
      "signal": "OPERATING LEVERAGE",
      "detail": "Rev growth +9.4% vs OpEx growth +5.6% (leverage: 1.7x)",
      "severity": "MEDIUM"
    },
    {
      "quarter": "2025-09 (Q3)",
      "signal": "YoY REVENUE GROWTH ACCELERATION",
      "detail": "YoY growth: +21.3% vs prior quarter YoY: -13.4% (accel: +34.7%)",
      "severity": "HIGH"
    },
    {
      "quarter": "2025-06 (Q2)",
      "signal": "YoY REVENUE GROWTH ACCELERATION",
      "detail": "YoY growth: -13.4% vs prior quarter YoY: -26.4% (accel: +13.0%)",
      "severity": "MEDIUM"
    },
    {
      "quarter": "2025-03 (Q1)",
      "signal": "FCF MARGIN EXPANSION",
      "detail": "FCF margin: -79.7% -> -42.8% (+36.9%)",
      "severity": "MEDIUM"
    },
    {
      "quarter": "2024-12 (Q4)",
      "signal": "FCF MARGIN EXPANSION",
      "detail": "FCF margin: -219.2% -> -79.7% (+139.5%)",
      "severity": "MEDIUM"
    },
    {
      "quarter": "2024-12 (Q4)",
      "signal": "GROSS MARGIN INFLECTION",
      "detail": "GM: +33.3% -> -139.1% -> +41.9% (reversal +180.9%)",
      "severity": "HIGH"
    },
    {
      "quarter": "2024-12 (Q4)",
      "signal": "YoY REVENUE GROWTH ACCELERATION",
      "detail": "YoY growth: -23.9% vs prior quarter YoY: -34.8% (accel: +11.0%)",
      "severity": "MEDIUM"
    },
    {
      "quarter": "2024-09 (Q3)",
      "signal": "FCF MARGIN EXPANSION",
      "detail": "FCF margin: -270.0% -> -219.2% (+50.8%)",
      "severity": "MEDIUM"
    },
    {
      "quarter": "2024-09 (Q3)",
      "signal": "YoY REVENUE GROWTH DECELERATION",
      "detail": "YoY growth: -34.8% vs prior quarter YoY: -10.3% (decel: -24.5%)",
      "severity": "WARNING"
    },
    {
      "quarter": "2024-06 (Q2)",
      "signal": "FCF MARGIN EXPANSION",
      "detail": "FCF margin: -320.8% -> -270.0% (+50.8%)",
      "severity": "MEDIUM"
    },
    {
      "quarter": "2024-06 (Q2)",
      "signal": "YoY REVENUE GROWTH DECELERATION",
      "detail": "YoY growth: -10.3% vs prior quarter YoY: +18.3% (decel: -28.5%)",
      "severity": "WARNING"
    },
    {
      "quarter": "2024-03 (Q1)",
      "signal": "GROSS MARGIN INFLECTION",
      "detail": "GM: +29.5% -> +22.7% -> +32.2% (reversal +9.5%)",
      "severity": "HIGH"
    },
    {
      "quarter": "2024-03 (Q1)",
      "signal": "YoY REVENUE GROWTH DECELERATION",
      "detail": "YoY growth: +18.3% vs prior quarter YoY: +30.5% (decel: -12.2%)",
      "severity": "WARNING"
    },
    {
      "quarter": "2023-09 (Q3)",
      "signal": "FCF MARGIN EXPANSION",
      "detail": "FCF margin: -423.6% -> -282.2% (+141.5%)",
      "severity": "MEDIUM"
    },
    {
      "quarter": "2023-09 (Q3)",
      "signal": "GROSS MARGIN INFLECTION",
      "detail": "GM: +27.9% -> +26.6% -> +29.5% (reversal +2.9%)",
      "severity": "MEDIUM"
    },
    {
      "quarter": "2023-06 (Q2)",
      "signal": "FCF MARGIN EXPANSION",
      "detail": "FCF margin: -437.1% -> -423.6% (+13.5%)",
      "severity": "MEDIUM"
    },
    {
      "quarter": "2023-06 (Q2)",
      "signal": "OPERATING LEVERAGE",
      "detail": "Rev growth +16.8% vs OpEx growth +4.1% (leverage: 4.1x)",
      "severity": "MEDIUM"
    },
    {
      "quarter": "2023-03 (Q1)",
      "signal": "GROSS MARGIN INFLECTION",
      "detail": "GM: +25.1% -> +22.0% -> +27.9% (reversal +5.9%)",
      "severity": "HIGH"
    },
    {
      "quarter": "2022-12 (Q4)",
      "signal": "YoY REVENUE GROWTH DECELERATION",
      "detail": "YoY growth: +30.4% vs prior quarter YoY: +55.1% (decel: -24.8%)",
      "severity": "WARNING"
    },
    {
      "quarter": "2022-09 (Q3)",
      "signal": "FCF MARGIN EXPANSION",
      "detail": "FCF margin: -424.8% -> -408.2% (+16.6%)",
      "severity": "MEDIUM"
    },
    {
      "quarter": "2022-09 (Q3)",
      "signal": "OPERATING LEVERAGE",
      "detail": "Rev growth +8.3% vs OpEx growth +1.2% (leverage: 6.8x)",
      "severity": "MEDIUM"
    },
    {
      "quarter": "2022-09 (Q3)",
      "signal": "YoY REVENUE GROWTH DECELERATION",
      "detail": "YoY growth: +55.1% vs prior quarter YoY: +73.0% (decel: -17.9%)",
      "severity": "WARNING"
    },
    {
      "quarter": "2022-06 (Q2)",
      "signal": "FCF MARGIN EXPANSION",
      "detail": "FCF margin: -570.5% -> -424.8% (+145.7%)",
      "severity": "MEDIUM"
    },
    {
      "quarter": "2022-06 (Q2)",
      "signal": "OPERATING LEVERAGE",
      "detail": "Rev growth +17.1% vs OpEx growth +8.9% (leverage: 1.9x)",
      "severity": "MEDIUM"
    },
    {
      "quarter": "2022-06 (Q2)",
      "signal": "YoY REVENUE GROWTH DECELERATION",
      "detail": "YoY growth: +73.0% vs prior quarter YoY: +79.8% (decel: -6.8%)",
      "severity": "WARNING"
    },
    {
      "quarter": "2022-03 (Q1)",
      "signal": "GROSS MARGIN INFLECTION",
      "detail": "GM: +24.8% -> +3.8% -> +15.1% (reversal +11.3%)",
      "severity": "HIGH"
    },
    {
      "quarter": "2022-03 (Q1)",
      "signal": "YoY REVENUE GROWTH ACCELERATION",
      "detail": "YoY growth: +79.8% vs prior quarter YoY: +57.9% (accel: +21.9%)",
      "severity": "HIGH"
    },
    {
      "quarter": "2021-12 (Q4)",
      "signal": "FCF MARGIN EXPANSION",
      "detail": "FCF margin: -435.0% -> -406.6% (+28.4%)",
      "severity": "MEDIUM"
    },
    {
      "quarter": "2021-06 (Q2)",
      "signal": "FCF MARGIN EXPANSION",
      "detail": "FCF margin: -439.6% -> -323.4% (+116.2%)",
      "severity": "MEDIUM"
    }
  ],
  "data_quality": {
    "n_quarters": 20,
    "coverage": {
      "revenue": [
        20,
        20
      ],
      "gross_profit": [
        20,
        20
      ],
      "op_income": [
        20,
        20
      ],
      "fcf": [
        20,
        20
      ]
    },
    "gaps": [],
    "warnings": []
  },
  "market_cap": null,
  "source": "SEC EDGAR",
  "last_updated": "2026-02-03T00:04:10.245431"
}