{
  "ticker": "BOOM",
  "name": "DMC Global Inc.",
  "sector": "Industrials",
  "industry": "Conglomerates",
  "quarters": [
    {
      "date": "2021-03-31T00:00:00",
      "quarter_label": "2021-03 (Q1)",
      "revenue": 55658000,
      "gross_profit": 12913000,
      "operating_income": -710000,
      "net_income": 432000,
      "opex": 13623000,
      "cogs": 42745000,
      "rd": null,
      "sga": null,
      "fcf": 811000,
      "ocf": 2176000,
      "capex": -1365000,
      "gross_margin": 0.23200618060296813,
      "op_margin": -0.012756477056308167,
      "fcf_margin": 0.014571130834740738
    },
    {
      "date": "2021-06-30T00:00:00",
      "quarter_label": "2021-06 (Q2)",
      "revenue": 65438000,
      "gross_profit": 16971000,
      "operating_income": 2668000,
      "net_income": 1724000,
      "opex": 14303000,
      "cogs": 48467000,
      "rd": null,
      "sga": null,
      "fcf": -10084000,
      "ocf": -8197000,
      "capex": -1887000,
      "gross_margin": 0.25934472324948804,
      "op_margin": 0.04077141721935267,
      "fcf_margin": -0.15410006418289068,
      "op_leverage_ratio": 3.5202629292760617,
      "fcf_margin_change": -0.16867119501763142
    },
    {
      "date": "2021-09-30T00:00:00",
      "quarter_label": "2021-09 (Q3)",
      "revenue": 67175000,
      "gross_profit": 16662000,
      "operating_income": 1137000,
      "net_income": 403000,
      "opex": 15525000,
      "cogs": 50513000,
      "rd": null,
      "sga": null,
      "fcf": 1019000,
      "ocf": 4115000,
      "capex": -3096000,
      "gross_margin": 0.24803870487532564,
      "op_margin": 0.016925939709713435,
      "fcf_margin": 0.015169333829549684,
      "op_leverage_ratio": 0.31068889736034794,
      "fcf_margin_change": 0.16926939801244037
    },
    {
      "date": "2021-12-31T00:00:00",
      "quarter_label": "2021-12 (Q4)",
      "revenue": 71844000,
      "gross_profit": 12934000,
      "operating_income": -5497000,
      "net_income": -2761000,
      "opex": 18431000,
      "cogs": 58910000,
      "rd": null,
      "sga": null,
      "fcf": -13217000,
      "ocf": -10906000,
      "capex": -2311000,
      "gross_margin": 0.18002895161739324,
      "op_margin": -0.07651300038973331,
      "fcf_margin": -0.18396804186849283,
      "op_leverage_ratio": 0.37132329681976717,
      "fcf_margin_change": -0.19913737569804252
    },
    {
      "date": "2022-03-31T00:00:00",
      "quarter_label": "2022-03 (Q1)",
      "revenue": 138716000,
      "gross_profit": 36906000,
      "operating_income": -3910000,
      "net_income": -3288000,
      "opex": 40816000,
      "cogs": 101810000,
      "rd": null,
      "sga": null,
      "fcf": -6120000,
      "ocf": -4584000,
      "capex": -1536000,
      "gross_margin": 0.26605438449782287,
      "op_margin": -0.02818708728625393,
      "fcf_margin": -0.044118919230658325,
      "incr_op_margin_yoy": -0.038527294179970625,
      "rev_growth_yoy": 1.492292213158935,
      "op_leverage_ratio": 0.7663825514684193,
      "fcf_margin_change": 0.1398491226378345
    },
    {
      "date": "2022-06-30T00:00:00",
      "quarter_label": "2022-06 (Q2)",
      "revenue": 165831000,
      "gross_profit": 52099000,
      "operating_income": 9932000,
      "net_income": 5552000,
      "opex": 42167000,
      "cogs": 113732000,
      "rd": null,
      "sga": null,
      "fcf": 2337000,
      "ocf": 7120000,
      "capex": -4783000,
      "gross_margin": 0.3141692445923862,
      "op_margin": 0.0598922999921607,
      "fcf_margin": 0.014092660600249652,
      "incr_op_margin_yoy": 0.07235564232566015,
      "rev_growth_yoy": 1.5341697484641952,
      "rev_growth_yoy_accel": 0.04187753530526028,
      "op_leverage_ratio": 5.905519990692259,
      "fcf_margin_change": 0.05821157983090798
    },
    {
      "date": "2022-09-30T00:00:00",
      "quarter_label": "2022-09 (Q3)",
      "revenue": 174465000,
      "gross_profit": 51338000,
      "operating_income": 13401000,
      "net_income": 6717000,
      "opex": 37937000,
      "cogs": 123127000,
      "rd": null,
      "sga": null,
      "fcf": 16841000,
      "ocf": 21799000,
      "capex": -4958000,
      "gross_margin": 0.2942595936147651,
      "op_margin": 0.07681196801650761,
      "fcf_margin": 0.09652938984896685,
      "incr_op_margin_yoy": 0.11430701836145027,
      "rev_growth_yoy": 1.597171566803126,
      "rev_growth_yoy_accel": 0.06300181833893093,
      "op_leverage_ratio": null,
      "fcf_margin_change": 0.0824367292487172
    },
    {
      "date": "2022-12-31T00:00:00",
      "quarter_label": "2022-12 (Q4)",
      "revenue": 175074000,
      "gross_profit": 45104000,
      "operating_income": 10567000,
      "net_income": 3266000,
      "opex": 34537000,
      "cogs": 129970000,
      "rd": null,
      "sga": null,
      "fcf": 13294000,
      "ocf": 20601000,
      "capex": -7307000,
      "gross_margin": 0.2576282029313319,
      "op_margin": 0.0603573346127923,
      "fcf_margin": 0.0759336052183648,
      "incr_op_margin_yoy": 0.15561367819432337,
      "rev_growth_yoy": 1.4368632036078168,
      "rev_growth_yoy_accel": -0.16030836319530928,
      "fcf_margin_change": -0.02059578463060205
    },
    {
      "date": "2023-03-31T00:00:00",
      "quarter_label": "2023-03 (Q1)",
      "revenue": 184341000,
      "gross_profit": 52211000,
      "operating_income": 7220000,
      "net_income": 909000,
      "opex": 44991000,
      "cogs": 132130000,
      "rd": null,
      "sga": null,
      "fcf": 4839000,
      "ocf": 7065000,
      "capex": -2226000,
      "gross_margin": 0.2832305347155543,
      "op_margin": 0.03916654461026033,
      "fcf_margin": 0.026250264455547057,
      "incr_op_margin_yoy": 0.24394520547945206,
      "rev_growth_yoy": 0.32890942645405,
      "rev_growth_yoy_accel": -1.1079537771537669,
      "op_leverage_ratio": 0.174871736819199,
      "fcf_margin_change": -0.049683340762817746
    },
    {
      "date": "2023-06-30T00:00:00",
      "quarter_label": "2023-06 (Q2)",
      "revenue": 188664000,
      "gross_profit": 61890000,
      "operating_income": 26997000,
      "net_income": 13703000,
      "opex": 34893000,
      "cogs": 126774000,
      "rd": null,
      "sga": null,
      "fcf": 8583000,
      "ocf": 11479000,
      "capex": -2896000,
      "gross_margin": 0.328043505915278,
      "op_margin": 0.14309566212950006,
      "fcf_margin": 0.04549357588093118,
      "incr_op_margin_yoy": 0.747383173476985,
      "rev_growth_yoy": 0.13768836948459576,
      "rev_growth_yoy_accel": -0.19122105696945427,
      "op_leverage_ratio": null,
      "fcf_margin_change": 0.01924331142538412
    },
    {
      "date": "2023-09-30T00:00:00",
      "quarter_label": "2023-09 (Q3)",
      "revenue": 172147000,
      "gross_profit": 52597000,
      "operating_income": 17702000,
      "net_income": 8883000,
      "opex": 34895000,
      "cogs": 119550000,
      "rd": null,
      "sga": null,
      "fcf": 21871000,
      "ocf": 24204000,
      "capex": -2333000,
      "gross_margin": 0.3055353854554538,
      "op_margin": 0.10283072025652494,
      "fcf_margin": 0.127048394685937,
      "incr_op_margin_yoy": -1.855478861087144,
      "rev_growth_yoy": -0.013286332502221075,
      "rev_growth_yoy_accel": -0.15097470198681684,
      "fcf_margin_change": 0.08155481880500584
    },
    {
      "date": "2023-12-31T00:00:00",
      "quarter_label": "2023-12 (Q4)",
      "revenue": 174036000,
      "gross_profit": 45354000,
      "operating_income": 9258000,
      "net_income": 2764000,
      "opex": 36096000,
      "cogs": 128682000,
      "rd": null,
      "sga": null,
      "fcf": 14660000,
      "ocf": 23179000,
      "capex": -8519000,
      "gross_margin": 0.2606012549127767,
      "op_margin": 0.05319589050541267,
      "fcf_margin": 0.08423544554000321,
      "incr_op_margin_yoy": 1.2610789980732178,
      "rev_growth_yoy": -0.005928921484629357,
      "rev_growth_yoy_accel": 0.007357411017591718,
      "op_leverage_ratio": 0.3188252394344517,
      "fcf_margin_change": -0.042812949145933796
    },
    {
      "date": "2024-03-31T00:00:00",
      "quarter_label": "2024-03 (Q1)",
      "revenue": 166869000,
      "gross_profit": 42352000,
      "operating_income": 6688000,
      "net_income": 2563000,
      "opex": 35664000,
      "cogs": 124517000,
      "rd": null,
      "sga": null,
      "fcf": 10472000,
      "ocf": 13440000,
      "capex": -2968000,
      "gross_margin": 0.2538038820871462,
      "op_margin": 0.040079343676776395,
      "fcf_margin": 0.0627558144412683,
      "incr_op_margin_yoy": 0.030448717948717948,
      "rev_growth_yoy": -0.09478086806516185,
      "rev_growth_yoy_accel": -0.0888519465805325,
      "fcf_margin_change": -0.021479631098734908
    },
    {
      "date": "2024-06-30T00:00:00",
      "quarter_label": "2024-06 (Q2)",
      "revenue": 171179000,
      "gross_profit": 46413000,
      "operating_income": 11685000,
      "net_income": 4012000,
      "opex": 34728000,
      "cogs": 124766000,
      "rd": null,
      "sga": null,
      "fcf": -204000,
      "ocf": 2343000,
      "capex": -2547000,
      "gross_margin": 0.27113723061824174,
      "op_margin": 0.06826187791726789,
      "fcf_margin": -0.0011917349674901712,
      "incr_op_margin_yoy": 0.8757220474692594,
      "rev_growth_yoy": -0.09267798838146123,
      "rev_growth_yoy_accel": 0.002102879683700626,
      "op_leverage_ratio": null,
      "fcf_margin_change": -0.06394754940875848
    },
    {
      "date": "2024-09-30T00:00:00",
      "quarter_label": "2024-09 (Q3)",
      "revenue": 152429000,
      "gross_profit": 30105000,
      "operating_income": -148935000,
      "net_income": -101323000,
      "opex": 179040000,
      "cogs": 122324000,
      "rd": null,
      "sga": null,
      "fcf": 12917000,
      "ocf": 19002000,
      "capex": -6085000,
      "gross_margin": 0.1975017877175603,
      "op_margin": -0.9770778526395896,
      "fcf_margin": 0.08474109257424768,
      "incr_op_margin_yoy": 8.451009230145045,
      "rev_growth_yoy": -0.11454164173642294,
      "rev_growth_yoy_accel": -0.02186365335496171,
      "fcf_margin_change": 0.08593282754173785
    },
    {
      "date": "2024-12-31T00:00:00",
      "quarter_label": "2024-12 (Q4)",
      "revenue": 152374000,
      "gross_profit": 31699000,
      "operating_income": -696000,
      "net_income": 296000,
      "opex": 32395000,
      "cogs": 120675000,
      "rd": null,
      "sga": null,
      "fcf": 6127000,
      "ocf": 11811000,
      "capex": -5684000,
      "gross_margin": 0.2080341790594196,
      "op_margin": -0.004567708401695827,
      "fcf_margin": 0.040210272093664276,
      "incr_op_margin_yoy": 0.4595143569384175,
      "rev_growth_yoy": -0.12446850076995564,
      "rev_growth_yoy_accel": -0.0099268590335327,
      "fcf_margin_change": -0.044530820480583405
    },
    {
      "date": "2025-03-31T00:00:00",
      "quarter_label": "2025-03 (Q1)",
      "revenue": 159290000,
      "gross_profit": 41199000,
      "operating_income": 6513000,
      "net_income": 677000,
      "opex": 34686000,
      "cogs": 118091000,
      "rd": null,
      "sga": null,
      "fcf": 709000,
      "ocf": 4488000,
      "capex": -3779000,
      "gross_margin": 0.258641471529914,
      "op_margin": 0.040887689120472095,
      "fcf_margin": 0.004451001318350179,
      "incr_op_margin_yoy": 0.02309011742974007,
      "rev_growth_yoy": -0.04541886150213641,
      "rev_growth_yoy_accel": 0.07904963926781923,
      "op_leverage_ratio": 0.641796007717623,
      "fcf_margin_change": -0.0357592707753141
    },
    {
      "date": "2025-06-30T00:00:00",
      "quarter_label": "2025-06 (Q2)",
      "revenue": 155487000,
      "gross_profit": 36731000,
      "operating_income": 3897000,
      "net_income": 116000,
      "opex": 32834000,
      "cogs": 118756000,
      "rd": null,
      "sga": null,
      "fcf": 12325000,
      "ocf": 15246000,
      "capex": -2921000,
      "gross_margin": 0.23623196794587328,
      "op_margin": 0.02506318856238785,
      "fcf_margin": 0.07926707699035933,
      "incr_op_margin_yoy": 0.4963038490950803,
      "rev_growth_yoy": -0.09167012308752825,
      "rev_growth_yoy_accel": -0.04625126158539185,
      "fcf_margin_change": 0.07481607567200915
    },
    {
      "date": "2025-09-30T00:00:00",
      "quarter_label": "2025-09 (Q3)",
      "revenue": 151532000,
      "gross_profit": 32829000,
      "operating_income": 610000,
      "net_income": -3081000,
      "opex": 32219000,
      "cogs": 118703000,
      "rd": null,
      "sga": null,
      "fcf": 14363000,
      "ocf": 18606000,
      "capex": -4243000,
      "gross_margin": 0.2166473088192593,
      "op_margin": 0.0040255523585777265,
      "fcf_margin": 0.09478525987910144,
      "rev_growth_yoy": -0.005884706978330895,
      "rev_growth_yoy_accel": 0.08578541610919736,
      "fcf_margin_change": 0.015518182888742113
    },
    {
      "date": "2025-12-31T00:00:00",
      "quarter_label": "2025-12 (Q4)",
      "revenue": 143531000,
      "gross_profit": 24494000,
      "operating_income": -11130000,
      "net_income": -11164000,
      "opex": 35624000,
      "cogs": 119037000,
      "rd": null,
      "sga": null,
      "fcf": 9634000,
      "ocf": 15194000,
      "capex": -5560000,
      "gross_margin": 0.17065302965909804,
      "op_margin": -0.07754422389588311,
      "fcf_margin": 0.06712138841086594,
      "incr_op_margin_yoy": 1.1799163179916319,
      "rev_growth_yoy": -0.05803483533936236,
      "rev_growth_yoy_accel": -0.05215012836103146,
      "fcf_margin_change": -0.0276638714682355
    }
  ],
  "signals": [
    {
      "quarter": "2025-12 (Q4)",
      "signal": "YoY REVENUE GROWTH DECELERATION",
      "detail": "YoY growth: -5.8% vs prior quarter YoY: -0.6% (decel: -5.2%)",
      "severity": "WARNING"
    },
    {
      "quarter": "2025-09 (Q3)",
      "signal": "YoY REVENUE GROWTH ACCELERATION",
      "detail": "YoY growth: -0.6% vs prior quarter YoY: -9.2% (accel: +8.6%)",
      "severity": "MEDIUM"
    },
    {
      "quarter": "2025-09 (Q3)",
      "signal": "OP MARGIN TURNED POSITIVE (YoY)",
      "detail": "Op margin: -97.7% (year-ago) -> +0.4%",
      "severity": "HIGH"
    },
    {
      "quarter": "2025-06 (Q2)",
      "signal": "FCF MARGIN EXPANSION",
      "detail": "FCF margin: +0.4% -> +7.9% (+7.5%)",
      "severity": "MEDIUM"
    },
    {
      "quarter": "2025-06 (Q2)",
      "signal": "INCREMENTAL MARGIN (YoY)",
      "detail": "YoY Incr OPM: +49.6% vs year-ago OPM: +6.8%",
      "severity": "HIGH"
    },
    {
      "quarter": "2025-03 (Q1)",
      "signal": "YoY REVENUE GROWTH ACCELERATION",
      "detail": "YoY growth: -4.5% vs prior quarter YoY: -12.4% (accel: +7.9%)",
      "severity": "MEDIUM"
    },
    {
      "quarter": "2025-03 (Q1)",
      "signal": "OP MARGIN TURNED POSITIVE (QoQ)",
      "detail": "Op margin: -0.5% -> +4.1%",
      "severity": "HIGH"
    },
    {
      "quarter": "2024-09 (Q3)",
      "signal": "FCF TURNED POSITIVE",
      "detail": "FCF margin: -0.1% -> +8.5%",
      "severity": "HIGH"
    },
    {
      "quarter": "2024-06 (Q2)",
      "signal": "INCREMENTAL MARGIN (YoY)",
      "detail": "YoY Incr OPM: +87.6% vs year-ago OPM: +14.3%",
      "severity": "HIGH"
    },
    {
      "quarter": "2024-03 (Q1)",
      "signal": "YoY REVENUE GROWTH DECELERATION",
      "detail": "YoY growth: -9.5% vs prior quarter YoY: -0.6% (decel: -8.9%)",
      "severity": "WARNING"
    },
    {
      "quarter": "2023-12 (Q4)",
      "signal": "INCREMENTAL MARGIN (YoY)",
      "detail": "YoY Incr OPM: +126.1% vs year-ago OPM: +6.0%",
      "severity": "HIGH"
    },
    {
      "quarter": "2023-09 (Q3)",
      "signal": "FCF MARGIN EXPANSION",
      "detail": "FCF margin: +4.5% -> +12.7% (+8.2%)",
      "severity": "MEDIUM"
    },
    {
      "quarter": "2023-09 (Q3)",
      "signal": "YoY REVENUE GROWTH DECELERATION",
      "detail": "YoY growth: -1.3% vs prior quarter YoY: +13.8% (decel: -15.1%)",
      "severity": "WARNING"
    },
    {
      "quarter": "2023-06 (Q2)",
      "signal": "YoY REVENUE GROWTH DECELERATION",
      "detail": "YoY growth: +13.8% vs prior quarter YoY: +32.9% (decel: -19.1%)",
      "severity": "WARNING"
    },
    {
      "quarter": "2023-06 (Q2)",
      "signal": "INCREMENTAL MARGIN (YoY)",
      "detail": "YoY Incr OPM: +74.7% vs year-ago OPM: +6.0%",
      "severity": "HIGH"
    },
    {
      "quarter": "2023-03 (Q1)",
      "signal": "GROSS MARGIN INFLECTION",
      "detail": "GM: +29.4% -> +25.8% -> +28.3% (reversal +2.6%)",
      "severity": "MEDIUM"
    },
    {
      "quarter": "2023-03 (Q1)",
      "signal": "YoY REVENUE GROWTH DECELERATION",
      "detail": "YoY growth: +32.9% vs prior quarter YoY: +143.7% (decel: -110.8%)",
      "severity": "WARNING"
    },
    {
      "quarter": "2023-03 (Q1)",
      "signal": "OP MARGIN TURNED POSITIVE (YoY)",
      "detail": "Op margin: -2.8% (year-ago) -> +3.9%",
      "severity": "HIGH"
    },
    {
      "quarter": "2022-12 (Q4)",
      "signal": "YoY REVENUE GROWTH DECELERATION",
      "detail": "YoY growth: +143.7% vs prior quarter YoY: +159.7% (decel: -16.0%)",
      "severity": "WARNING"
    },
    {
      "quarter": "2022-12 (Q4)",
      "signal": "OP MARGIN TURNED POSITIVE (YoY)",
      "detail": "Op margin: -7.7% (year-ago) -> +6.0%",
      "severity": "HIGH"
    },
    {
      "quarter": "2022-09 (Q3)",
      "signal": "FCF MARGIN EXPANSION",
      "detail": "FCF margin: +1.4% -> +9.7% (+8.2%)",
      "severity": "MEDIUM"
    },
    {
      "quarter": "2022-09 (Q3)",
      "signal": "YoY REVENUE GROWTH ACCELERATION",
      "detail": "YoY growth: +159.7% vs prior quarter YoY: +153.4% (accel: +6.3%)",
      "severity": "MEDIUM"
    },
    {
      "quarter": "2022-06 (Q2)",
      "signal": "FCF TURNED POSITIVE",
      "detail": "FCF margin: -4.4% -> +1.4%",
      "severity": "HIGH"
    },
    {
      "quarter": "2022-06 (Q2)",
      "signal": "OPERATING LEVERAGE",
      "detail": "Rev growth +19.5% vs OpEx growth +3.3% (leverage: 5.9x)",
      "severity": "MEDIUM"
    },
    {
      "quarter": "2022-06 (Q2)",
      "signal": "OP MARGIN TURNED POSITIVE (QoQ)",
      "detail": "Op margin: -2.8% -> +6.0%",
      "severity": "HIGH"
    },
    {
      "quarter": "2022-03 (Q1)",
      "signal": "FCF MARGIN EXPANSION",
      "detail": "FCF margin: -18.4% -> -4.4% (+14.0%)",
      "severity": "MEDIUM"
    },
    {
      "quarter": "2022-03 (Q1)",
      "signal": "GROSS MARGIN INFLECTION",
      "detail": "GM: +24.8% -> +18.0% -> +26.6% (reversal +8.6%)",
      "severity": "HIGH"
    },
    {
      "quarter": "2021-09 (Q3)",
      "signal": "FCF TURNED POSITIVE",
      "detail": "FCF margin: -15.4% -> +1.5%",
      "severity": "HIGH"
    },
    {
      "quarter": "2021-06 (Q2)",
      "signal": "OPERATING LEVERAGE",
      "detail": "Rev growth +17.6% vs OpEx growth +5.0% (leverage: 3.5x)",
      "severity": "MEDIUM"
    },
    {
      "quarter": "2021-06 (Q2)",
      "signal": "OP MARGIN TURNED POSITIVE (QoQ)",
      "detail": "Op margin: -1.3% -> +4.1%",
      "severity": "HIGH"
    }
  ],
  "data_quality": {
    "n_quarters": 20,
    "coverage": {
      "revenue": [
        20,
        20
      ],
      "gross_profit": [
        20,
        20
      ],
      "op_income": [
        20,
        20
      ],
      "fcf": [
        20,
        20
      ]
    },
    "gaps": [],
    "warnings": []
  },
  "market_cap": null,
  "source": "SEC EDGAR",
  "last_updated": "2026-02-24T10:06:06.434117"
}