{
  "ticker": "BOOT",
  "name": "Boot Barn Holdings, Inc.",
  "quarters": [
    {
      "date": "2020-12-26T00:00:00",
      "quarter_label": "2020-12 (Q4)",
      "revenue": 302338000,
      "gross_profit": 106809000,
      "operating_income": 41626000,
      "net_income": 29566000,
      "opex": 65183000,
      "cogs": 195529000,
      "rd": null,
      "sga": 65183000,
      "fcf": 107086000,
      "ocf": 112713000,
      "capex": -5627000,
      "gross_margin": 0.35327679616852664,
      "op_margin": 0.13768034451507916,
      "fcf_margin": 0.35419298930336246
    },
    {
      "date": "2021-03-27T00:00:00",
      "quarter_label": "2021-03 (Q1)",
      "revenue": 258872000,
      "gross_profit": 92379000,
      "operating_income": 32860000,
      "net_income": 24552000,
      "opex": 59519000,
      "cogs": 166493000,
      "rd": null,
      "sga": 59519000,
      "fcf": -8598000,
      "ocf": -682000,
      "capex": -7916000,
      "gross_margin": 0.35685203498253965,
      "op_margin": 0.12693531938564231,
      "fcf_margin": -0.03321332550449643,
      "fcf_margin_change": -0.3874063148078589
    },
    {
      "date": "2021-06-26T00:00:00",
      "quarter_label": "2021-06 (Q2)",
      "revenue": 306327000,
      "gross_profit": 116427000,
      "operating_income": 53643000,
      "net_income": 40645000,
      "opex": 62784000,
      "cogs": 189900000,
      "rd": null,
      "sga": 62784000,
      "fcf": 37034000,
      "ocf": 46328000,
      "capex": -9294000,
      "gross_margin": 0.3800742343965762,
      "op_margin": 0.17511678696295135,
      "fcf_margin": 0.12089694999134912,
      "op_leverage_ratio": 3.3417144681931887,
      "fcf_margin_change": 0.15411027549584555
    },
    {
      "date": "2021-09-25T00:00:00",
      "quarter_label": "2021-09 (Q3)",
      "revenue": 312717000,
      "gross_profit": 118151000,
      "operating_income": 50114000,
      "net_income": 37861000,
      "opex": 68037000,
      "cogs": 194566000,
      "rd": null,
      "sga": 68037000,
      "fcf": -10657000,
      "ocf": 2300000,
      "capex": -12957000,
      "gross_margin": 0.37782084120786524,
      "op_margin": 0.16025351995574275,
      "fcf_margin": -0.03407873572591193,
      "op_leverage_ratio": 0.24932002457659677,
      "fcf_margin_change": -0.15497568571726106
    },
    {
      "date": "2021-12-25T00:00:00",
      "quarter_label": "2021-12 (Q4)",
      "revenue": 485904000,
      "gross_profit": 191659000,
      "operating_income": 92192000,
      "net_income": 69231000,
      "opex": 99467000,
      "cogs": 294245000,
      "rd": null,
      "sga": 99467000,
      "fcf": 124430000,
      "ocf": 141928000,
      "capex": -17498000,
      "gross_margin": 0.39443799598274554,
      "op_margin": 0.18973295136487867,
      "fcf_margin": 0.2560793901676051,
      "incr_op_margin_yoy": 0.2754649553838946,
      "rev_growth_yoy": 0.6071549060984726,
      "op_leverage_ratio": 1.198849241670103,
      "fcf_margin_change": 0.290158125893517
    },
    {
      "date": "2022-03-26T00:00:00",
      "quarter_label": "2022-03 (Q1)",
      "revenue": 383308000,
      "gross_profit": 148836000,
      "operating_income": 62389000,
      "net_income": 44713000,
      "opex": 86447000,
      "cogs": 234472000,
      "rd": null,
      "sga": 86447000,
      "fcf": -122386000,
      "ocf": -101692000,
      "capex": -20694000,
      "gross_margin": 0.3882934872217642,
      "op_margin": 0.1627646696651257,
      "fcf_margin": -0.3192889269203878,
      "incr_op_margin_yoy": 0.23730270982673823,
      "rev_growth_yoy": 0.4806854352730307,
      "rev_growth_yoy_accel": -0.12646947082544185,
      "fcf_margin_change": -0.5753683170879929
    },
    {
      "date": "2022-06-25T00:00:00",
      "quarter_label": "2022-06 (Q2)",
      "revenue": 365856000,
      "gross_profit": 137830000,
      "operating_income": 52425000,
      "net_income": 39318000,
      "opex": 85405000,
      "cogs": 228026000,
      "rd": null,
      "sga": 85405000,
      "fcf": -46603000,
      "ocf": -25768000,
      "capex": -20835000,
      "gross_margin": 0.376732922242631,
      "op_margin": 0.14329408291786933,
      "fcf_margin": -0.1273807180967375,
      "incr_op_margin_yoy": -0.02046061583429925,
      "rev_growth_yoy": 0.1943315476598537,
      "rev_growth_yoy_accel": -0.28635388761317704,
      "fcf_margin_change": 0.19190820882365028
    },
    {
      "date": "2022-09-24T00:00:00",
      "quarter_label": "2022-09 (Q3)",
      "revenue": 351545000,
      "gross_profit": 129096000,
      "operating_income": 44150000,
      "net_income": 32054000,
      "opex": 84946000,
      "cogs": 222449000,
      "rd": null,
      "sga": 84946000,
      "fcf": -67993000,
      "ocf": -36369000,
      "capex": -31624000,
      "gross_margin": 0.3672246796284971,
      "op_margin": 0.12558847373735937,
      "fcf_margin": -0.19341193872761667,
      "incr_op_margin_yoy": -0.15360049448851346,
      "rev_growth_yoy": 0.12416338094826952,
      "rev_growth_yoy_accel": -0.07016816671158417,
      "fcf_margin_change": -0.06603122063087916
    },
    {
      "date": "2022-12-24T00:00:00",
      "quarter_label": "2022-12 (Q4)",
      "revenue": 514553000,
      "gross_profit": 187814000,
      "operating_income": 72496000,
      "net_income": 52772000,
      "opex": 115318000,
      "cogs": 326739000,
      "rd": null,
      "sga": 115318000,
      "fcf": 118590000,
      "ocf": 149187000,
      "capex": -30597000,
      "gross_margin": 0.36500418810112856,
      "op_margin": 0.14089122014641836,
      "fcf_margin": 0.23047188530627555,
      "incr_op_margin_yoy": -0.6874934552689448,
      "rev_growth_yoy": 0.05896020613125227,
      "rev_growth_yoy_accel": -0.06520317481701726,
      "op_leverage_ratio": 1.296873259907236,
      "fcf_margin_change": 0.42388382403389224
    },
    {
      "date": "2023-04-01T00:00:00",
      "quarter_label": "2023-04 (Q2)",
      "revenue": 425661000,
      "gross_profit": 155832000,
      "operating_income": 62716000,
      "net_income": 46409000,
      "opex": 93116000,
      "cogs": 269829000,
      "rd": null,
      "sga": 93116000,
      "fcf": -39641000,
      "ocf": 1837000,
      "capex": -41478000,
      "gross_margin": 0.3660941453410108,
      "op_margin": 0.14733790504650415,
      "fcf_margin": -0.09312809959098907,
      "incr_op_margin_yoy": 0.007720822609968597,
      "rev_growth_yoy": 0.110493389128325,
      "rev_growth_yoy_accel": 0.051533182997072734,
      "fcf_margin_change": -0.3235999848972646
    },
    {
      "date": "2023-07-01T00:00:00",
      "quarter_label": "2023-07 (Q3)",
      "revenue": 383695000,
      "gross_profit": 141963000,
      "operating_income": 46245000,
      "net_income": 34253000,
      "opex": 95718000,
      "cogs": 241732000,
      "rd": null,
      "sga": 95718000,
      "fcf": 40907000,
      "ocf": 70802000,
      "capex": -29895000,
      "gross_margin": 0.3699891841175934,
      "op_margin": 0.1205254173236555,
      "fcf_margin": 0.10661332568837227,
      "incr_op_margin_yoy": -0.3464319748864847,
      "rev_growth_yoy": 0.048759621271757196,
      "rev_growth_yoy_accel": -0.061733767856567805,
      "fcf_margin_change": 0.19974142527936134
    },
    {
      "date": "2023-09-30T00:00:00",
      "quarter_label": "2023-09 (Q3)",
      "revenue": 374456000,
      "gross_profit": 133916000,
      "operating_income": 38578000,
      "net_income": 27680000,
      "opex": 95338000,
      "cogs": 240540000,
      "rd": null,
      "sga": 95338000,
      "fcf": 39866000,
      "ocf": 74658000,
      "capex": -34792000,
      "gross_margin": 0.35762813254427755,
      "op_margin": 0.10302412032388318,
      "fcf_margin": 0.10646377678552353,
      "incr_op_margin_yoy": -0.24320195539260617,
      "rev_growth_yoy": 0.0651723107994709,
      "rev_growth_yoy_accel": 0.016412689527713707,
      "fcf_margin_change": -0.00014954890284873956
    },
    {
      "date": "2023-12-30T00:00:00",
      "quarter_label": "2023-12 (Q4)",
      "revenue": 520399000,
      "gross_profit": 199107000,
      "operating_income": 75147000,
      "net_income": 55624000,
      "opex": 123960000,
      "cogs": 321292000,
      "rd": null,
      "sga": 123960000,
      "fcf": 68389000,
      "ocf": 94999000,
      "capex": -26610000,
      "gross_margin": 0.3826045015459292,
      "op_margin": 0.1444026602664494,
      "fcf_margin": 0.131416470823349,
      "incr_op_margin_yoy": 0.45347245980157375,
      "rev_growth_yoy": 0.011361317493047363,
      "rev_growth_yoy_accel": -0.05381099330642354,
      "op_leverage_ratio": 1.2982207167731472,
      "fcf_margin_change": 0.024952694037825476
    },
    {
      "date": "2024-03-30T00:00:00",
      "quarter_label": "2024-03 (Q1)",
      "revenue": 388459000,
      "gross_profit": 139438000,
      "operating_income": 38244000,
      "net_income": 29439000,
      "opex": 101194000,
      "cogs": 249021000,
      "rd": null,
      "sga": 101194000,
      "fcf": -31864000,
      "ocf": -4379000,
      "capex": -27485000,
      "gross_margin": 0.35895165255535333,
      "op_margin": 0.09845054433028969,
      "fcf_margin": -0.082026674629755,
      "incr_op_margin_yoy": 0.6578140960163432,
      "rev_growth_yoy": -0.08739818775974308,
      "rev_growth_yoy_accel": -0.09875950525279044,
      "fcf_margin_change": -0.213443145453104
    },
    {
      "date": "2024-06-29T00:00:00",
      "quarter_label": "2024-06 (Q2)",
      "revenue": 423386000,
      "gross_profit": 156749000,
      "operating_income": 50222000,
      "net_income": 38909000,
      "opex": 106527000,
      "cogs": 266637000,
      "rd": null,
      "sga": 106527000,
      "fcf": 14245000,
      "ocf": 41311000,
      "capex": -27066000,
      "gross_margin": 0.3702271685884748,
      "op_margin": 0.11861988823437714,
      "fcf_margin": 0.03364542049099403,
      "incr_op_margin_yoy": 0.1001990375651911,
      "rev_growth_yoy": 0.10344414183140255,
      "rev_growth_yoy_accel": 0.1908423295911456,
      "op_leverage_ratio": 1.7060795437796359,
      "fcf_margin_change": 0.11567209512074904
    },
    {
      "date": "2024-09-28T00:00:00",
      "quarter_label": "2024-09 (Q3)",
      "revenue": 425799000,
      "gross_profit": 152858000,
      "operating_income": 39979000,
      "net_income": 29428000,
      "opex": 112879000,
      "cogs": 272941000,
      "rd": null,
      "sga": 112879000,
      "fcf": -46106000,
      "ocf": -7769000,
      "capex": -38337000,
      "gross_margin": 0.35899097931183493,
      "op_margin": 0.09389171886265585,
      "fcf_margin": -0.10828113734414595,
      "incr_op_margin_yoy": 0.02728706931811542,
      "rev_growth_yoy": 0.13711357275621167,
      "rev_growth_yoy_accel": 0.03366943092480912,
      "fcf_margin_change": -0.14192655783513997
    },
    {
      "date": "2024-12-28T00:00:00",
      "quarter_label": "2024-12 (Q4)",
      "revenue": 608170000,
      "gross_profit": 238869000,
      "operating_income": 99464000,
      "net_income": 75066000,
      "opex": 139405000,
      "cogs": 369301000,
      "rd": null,
      "sga": 139405000,
      "fcf": 114187000,
      "ocf": 157145000,
      "capex": -42958000,
      "gross_margin": 0.39276682506536004,
      "op_margin": 0.1635463768354243,
      "fcf_margin": 0.18775506848414095,
      "incr_op_margin_yoy": 0.27705050643150925,
      "rev_growth_yoy": 0.16866096975589884,
      "rev_growth_yoy_accel": 0.03154739699968717,
      "op_leverage_ratio": 1.8226048868045401,
      "fcf_margin_change": 0.2960362058282869
    },
    {
      "date": "2025-03-29T00:00:00",
      "quarter_label": "2025-03 (Q1)",
      "revenue": 453749000,
      "gross_profit": 168562000,
      "operating_income": 49687000,
      "net_income": 37539000,
      "opex": 118875000,
      "cogs": 285187000,
      "rd": null,
      "sga": 118875000,
      "fcf": -83079000,
      "ocf": -43147000,
      "capex": -39932000,
      "gross_margin": 0.3714873200822481,
      "op_margin": 0.10950327163255456,
      "fcf_margin": -0.18309461839034355,
      "incr_op_margin_yoy": 0.17526420585081942,
      "rev_growth_yoy": 0.1680743656344685,
      "rev_growth_yoy_accel": -0.0005866041214303286,
      "fcf_margin_change": -0.3708496868744845
    },
    {
      "date": "2025-06-28T00:00:00",
      "quarter_label": "2025-06 (Q2)",
      "revenue": 504067000,
      "gross_profit": 197221000,
      "operating_income": 70720000,
      "net_income": 53408000,
      "opex": 126501000,
      "cogs": 306846000,
      "rd": null,
      "sga": 126501000,
      "fcf": 42388000,
      "ocf": 73850000,
      "capex": -31462000,
      "gross_margin": 0.39125949526551035,
      "op_margin": 0.14029880948365991,
      "fcf_margin": 0.08409199570691991,
      "incr_op_margin_yoy": 0.2540622947162281,
      "rev_growth_yoy": 0.19056133173983078,
      "rev_growth_yoy_accel": 0.02248696610536227,
      "op_leverage_ratio": 1.7286275045753579,
      "fcf_margin_change": 0.26718661409726346
    },
    {
      "date": "2025-09-27T00:00:00",
      "quarter_label": "2025-09 (Q3)",
      "revenue": 505396000,
      "gross_profit": 184149000,
      "operating_income": 56423000,
      "net_income": 42222000,
      "opex": 127726000,
      "cogs": 321247000,
      "rd": null,
      "sga": 127726000,
      "fcf": -17495000,
      "ocf": 25735000,
      "capex": -43230000,
      "gross_margin": 0.3643657646677061,
      "op_margin": 0.11164116850944605,
      "fcf_margin": -0.03461641959968025,
      "incr_op_margin_yoy": 0.2065907006545473,
      "rev_growth_yoy": 0.186935619858196,
      "rev_growth_yoy_accel": -0.003625711881634769,
      "fcf_margin_change": -0.11870841530660017
    }
  ],
  "signals": [
    {
      "quarter": "2025-09 (Q3)",
      "signal": "INCREMENTAL MARGIN (YoY)",
      "detail": "YoY Incr OPM: +20.7% vs year-ago OPM: +9.4%",
      "severity": "MEDIUM"
    },
    {
      "quarter": "2025-06 (Q2)",
      "signal": "FCF TURNED POSITIVE",
      "detail": "FCF margin: -18.3% -> +8.4%",
      "severity": "HIGH"
    },
    {
      "quarter": "2025-06 (Q2)",
      "signal": "OPERATING LEVERAGE",
      "detail": "Rev growth +11.1% vs OpEx growth +6.4% (leverage: 1.7x)",
      "severity": "MEDIUM"
    },
    {
      "quarter": "2025-06 (Q2)",
      "signal": "INCREMENTAL MARGIN (YoY)",
      "detail": "YoY Incr OPM: +25.4% vs year-ago OPM: +11.9%",
      "severity": "MEDIUM"
    },
    {
      "quarter": "2024-12 (Q4)",
      "signal": "FCF TURNED POSITIVE",
      "detail": "FCF margin: -10.8% -> +18.8%",
      "severity": "HIGH"
    },
    {
      "quarter": "2024-12 (Q4)",
      "signal": "OPERATING LEVERAGE",
      "detail": "Rev growth +42.8% vs OpEx growth +23.5% (leverage: 1.8x)",
      "severity": "MEDIUM"
    },
    {
      "quarter": "2024-12 (Q4)",
      "signal": "GROSS MARGIN INFLECTION",
      "detail": "GM: +37.0% -> +35.9% -> +39.3% (reversal +3.4%)",
      "severity": "MEDIUM"
    },
    {
      "quarter": "2024-12 (Q4)",
      "signal": "INCREMENTAL MARGIN (YoY)",
      "detail": "YoY Incr OPM: +27.7% vs year-ago OPM: +14.4%",
      "severity": "MEDIUM"
    },
    {
      "quarter": "2024-06 (Q2)",
      "signal": "FCF TURNED POSITIVE",
      "detail": "FCF margin: -8.2% -> +3.4%",
      "severity": "HIGH"
    },
    {
      "quarter": "2024-06 (Q2)",
      "signal": "OPERATING LEVERAGE",
      "detail": "Rev growth +9.0% vs OpEx growth +5.3% (leverage: 1.7x)",
      "severity": "MEDIUM"
    },
    {
      "quarter": "2024-06 (Q2)",
      "signal": "YoY REVENUE GROWTH ACCELERATION",
      "detail": "YoY growth: +10.3% vs prior quarter YoY: -8.7% (accel: +19.1%)",
      "severity": "HIGH"
    },
    {
      "quarter": "2024-03 (Q1)",
      "signal": "YoY REVENUE GROWTH DECELERATION",
      "detail": "YoY growth: -8.7% vs prior quarter YoY: +1.1% (decel: -9.9%)",
      "severity": "WARNING"
    },
    {
      "quarter": "2024-03 (Q1)",
      "signal": "INCREMENTAL MARGIN (YoY)",
      "detail": "YoY Incr OPM: +65.8% vs year-ago OPM: +14.7%",
      "severity": "HIGH"
    },
    {
      "quarter": "2023-12 (Q4)",
      "signal": "GROSS MARGIN INFLECTION",
      "detail": "GM: +37.0% -> +35.8% -> +38.3% (reversal +2.5%)",
      "severity": "MEDIUM"
    },
    {
      "quarter": "2023-12 (Q4)",
      "signal": "YoY REVENUE GROWTH DECELERATION",
      "detail": "YoY growth: +1.1% vs prior quarter YoY: +6.5% (decel: -5.4%)",
      "severity": "WARNING"
    },
    {
      "quarter": "2023-12 (Q4)",
      "signal": "INCREMENTAL MARGIN (YoY)",
      "detail": "YoY Incr OPM: +45.3% vs year-ago OPM: +14.1%",
      "severity": "HIGH"
    },
    {
      "quarter": "2023-07 (Q3)",
      "signal": "FCF TURNED POSITIVE",
      "detail": "FCF margin: -9.3% -> +10.7%",
      "severity": "HIGH"
    },
    {
      "quarter": "2023-07 (Q3)",
      "signal": "YoY REVENUE GROWTH DECELERATION",
      "detail": "YoY growth: +4.9% vs prior quarter YoY: +11.0% (decel: -6.2%)",
      "severity": "WARNING"
    },
    {
      "quarter": "2023-04 (Q2)",
      "signal": "YoY REVENUE GROWTH ACCELERATION",
      "detail": "YoY growth: +11.0% vs prior quarter YoY: +5.9% (accel: +5.2%)",
      "severity": "MEDIUM"
    },
    {
      "quarter": "2022-12 (Q4)",
      "signal": "FCF TURNED POSITIVE",
      "detail": "FCF margin: -19.3% -> +23.0%",
      "severity": "HIGH"
    },
    {
      "quarter": "2022-12 (Q4)",
      "signal": "YoY REVENUE GROWTH DECELERATION",
      "detail": "YoY growth: +5.9% vs prior quarter YoY: +12.4% (decel: -6.5%)",
      "severity": "WARNING"
    },
    {
      "quarter": "2022-09 (Q3)",
      "signal": "YoY REVENUE GROWTH DECELERATION",
      "detail": "YoY growth: +12.4% vs prior quarter YoY: +19.4% (decel: -7.0%)",
      "severity": "WARNING"
    },
    {
      "quarter": "2022-06 (Q2)",
      "signal": "FCF MARGIN EXPANSION",
      "detail": "FCF margin: -31.9% -> -12.7% (+19.2%)",
      "severity": "MEDIUM"
    },
    {
      "quarter": "2022-06 (Q2)",
      "signal": "YoY REVENUE GROWTH DECELERATION",
      "detail": "YoY growth: +19.4% vs prior quarter YoY: +48.1% (decel: -28.6%)",
      "severity": "WARNING"
    },
    {
      "quarter": "2022-03 (Q1)",
      "signal": "YoY REVENUE GROWTH DECELERATION",
      "detail": "YoY growth: +48.1% vs prior quarter YoY: +60.7% (decel: -12.6%)",
      "severity": "WARNING"
    },
    {
      "quarter": "2022-03 (Q1)",
      "signal": "INCREMENTAL MARGIN (YoY)",
      "detail": "YoY Incr OPM: +23.7% vs year-ago OPM: +12.7%",
      "severity": "MEDIUM"
    },
    {
      "quarter": "2021-12 (Q4)",
      "signal": "FCF TURNED POSITIVE",
      "detail": "FCF margin: -3.4% -> +25.6%",
      "severity": "HIGH"
    },
    {
      "quarter": "2021-12 (Q4)",
      "signal": "INCREMENTAL MARGIN (YoY)",
      "detail": "YoY Incr OPM: +27.5% vs year-ago OPM: +13.8%",
      "severity": "MEDIUM"
    },
    {
      "quarter": "2021-06 (Q2)",
      "signal": "FCF TURNED POSITIVE",
      "detail": "FCF margin: -3.3% -> +12.1%",
      "severity": "HIGH"
    },
    {
      "quarter": "2021-06 (Q2)",
      "signal": "OPERATING LEVERAGE",
      "detail": "Rev growth +18.3% vs OpEx growth +5.5% (leverage: 3.3x)",
      "severity": "MEDIUM"
    }
  ],
  "data_quality": {
    "n_quarters": 20,
    "coverage": {
      "revenue": [
        20,
        20
      ],
      "gross_profit": [
        20,
        20
      ],
      "op_income": [
        20,
        20
      ],
      "fcf": [
        20,
        20
      ]
    },
    "gaps": [],
    "warnings": []
  },
  "market_cap": null,
  "source": "SEC EDGAR",
  "last_updated": "2026-02-02T20:59:59.800952"
}