{
  "ticker": "BOX",
  "name": "Box, Inc.",
  "quarters": [
    {
      "date": "2021-01-31T00:00:00",
      "quarter_label": "2021-01 (Q1)",
      "revenue": 198913000,
      "gross_profit": 140316000,
      "operating_income": -3278000,
      "net_income": -4943000,
      "opex": 143594000,
      "cogs": 58597000,
      "rd": 48579000,
      "sga": null,
      "fcf": 57540000,
      "ocf": 57540000,
      "capex": null,
      "gross_margin": 0.7054139246806392,
      "op_margin": -0.016479566443621082,
      "fcf_margin": 0.2892721943764359
    },
    {
      "date": "2021-04-30T00:00:00",
      "quarter_label": "2021-04 (Q2)",
      "revenue": 202441000,
      "gross_profit": 141494000,
      "operating_income": -10263000,
      "net_income": -14573000,
      "opex": 151757000,
      "cogs": 60947000,
      "rd": 50859000,
      "sga": null,
      "fcf": 94772000,
      "ocf": 94772000,
      "capex": null,
      "gross_margin": 0.6989394440849432,
      "op_margin": -0.05069625224139379,
      "fcf_margin": 0.46814627471707804,
      "op_leverage_ratio": 0.3119980689313231,
      "fcf_margin_change": 0.17887408034064212
    },
    {
      "date": "2021-07-31T00:00:00",
      "quarter_label": "2021-07 (Q3)",
      "revenue": 214486000,
      "gross_profit": 153698000,
      "operating_income": -6110000,
      "net_income": -8700000,
      "opex": 159808000,
      "cogs": 60788000,
      "rd": 52722000,
      "sga": null,
      "fcf": 44792000,
      "ocf": 44792000,
      "capex": null,
      "gross_margin": 0.7165875628246132,
      "op_margin": -0.028486707757149652,
      "fcf_margin": 0.2088341430209897,
      "op_leverage_ratio": 1.1215205517638467,
      "fcf_margin_change": -0.25931213169608835
    },
    {
      "date": "2021-10-31T00:00:00",
      "quarter_label": "2021-10 (Q4)",
      "revenue": 224044000,
      "gross_profit": 160975000,
      "operating_income": -11087000,
      "net_income": -13861000,
      "opex": 172062000,
      "cogs": 63069000,
      "rd": 55837000,
      "sga": null,
      "fcf": 46083000,
      "ocf": 46083000,
      "capex": null,
      "gross_margin": 0.7184972594668905,
      "op_margin": -0.04948581528628305,
      "fcf_margin": 0.2056872757136991,
      "op_leverage_ratio": 0.5811506347495095,
      "fcf_margin_change": -0.0031468673072906073
    },
    {
      "date": "2022-01-31T00:00:00",
      "quarter_label": "2022-01 (Q1)",
      "revenue": 233361000,
      "gross_profit": 168681000,
      "operating_income": -166000,
      "net_income": -4325000,
      "opex": 168847000,
      "cogs": 64680000,
      "rd": 59105000,
      "sga": null,
      "fcf": 49171000,
      "ocf": 49171000,
      "capex": null,
      "gross_margin": 0.7228328641032563,
      "op_margin": -0.0007113442263274498,
      "fcf_margin": 0.21070787320931947,
      "incr_op_margin_yoy": 0.09033906177426847,
      "rev_growth_yoy": 0.1731812400396153,
      "op_leverage_ratio": Infinity,
      "fcf_margin_change": 0.005020597495620366
    },
    {
      "date": "2022-04-30T00:00:00",
      "quarter_label": "2022-04 (Q2)",
      "revenue": 238432000,
      "gross_profit": 176223000,
      "operating_income": 624000,
      "net_income": -4699000,
      "opex": 175599000,
      "cogs": 62209000,
      "rd": 61733000,
      "sga": null,
      "fcf": 107730000,
      "ocf": 107730000,
      "capex": null,
      "gross_margin": 0.7390912293651859,
      "op_margin": 0.0026170983760569052,
      "fcf_margin": 0.4518269359817474,
      "incr_op_margin_yoy": 0.3024922897391014,
      "rev_growth_yoy": 0.1777851324583459,
      "rev_growth_yoy_accel": 0.004603892418730604,
      "op_leverage_ratio": 0.5434082761314158,
      "fcf_margin_change": 0.24111906277242792
    },
    {
      "date": "2022-07-31T00:00:00",
      "quarter_label": "2022-07 (Q3)",
      "revenue": 246015000,
      "gross_profit": 181172000,
      "operating_income": 3140000,
      "net_income": 1045000,
      "opex": 178032000,
      "cogs": 64843000,
      "rd": 61965000,
      "sga": null,
      "fcf": 28339000,
      "ocf": 28339000,
      "capex": null,
      "gross_margin": 0.7364266406519928,
      "op_margin": 0.012763449383167693,
      "fcf_margin": 0.11519216307948703,
      "incr_op_margin_yoy": 0.29338069713597004,
      "rev_growth_yoy": 0.14699793925943885,
      "rev_growth_yoy_accel": -0.030787193198907048,
      "op_leverage_ratio": 2.295389780226291,
      "fcf_margin_change": -0.33663477290226035
    },
    {
      "date": "2022-10-31T00:00:00",
      "quarter_label": "2022-10 (Q4)",
      "revenue": 249951000,
      "gross_profit": 185461000,
      "operating_income": 13366000,
      "net_income": 9908000,
      "opex": 172095000,
      "cogs": 64490000,
      "rd": 59107000,
      "sga": null,
      "fcf": 69726000,
      "ocf": 69726000,
      "capex": null,
      "gross_margin": 0.7419894299282659,
      "op_margin": 0.05347448099827566,
      "fcf_margin": 0.2789586759004765,
      "incr_op_margin_yoy": 0.9438761724630409,
      "rev_growth_yoy": 0.11563353626966132,
      "rev_growth_yoy_accel": -0.03136440298977754,
      "op_leverage_ratio": Infinity,
      "fcf_margin_change": 0.16376651282098947
    },
    {
      "date": "2023-01-31T00:00:00",
      "quarter_label": "2023-01 (Q1)",
      "revenue": 256476000,
      "gross_profit": 195462000,
      "operating_income": 19710000,
      "net_income": 20529000,
      "opex": 175752000,
      "cogs": 61014000,
      "rd": 60724000,
      "sga": null,
      "fcf": 92187000,
      "ocf": 92187000,
      "capex": null,
      "gross_margin": 0.7621063959200861,
      "op_margin": 0.07684929584054648,
      "fcf_margin": 0.3594371403172227,
      "incr_op_margin_yoy": 0.8598745403417695,
      "rev_growth_yoy": 0.09905254091300603,
      "rev_growth_yoy_accel": -0.01658099535665529,
      "op_leverage_ratio": 1.2284823740137236,
      "fcf_margin_change": 0.08047846441674616
    },
    {
      "date": "2023-04-30T00:00:00",
      "quarter_label": "2023-04 (Q2)",
      "revenue": 251898000,
      "gross_profit": 190247000,
      "operating_income": 8335000,
      "net_income": 8350000,
      "opex": 181912000,
      "cogs": 61651000,
      "rd": 62518000,
      "sga": null,
      "fcf": 121978000,
      "ocf": 124930000,
      "capex": -2952000,
      "gross_margin": 0.7552541107908757,
      "op_margin": 0.03308878990702586,
      "fcf_margin": 0.48423568269696465,
      "incr_op_margin_yoy": 0.5726273577899896,
      "rev_growth_yoy": 0.05647731848074084,
      "rev_growth_yoy_accel": -0.042575222432265185,
      "fcf_margin_change": 0.12479854237974197
    },
    {
      "date": "2023-07-31T00:00:00",
      "quarter_label": "2023-07 (Q3)",
      "revenue": 261428000,
      "gross_profit": 194415000,
      "operating_income": 9875000,
      "net_income": 10791000,
      "opex": 184540000,
      "cogs": 67013000,
      "rd": 63316000,
      "sga": null,
      "fcf": 33628000,
      "ocf": 32676000,
      "capex": 952000,
      "gross_margin": 0.7436655599247212,
      "op_margin": 0.037773306608320456,
      "fcf_margin": 0.12863197515185826,
      "incr_op_margin_yoy": 0.43696879257769417,
      "rev_growth_yoy": 0.06265065138304575,
      "rev_growth_yoy_accel": 0.006173332902304908,
      "op_leverage_ratio": 2.6188110761122863,
      "fcf_margin_change": -0.3556037075451064
    },
    {
      "date": "2023-10-31T00:00:00",
      "quarter_label": "2023-10 (Q4)",
      "revenue": 261537000,
      "gross_profit": 192310000,
      "operating_income": 11379000,
      "net_income": 10656000,
      "opex": 180931000,
      "cogs": 69227000,
      "rd": 61026000,
      "sga": null,
      "fcf": 69321000,
      "ocf": 71782000,
      "capex": -2461000,
      "gross_margin": 0.7353070502452808,
      "op_margin": 0.04350818431044173,
      "fcf_margin": 0.26505236352791384,
      "incr_op_margin_yoy": -0.1715000863110651,
      "rev_growth_yoy": 0.04635308520470012,
      "rev_growth_yoy_accel": -0.01629756617834563,
      "fcf_margin_change": 0.13642038837605558
    },
    {
      "date": "2024-01-31T00:00:00",
      "quarter_label": "2024-01 (Q1)",
      "revenue": 262878000,
      "gross_profit": 200157000,
      "operating_income": 21164000,
      "net_income": 99235000,
      "opex": 178993000,
      "cogs": 62721000,
      "rd": 61907000,
      "sga": null,
      "fcf": 89097000,
      "ocf": 89339000,
      "capex": -242000,
      "gross_margin": 0.7614064318809486,
      "op_margin": 0.08050882919072726,
      "fcf_margin": 0.3389290849747792,
      "incr_op_margin_yoy": 0.22711652608559826,
      "rev_growth_yoy": 0.024961399897066392,
      "rev_growth_yoy_accel": -0.021391685307633728,
      "fcf_margin_change": 0.07387672144686536
    },
    {
      "date": "2024-04-30T00:00:00",
      "quarter_label": "2024-04 (Q2)",
      "revenue": 264658000,
      "gross_profit": 206406000,
      "operating_income": 18007000,
      "net_income": 17222000,
      "opex": 188399000,
      "cogs": 58252000,
      "rd": 62673000,
      "sga": null,
      "fcf": 129928000,
      "ocf": 131204000,
      "capex": -1276000,
      "gross_margin": 0.7798970747152929,
      "op_margin": 0.06803875189867678,
      "fcf_margin": 0.49092791451609247,
      "incr_op_margin_yoy": 0.7579937304075235,
      "rev_growth_yoy": 0.05065542402083383,
      "rev_growth_yoy_accel": 0.02569402412376744,
      "fcf_margin_change": 0.15199882954131327
    },
    {
      "date": "2024-07-31T00:00:00",
      "quarter_label": "2024-07 (Q3)",
      "revenue": 270039000,
      "gross_profit": 214526000,
      "operating_income": 20280000,
      "net_income": 20496000,
      "opex": 194246000,
      "cogs": 55513000,
      "rd": 65445000,
      "sga": null,
      "fcf": 35900000,
      "ocf": 36298000,
      "capex": -398000,
      "gross_margin": 0.7944259903199168,
      "op_margin": 0.07510026329530178,
      "fcf_margin": 0.13294375997541097,
      "incr_op_margin_yoy": 1.2083381721054465,
      "rev_growth_yoy": 0.03293832336245544,
      "rev_growth_yoy_accel": -0.017717100658378393,
      "op_leverage_ratio": 0.6551239327990784,
      "fcf_margin_change": -0.3579841545406815
    },
    {
      "date": "2024-10-31T00:00:00",
      "quarter_label": "2024-10 (Q4)",
      "revenue": 275913000,
      "gross_profit": 220357000,
      "operating_income": 23411000,
      "net_income": 12893000,
      "opex": 196946000,
      "cogs": 55556000,
      "rd": 67865000,
      "sga": null,
      "fcf": 62311000,
      "ocf": 62582000,
      "capex": -271000,
      "gross_margin": 0.7986466748576544,
      "op_margin": 0.08484920971465643,
      "fcf_margin": 0.22583568008756383,
      "incr_op_margin_yoy": 0.8369504730105731,
      "rev_growth_yoy": 0.05496736599410409,
      "rev_growth_yoy_accel": 0.02202904263164865,
      "op_leverage_ratio": 1.5649330816824403,
      "fcf_margin_change": 0.09289192011215286
    },
    {
      "date": "2025-01-31T00:00:00",
      "quarter_label": "2025-01 (Q1)",
      "revenue": 279520000,
      "gross_profit": 220736000,
      "operating_income": 17936000,
      "net_income": 194010000,
      "opex": 202800000,
      "cogs": 58784000,
      "rd": 68870000,
      "sga": null,
      "fcf": 101545000,
      "ocf": 102173000,
      "capex": -628000,
      "gross_margin": 0.7896966227819119,
      "op_margin": 0.06416714367487121,
      "fcf_margin": 0.3632834859759588,
      "incr_op_margin_yoy": -0.1939670712654729,
      "rev_growth_yoy": 0.06330693325420918,
      "rev_growth_yoy_accel": 0.00833956726010509,
      "op_leverage_ratio": 0.43981336808520566,
      "fcf_margin_change": 0.13744780588839495
    },
    {
      "date": "2025-04-30T00:00:00",
      "quarter_label": "2025-04 (Q2)",
      "revenue": 276272000,
      "gross_profit": 215599000,
      "operating_income": 6338000,
      "net_income": 8194000,
      "opex": 209261000,
      "cogs": 60673000,
      "rd": 72301000,
      "sga": null,
      "fcf": 126710000,
      "ocf": 127059000,
      "capex": -349000,
      "gross_margin": 0.7803867203335842,
      "op_margin": 0.022941159437076503,
      "fcf_margin": 0.4586422076793884,
      "incr_op_margin_yoy": -1.0047356638539693,
      "rev_growth_yoy": 0.04388304906709792,
      "rev_growth_yoy_accel": -0.01942388418711126,
      "fcf_margin_change": 0.09535872170342963
    },
    {
      "date": "2025-07-31T00:00:00",
      "quarter_label": "2025-07 (Q3)",
      "revenue": 293999000,
      "gross_profit": 232477000,
      "operating_income": 20578000,
      "net_income": 13445000,
      "opex": 211899000,
      "cogs": 61522000,
      "rd": 71717000,
      "sga": null,
      "fcf": 43894000,
      "ocf": 45964000,
      "capex": -2070000,
      "gross_margin": 0.7907407848326015,
      "op_margin": 0.06999343535182093,
      "fcf_margin": 0.14929982755043383,
      "incr_op_margin_yoy": 0.012437395659432388,
      "rev_growth_yoy": 0.0887279244849818,
      "rev_growth_yoy_accel": 0.04484487541788389,
      "op_leverage_ratio": 5.089930802885668,
      "fcf_margin_change": -0.30934238012895454
    },
    {
      "date": "2025-10-31T00:00:00",
      "quarter_label": "2025-10 (Q4)",
      "revenue": 301107000,
      "gross_profit": 239532000,
      "operating_income": 25063000,
      "net_income": 12065000,
      "opex": 214469000,
      "cogs": 61575000,
      "rd": 73947000,
      "sga": null,
      "fcf": 71311000,
      "ocf": 73044000,
      "capex": -1733000,
      "gross_margin": 0.7955045880700217,
      "op_margin": 0.0832361917856443,
      "fcf_margin": 0.23682943272657228,
      "incr_op_margin_yoy": 0.0655711677383504,
      "rev_growth_yoy": 0.09131139163431952,
      "rev_growth_yoy_accel": 0.002583467149337715,
      "op_leverage_ratio": 1.9934132918713572,
      "fcf_margin_change": 0.08752960517613845
    }
  ],
  "signals": [
    {
      "quarter": "2025-10 (Q4)",
      "signal": "FCF MARGIN EXPANSION",
      "detail": "FCF margin: +14.9% -> +23.7% (+8.8%)",
      "severity": "MEDIUM"
    },
    {
      "quarter": "2025-10 (Q4)",
      "signal": "OPERATING LEVERAGE",
      "detail": "Rev growth +2.4% vs OpEx growth +1.2% (leverage: 2.0x)",
      "severity": "MEDIUM"
    },
    {
      "quarter": "2025-07 (Q3)",
      "signal": "OPERATING LEVERAGE",
      "detail": "Rev growth +6.4% vs OpEx growth +1.3% (leverage: 5.1x)",
      "severity": "MEDIUM"
    },
    {
      "quarter": "2025-04 (Q2)",
      "signal": "FCF MARGIN EXPANSION",
      "detail": "FCF margin: +36.3% -> +45.9% (+9.5%)",
      "severity": "MEDIUM"
    },
    {
      "quarter": "2025-01 (Q1)",
      "signal": "FCF MARGIN EXPANSION",
      "detail": "FCF margin: +22.6% -> +36.3% (+13.7%)",
      "severity": "MEDIUM"
    },
    {
      "quarter": "2024-10 (Q4)",
      "signal": "FCF MARGIN EXPANSION",
      "detail": "FCF margin: +13.3% -> +22.6% (+9.3%)",
      "severity": "MEDIUM"
    },
    {
      "quarter": "2024-10 (Q4)",
      "signal": "OPERATING LEVERAGE",
      "detail": "Rev growth +2.2% vs OpEx growth +1.4% (leverage: 1.6x)",
      "severity": "MEDIUM"
    },
    {
      "quarter": "2024-10 (Q4)",
      "signal": "INCREMENTAL MARGIN (YoY)",
      "detail": "YoY Incr OPM: +83.7% vs year-ago OPM: +4.4%",
      "severity": "HIGH"
    },
    {
      "quarter": "2024-07 (Q3)",
      "signal": "INCREMENTAL MARGIN (YoY)",
      "detail": "YoY Incr OPM: +120.8% vs year-ago OPM: +3.8%",
      "severity": "HIGH"
    },
    {
      "quarter": "2024-04 (Q2)",
      "signal": "FCF MARGIN EXPANSION",
      "detail": "FCF margin: +33.9% -> +49.1% (+15.2%)",
      "severity": "MEDIUM"
    },
    {
      "quarter": "2024-04 (Q2)",
      "signal": "INCREMENTAL MARGIN (YoY)",
      "detail": "YoY Incr OPM: +75.8% vs year-ago OPM: +3.3%",
      "severity": "HIGH"
    },
    {
      "quarter": "2024-01 (Q1)",
      "signal": "FCF MARGIN EXPANSION",
      "detail": "FCF margin: +26.5% -> +33.9% (+7.4%)",
      "severity": "MEDIUM"
    },
    {
      "quarter": "2024-01 (Q1)",
      "signal": "GROSS MARGIN INFLECTION",
      "detail": "GM: +74.4% -> +73.5% -> +76.1% (reversal +2.6%)",
      "severity": "MEDIUM"
    },
    {
      "quarter": "2024-01 (Q1)",
      "signal": "INCREMENTAL MARGIN (YoY)",
      "detail": "YoY Incr OPM: +22.7% vs year-ago OPM: +7.7%",
      "severity": "MEDIUM"
    },
    {
      "quarter": "2023-10 (Q4)",
      "signal": "FCF MARGIN EXPANSION",
      "detail": "FCF margin: +12.9% -> +26.5% (+13.6%)",
      "severity": "MEDIUM"
    },
    {
      "quarter": "2023-07 (Q3)",
      "signal": "OPERATING LEVERAGE",
      "detail": "Rev growth +3.8% vs OpEx growth +1.4% (leverage: 2.6x)",
      "severity": "MEDIUM"
    },
    {
      "quarter": "2023-07 (Q3)",
      "signal": "INCREMENTAL MARGIN (YoY)",
      "detail": "YoY Incr OPM: +43.7% vs year-ago OPM: +1.3%",
      "severity": "HIGH"
    },
    {
      "quarter": "2023-04 (Q2)",
      "signal": "FCF MARGIN EXPANSION",
      "detail": "FCF margin: +35.9% -> +48.4% (+12.5%)",
      "severity": "MEDIUM"
    },
    {
      "quarter": "2023-04 (Q2)",
      "signal": "INCREMENTAL MARGIN (YoY)",
      "detail": "YoY Incr OPM: +57.3% vs year-ago OPM: +0.3%",
      "severity": "HIGH"
    },
    {
      "quarter": "2023-01 (Q1)",
      "signal": "FCF MARGIN EXPANSION",
      "detail": "FCF margin: +27.9% -> +35.9% (+8.0%)",
      "severity": "MEDIUM"
    },
    {
      "quarter": "2023-01 (Q1)",
      "signal": "OP MARGIN TURNED POSITIVE (YoY)",
      "detail": "Op margin: -0.1% (year-ago) -> +7.7%",
      "severity": "HIGH"
    },
    {
      "quarter": "2022-10 (Q4)",
      "signal": "FCF MARGIN EXPANSION",
      "detail": "FCF margin: +11.5% -> +27.9% (+16.4%)",
      "severity": "MEDIUM"
    },
    {
      "quarter": "2022-10 (Q4)",
      "signal": "OP MARGIN TURNED POSITIVE (YoY)",
      "detail": "Op margin: -4.9% (year-ago) -> +5.3%",
      "severity": "HIGH"
    },
    {
      "quarter": "2022-07 (Q3)",
      "signal": "OPERATING LEVERAGE",
      "detail": "Rev growth +3.2% vs OpEx growth +1.4% (leverage: 2.3x)",
      "severity": "MEDIUM"
    },
    {
      "quarter": "2022-07 (Q3)",
      "signal": "OP MARGIN TURNED POSITIVE (YoY)",
      "detail": "Op margin: -2.8% (year-ago) -> +1.3%",
      "severity": "HIGH"
    },
    {
      "quarter": "2022-04 (Q2)",
      "signal": "FCF MARGIN EXPANSION",
      "detail": "FCF margin: +21.1% -> +45.2% (+24.1%)",
      "severity": "MEDIUM"
    },
    {
      "quarter": "2022-04 (Q2)",
      "signal": "OP MARGIN TURNED POSITIVE (YoY)",
      "detail": "Op margin: -5.1% (year-ago) -> +0.3%",
      "severity": "HIGH"
    },
    {
      "quarter": "2022-04 (Q2)",
      "signal": "OP MARGIN TURNED POSITIVE (QoQ)",
      "detail": "Op margin: -0.1% -> +0.3%",
      "severity": "HIGH"
    },
    {
      "quarter": "2021-04 (Q2)",
      "signal": "FCF MARGIN EXPANSION",
      "detail": "FCF margin: +28.9% -> +46.8% (+17.9%)",
      "severity": "MEDIUM"
    }
  ],
  "data_quality": {
    "n_quarters": 20,
    "coverage": {
      "revenue": [
        20,
        20
      ],
      "gross_profit": [
        20,
        20
      ],
      "op_income": [
        20,
        20
      ],
      "fcf": [
        20,
        20
      ]
    },
    "gaps": [],
    "warnings": []
  },
  "market_cap": null,
  "source": "SEC EDGAR",
  "last_updated": "2026-02-02T21:14:50.199706",
  "sector": "Technology",
  "industry": "Software - Infrastructure"
}