{
  "ticker": "BOXL",
  "name": "BOXLIGHT CORPORATION",
  "quarters": [
    {
      "date": "2020-09-30T00:00:00",
      "quarter_label": "2020-09 (Q3)",
      "revenue": 9476956,
      "gross_profit": 2024503,
      "operating_income": -1753471,
      "net_income": -4210904,
      "opex": 3777974,
      "cogs": 7452453,
      "rd": 471129,
      "sga": null,
      "fcf": -804000,
      "ocf": -804000,
      "capex": null,
      "gross_margin": 0.21362376273562947,
      "op_margin": -0.1850247062453387,
      "fcf_margin": -0.08483736761044369
    },
    {
      "date": "2020-12-31T00:00:00",
      "quarter_label": "2020-12 (Q4)",
      "revenue": 31863277,
      "gross_profit": 3561887,
      "operating_income": -7496958,
      "net_income": -8565477,
      "opex": 11058845,
      "cogs": 28301390,
      "rd": 345905,
      "sga": null,
      "fcf": 2353000,
      "ocf": 2353000,
      "capex": null,
      "gross_margin": 0.11178658742476488,
      "op_margin": -0.23528521564181865,
      "fcf_margin": 0.07384676723615088,
      "op_leverage_ratio": 1.2257149718442335,
      "fcf_margin_change": 0.15868413484659458
    },
    {
      "date": "2021-03-31T00:00:00",
      "quarter_label": "2021-03 (Q1)",
      "revenue": 33424000,
      "gross_profit": 8552000,
      "operating_income": -2034000,
      "net_income": -5169000,
      "opex": 10586000,
      "cogs": 24872000,
      "rd": 474000,
      "sga": null,
      "fcf": -1557000,
      "ocf": -1557000,
      "capex": null,
      "gross_margin": 0.25586404978458593,
      "op_margin": -0.06085447582575395,
      "fcf_margin": -0.0465832934418382,
      "op_leverage_ratio": Infinity,
      "fcf_margin_change": -0.12043006067798909
    },
    {
      "date": "2021-06-30T00:00:00",
      "quarter_label": "2021-06 (Q2)",
      "revenue": 46754000,
      "gross_profit": 12834000,
      "operating_income": 1553000,
      "net_income": -2220000,
      "opex": 11281000,
      "cogs": 33920000,
      "rd": 481000,
      "sga": null,
      "fcf": -3013000,
      "ocf": -3013000,
      "capex": null,
      "gross_margin": 0.274500577490696,
      "op_margin": 0.03321640929118364,
      "fcf_margin": -0.06444368396286948,
      "op_leverage_ratio": 6.07461575019544,
      "fcf_margin_change": -0.017860390521031277
    },
    {
      "date": "2021-09-30T00:00:00",
      "quarter_label": "2021-09 (Q3)",
      "revenue": 61008000,
      "gross_profit": 15798000,
      "operating_income": 3510000,
      "net_income": 729000,
      "opex": 12288000,
      "cogs": 45210000,
      "rd": 355000,
      "sga": null,
      "fcf": -8512000,
      "ocf": -8512000,
      "capex": null,
      "gross_margin": 0.2589496459480724,
      "op_margin": 0.05753343823760818,
      "fcf_margin": -0.13952268554943614,
      "incr_op_margin_yoy": 0.10214174973827428,
      "rev_growth_yoy": 5.4375101034551605,
      "op_leverage_ratio": 3.415357034275918,
      "fcf_margin_change": -0.07507900158656666
    },
    {
      "date": "2021-12-31T00:00:00",
      "quarter_label": "2021-12 (Q4)",
      "revenue": 43991000,
      "gross_profit": 9341000,
      "operating_income": -5601000,
      "net_income": -7142000,
      "opex": 14942000,
      "cogs": 34650000,
      "rd": 516000,
      "sga": null,
      "fcf": 10752000,
      "ocf": 10752000,
      "capex": null,
      "gross_margin": 0.21233888749971586,
      "op_margin": -0.12732149757905026,
      "fcf_margin": 0.24441363006069422,
      "incr_op_margin_yoy": 0.1563325613554993,
      "rev_growth_yoy": 0.3806175679921434,
      "rev_growth_yoy_accel": -5.056892535463017,
      "fcf_margin_change": 0.38393631561013036
    },
    {
      "date": "2022-03-31T00:00:00",
      "quarter_label": "2022-03 (Q1)",
      "revenue": 50603000,
      "gross_profit": 12616000,
      "operating_income": -3454000,
      "net_income": -4856000,
      "opex": 16070000,
      "cogs": 37987000,
      "rd": 613000,
      "sga": null,
      "fcf": -5423000,
      "ocf": -5423000,
      "capex": null,
      "gross_margin": 0.24931328182123588,
      "op_margin": -0.06825682271802067,
      "fcf_margin": -0.10716755923561844,
      "incr_op_margin_yoy": -0.0826590604808196,
      "rev_growth_yoy": 0.5139719961704164,
      "rev_growth_yoy_accel": 0.13335442817827303,
      "op_leverage_ratio": 1.9909880018978736,
      "fcf_margin_change": -0.35158118929631266
    },
    {
      "date": "2022-06-30T00:00:00",
      "quarter_label": "2022-06 (Q2)",
      "revenue": 59628000,
      "gross_profit": 16834000,
      "operating_income": 881000,
      "net_income": 26000,
      "opex": 15953000,
      "cogs": 42794000,
      "rd": 649000,
      "sga": null,
      "fcf": -1453000,
      "ocf": -1453000,
      "capex": null,
      "gross_margin": 0.28231703226672034,
      "op_margin": 0.014774937948614744,
      "fcf_margin": -0.024367746696183003,
      "incr_op_margin_yoy": -0.05219822898865931,
      "rev_growth_yoy": 0.275356119262523,
      "rev_growth_yoy_accel": -0.23861587690789343,
      "op_leverage_ratio": Infinity,
      "fcf_margin_change": 0.08279981253943544
    },
    {
      "date": "2022-09-30T00:00:00",
      "quarter_label": "2022-09 (Q3)",
      "revenue": 68736000,
      "gross_profit": 21020000,
      "operating_income": 6464000,
      "net_income": 3105000,
      "opex": 14556000,
      "cogs": 47716000,
      "rd": 604000,
      "sga": null,
      "fcf": 7376000,
      "ocf": 7376000,
      "capex": null,
      "gross_margin": 0.3058077281191806,
      "op_margin": 0.09404096834264432,
      "fcf_margin": 0.10730912476722533,
      "incr_op_margin_yoy": 0.3822463768115942,
      "rev_growth_yoy": 0.12667191188040913,
      "rev_growth_yoy_accel": -0.14868420738211388,
      "op_leverage_ratio": Infinity,
      "fcf_margin_change": 0.13167687146340834
    },
    {
      "date": "2022-12-31T00:00:00",
      "quarter_label": "2022-12 (Q4)",
      "revenue": 42814000,
      "gross_profit": 14398000,
      "operating_income": -842000,
      "net_income": -2018000,
      "opex": 15240000,
      "cogs": 28416000,
      "rd": 617000,
      "sga": null,
      "fcf": 690000,
      "ocf": 690000,
      "capex": null,
      "gross_margin": 0.3362918671462606,
      "op_margin": -0.01966646424066894,
      "fcf_margin": 0.01611622366515626,
      "incr_op_margin_yoy": -4.0433305012744265,
      "rev_growth_yoy": -0.026755472710327112,
      "rev_growth_yoy_accel": -0.15342738459073624,
      "fcf_margin_change": -0.09119290110206907
    },
    {
      "date": "2023-03-31T00:00:00",
      "quarter_label": "2023-03 (Q1)",
      "revenue": 41189000,
      "gross_profit": 15148000,
      "operating_income": -180000,
      "net_income": -2924000,
      "opex": 15328000,
      "cogs": 26041000,
      "rd": 597000,
      "sga": null,
      "fcf": -1903000,
      "ocf": -1903000,
      "capex": null,
      "gross_margin": 0.36776809342300126,
      "op_margin": -0.004370098812789823,
      "fcf_margin": -0.04620165578188351,
      "incr_op_margin_yoy": -0.3477799022732101,
      "rev_growth_yoy": -0.18603640100389304,
      "rev_growth_yoy_accel": -0.15928092829356594,
      "fcf_margin_change": -0.06231787944703977
    },
    {
      "date": "2023-06-30T00:00:00",
      "quarter_label": "2023-06 (Q2)",
      "revenue": 47052000,
      "gross_profit": 17828000,
      "operating_income": 2076000,
      "net_income": -811000,
      "opex": 15752000,
      "cogs": 29224000,
      "rd": 525000,
      "sga": null,
      "fcf": 1913000,
      "ocf": 1913000,
      "capex": null,
      "gross_margin": 0.37889994049137127,
      "op_margin": 0.044121397602652386,
      "fcf_margin": 0.04065714528606648,
      "incr_op_margin_yoy": -0.09502226463104325,
      "rev_growth_yoy": -0.210907627289193,
      "rev_growth_yoy_accel": -0.024871226285299947,
      "op_leverage_ratio": 5.1458637289585925,
      "fcf_margin_change": 0.08685880106794999
    },
    {
      "date": "2023-09-30T00:00:00",
      "quarter_label": "2023-09 (Q3)",
      "revenue": 49667000,
      "gross_profit": 18014000,
      "operating_income": -11599000,
      "net_income": -17750000,
      "opex": 29613000,
      "cogs": 31653000,
      "rd": 979000,
      "sga": null,
      "fcf": 8232000,
      "ocf": 8232000,
      "capex": null,
      "gross_margin": 0.3626955523788431,
      "op_margin": -0.23353534540036644,
      "fcf_margin": 0.1657438540680935,
      "incr_op_margin_yoy": 0.9472442183648854,
      "rev_growth_yoy": -0.2774237662942272,
      "rev_growth_yoy_accel": -0.06651613900503422,
      "op_leverage_ratio": 0.06315892718086717,
      "fcf_margin_change": 0.12508670878202702
    },
    {
      "date": "2023-12-31T00:00:00",
      "quarter_label": "2023-12 (Q4)",
      "revenue": 38812000,
      "gross_profit": 12312000,
      "operating_income": -16597000,
      "net_income": -17671000,
      "opex": 28909000,
      "cogs": 26500000,
      "rd": 1054000,
      "sga": null,
      "fcf": 3339000,
      "ocf": 3339000,
      "capex": null,
      "gross_margin": 0.317221477893435,
      "op_margin": -0.42762547665670414,
      "fcf_margin": 0.08603009378542718,
      "incr_op_margin_yoy": 3.9367816091954024,
      "rev_growth_yoy": -0.09347409725790629,
      "rev_growth_yoy_accel": 0.18394966903632093,
      "fcf_margin_change": -0.07971376028266632
    },
    {
      "date": "2024-03-31T00:00:00",
      "quarter_label": "2024-03 (Q1)",
      "revenue": 37093000,
      "gross_profit": 12815000,
      "operating_income": -3605000,
      "net_income": -7089000,
      "opex": 16420000,
      "cogs": 24278000,
      "rd": 1171000,
      "sga": null,
      "fcf": -1942000,
      "ocf": -1942000,
      "capex": null,
      "gross_margin": 0.3454829752244359,
      "op_margin": -0.09718814870730326,
      "fcf_margin": -0.052354891758552825,
      "incr_op_margin_yoy": 0.836181640625,
      "rev_growth_yoy": -0.09944402631770619,
      "rev_growth_yoy_accel": -0.0059699290597999,
      "fcf_margin_change": -0.13838498554398002
    },
    {
      "date": "2024-06-30T00:00:00",
      "quarter_label": "2024-06 (Q2)",
      "revenue": 38514000,
      "gross_profit": 14528000,
      "operating_income": 1222000,
      "net_income": -1478000,
      "opex": 13306000,
      "cogs": 23986000,
      "rd": 985000,
      "sga": null,
      "fcf": -5367000,
      "ocf": -5367000,
      "capex": null,
      "gross_margin": 0.3772134808121722,
      "op_margin": 0.03172872202316041,
      "fcf_margin": -0.13935192397569715,
      "incr_op_margin_yoy": 0.10002342468962286,
      "rev_growth_yoy": -0.18145881152767152,
      "rev_growth_yoy_accel": -0.08201478520996533,
      "op_leverage_ratio": Infinity,
      "fcf_margin_change": -0.08699703221714433
    },
    {
      "date": "2024-09-30T00:00:00",
      "quarter_label": "2024-09 (Q3)",
      "revenue": 36289000,
      "gross_profit": 12252000,
      "operating_income": -859000,
      "net_income": -3061000,
      "opex": 13111000,
      "cogs": 24037000,
      "rd": 1022000,
      "sga": null,
      "fcf": 5220000,
      "ocf": 5220000,
      "capex": null,
      "gross_margin": 0.3376229711482818,
      "op_margin": -0.023671084901760866,
      "fcf_margin": 0.14384524235994378,
      "incr_op_margin_yoy": -0.802810584541785,
      "rev_growth_yoy": -0.2693538969537117,
      "rev_growth_yoy_accel": -0.08789508542604019,
      "fcf_margin_change": 0.28319716633564096
    },
    {
      "date": "2024-12-31T00:00:00",
      "quarter_label": "2024-12 (Q4)",
      "revenue": 23996000,
      "gross_profit": 7346000,
      "operating_income": -16228000,
      "net_income": -16707000,
      "opex": 23574000,
      "cogs": 16650000,
      "rd": 948000,
      "sga": null,
      "fcf": 1650000,
      "ocf": 1650000,
      "capex": null,
      "gross_margin": 0.3061343557259543,
      "op_margin": -0.6762793798966494,
      "fcf_margin": 0.0687614602433739,
      "incr_op_margin_yoy": -0.02490550755939525,
      "rev_growth_yoy": -0.3817376069256931,
      "rev_growth_yoy_accel": -0.11238370997198138,
      "fcf_margin_change": -0.07508378211656988
    },
    {
      "date": "2025-06-30T00:00:00",
      "quarter_label": "2025-06 (Q2)",
      "revenue": 30852000,
      "gross_profit": 10790000,
      "operating_income": -3912000,
      "net_income": -4719000,
      "opex": 14702000,
      "cogs": 20062000,
      "rd": 1128000,
      "sga": null,
      "fcf": null,
      "ocf": null,
      "capex": null,
      "gross_margin": 0.3497342149617529,
      "op_margin": -0.12679891092959938,
      "fcf_margin": null,
      "incr_op_margin_yoy": 0.6700600365439833,
      "rev_growth_yoy": -0.1989406449602742,
      "rev_growth_yoy_accel": 0.1827969619654189,
      "op_leverage_ratio": Infinity
    },
    {
      "date": "2025-09-30T00:00:00",
      "quarter_label": "2025-09 (Q3)",
      "revenue": 29337000,
      "gross_profit": 8535000,
      "operating_income": -3944000,
      "net_income": -6184000,
      "opex": 12479000,
      "cogs": 20802000,
      "rd": 1122000,
      "sga": null,
      "fcf": 1292000,
      "ocf": 1292000,
      "capex": null,
      "gross_margin": 0.29092954289804684,
      "op_margin": -0.13443774073695333,
      "fcf_margin": 0.04403994955176058,
      "incr_op_margin_yoy": 0.4437571921749137,
      "rev_growth_yoy": -0.1915732040012125,
      "rev_growth_yoy_accel": 0.007367440959061694
    }
  ],
  "signals": [
    {
      "quarter": "2025-06 (Q2)",
      "signal": "GROSS MARGIN INFLECTION",
      "detail": "GM: +33.8% -> +30.6% -> +35.0% (reversal +4.4%)",
      "severity": "MEDIUM"
    },
    {
      "quarter": "2025-06 (Q2)",
      "signal": "YoY REVENUE GROWTH ACCELERATION",
      "detail": "YoY growth: -19.9% vs prior quarter YoY: -38.2% (accel: +18.3%)",
      "severity": "HIGH"
    },
    {
      "quarter": "2024-12 (Q4)",
      "signal": "YoY REVENUE GROWTH DECELERATION",
      "detail": "YoY growth: -38.2% vs prior quarter YoY: -26.9% (decel: -11.2%)",
      "severity": "WARNING"
    },
    {
      "quarter": "2024-09 (Q3)",
      "signal": "FCF TURNED POSITIVE",
      "detail": "FCF margin: -13.9% -> +14.4%",
      "severity": "HIGH"
    },
    {
      "quarter": "2024-09 (Q3)",
      "signal": "YoY REVENUE GROWTH DECELERATION",
      "detail": "YoY growth: -26.9% vs prior quarter YoY: -18.1% (decel: -8.8%)",
      "severity": "WARNING"
    },
    {
      "quarter": "2024-06 (Q2)",
      "signal": "YoY REVENUE GROWTH DECELERATION",
      "detail": "YoY growth: -18.1% vs prior quarter YoY: -9.9% (decel: -8.2%)",
      "severity": "WARNING"
    },
    {
      "quarter": "2024-06 (Q2)",
      "signal": "OP MARGIN TURNED POSITIVE (QoQ)",
      "detail": "Op margin: -9.7% -> +3.2%",
      "severity": "HIGH"
    },
    {
      "quarter": "2024-03 (Q1)",
      "signal": "GROSS MARGIN INFLECTION",
      "detail": "GM: +36.3% -> +31.7% -> +34.5% (reversal +2.8%)",
      "severity": "MEDIUM"
    },
    {
      "quarter": "2023-12 (Q4)",
      "signal": "YoY REVENUE GROWTH ACCELERATION",
      "detail": "YoY growth: -9.3% vs prior quarter YoY: -27.7% (accel: +18.4%)",
      "severity": "HIGH"
    },
    {
      "quarter": "2023-09 (Q3)",
      "signal": "FCF MARGIN EXPANSION",
      "detail": "FCF margin: +4.1% -> +16.6% (+12.5%)",
      "severity": "MEDIUM"
    },
    {
      "quarter": "2023-09 (Q3)",
      "signal": "YoY REVENUE GROWTH DECELERATION",
      "detail": "YoY growth: -27.7% vs prior quarter YoY: -21.1% (decel: -6.7%)",
      "severity": "WARNING"
    },
    {
      "quarter": "2023-06 (Q2)",
      "signal": "FCF TURNED POSITIVE",
      "detail": "FCF margin: -4.6% -> +4.1%",
      "severity": "HIGH"
    },
    {
      "quarter": "2023-06 (Q2)",
      "signal": "OPERATING LEVERAGE",
      "detail": "Rev growth +14.2% vs OpEx growth +2.8% (leverage: 5.1x)",
      "severity": "MEDIUM"
    },
    {
      "quarter": "2023-06 (Q2)",
      "signal": "OP MARGIN TURNED POSITIVE (QoQ)",
      "detail": "Op margin: -0.4% -> +4.4%",
      "severity": "HIGH"
    },
    {
      "quarter": "2023-03 (Q1)",
      "signal": "YoY REVENUE GROWTH DECELERATION",
      "detail": "YoY growth: -18.6% vs prior quarter YoY: -2.7% (decel: -15.9%)",
      "severity": "WARNING"
    },
    {
      "quarter": "2022-12 (Q4)",
      "signal": "YoY REVENUE GROWTH DECELERATION",
      "detail": "YoY growth: -2.7% vs prior quarter YoY: +12.7% (decel: -15.3%)",
      "severity": "WARNING"
    },
    {
      "quarter": "2022-09 (Q3)",
      "signal": "FCF TURNED POSITIVE",
      "detail": "FCF margin: -2.4% -> +10.7%",
      "severity": "HIGH"
    },
    {
      "quarter": "2022-09 (Q3)",
      "signal": "YoY REVENUE GROWTH DECELERATION",
      "detail": "YoY growth: +12.7% vs prior quarter YoY: +27.5% (decel: -14.9%)",
      "severity": "WARNING"
    },
    {
      "quarter": "2022-09 (Q3)",
      "signal": "INCREMENTAL MARGIN (YoY)",
      "detail": "YoY Incr OPM: +38.2% vs year-ago OPM: +5.8%",
      "severity": "HIGH"
    },
    {
      "quarter": "2022-06 (Q2)",
      "signal": "FCF MARGIN EXPANSION",
      "detail": "FCF margin: -10.7% -> -2.4% (+8.3%)",
      "severity": "MEDIUM"
    },
    {
      "quarter": "2022-06 (Q2)",
      "signal": "YoY REVENUE GROWTH DECELERATION",
      "detail": "YoY growth: +27.5% vs prior quarter YoY: +51.4% (decel: -23.9%)",
      "severity": "WARNING"
    },
    {
      "quarter": "2022-06 (Q2)",
      "signal": "OP MARGIN TURNED POSITIVE (QoQ)",
      "detail": "Op margin: -6.8% -> +1.5%",
      "severity": "HIGH"
    },
    {
      "quarter": "2022-03 (Q1)",
      "signal": "OPERATING LEVERAGE",
      "detail": "Rev growth +15.0% vs OpEx growth +7.5% (leverage: 2.0x)",
      "severity": "MEDIUM"
    },
    {
      "quarter": "2022-03 (Q1)",
      "signal": "GROSS MARGIN INFLECTION",
      "detail": "GM: +25.9% -> +21.2% -> +24.9% (reversal +3.7%)",
      "severity": "MEDIUM"
    },
    {
      "quarter": "2022-03 (Q1)",
      "signal": "YoY REVENUE GROWTH ACCELERATION",
      "detail": "YoY growth: +51.4% vs prior quarter YoY: +38.1% (accel: +13.3%)",
      "severity": "MEDIUM"
    },
    {
      "quarter": "2021-12 (Q4)",
      "signal": "FCF TURNED POSITIVE",
      "detail": "FCF margin: -14.0% -> +24.4%",
      "severity": "HIGH"
    },
    {
      "quarter": "2021-12 (Q4)",
      "signal": "YoY REVENUE GROWTH DECELERATION",
      "detail": "YoY growth: +38.1% vs prior quarter YoY: +543.8% (decel: -505.7%)",
      "severity": "WARNING"
    },
    {
      "quarter": "2021-09 (Q3)",
      "signal": "OPERATING LEVERAGE",
      "detail": "Rev growth +30.5% vs OpEx growth +8.9% (leverage: 3.4x)",
      "severity": "MEDIUM"
    },
    {
      "quarter": "2021-09 (Q3)",
      "signal": "OP MARGIN TURNED POSITIVE (YoY)",
      "detail": "Op margin: -18.5% (year-ago) -> +5.8%",
      "severity": "HIGH"
    },
    {
      "quarter": "2021-06 (Q2)",
      "signal": "OPERATING LEVERAGE",
      "detail": "Rev growth +39.9% vs OpEx growth +6.6% (leverage: 6.1x)",
      "severity": "MEDIUM"
    },
    {
      "quarter": "2021-06 (Q2)",
      "signal": "OP MARGIN TURNED POSITIVE (QoQ)",
      "detail": "Op margin: -6.1% -> +3.3%",
      "severity": "HIGH"
    },
    {
      "quarter": "2021-03 (Q1)",
      "signal": "GROSS MARGIN INFLECTION",
      "detail": "GM: +21.4% -> +11.2% -> +25.6% (reversal +14.4%)",
      "severity": "HIGH"
    },
    {
      "quarter": "2020-12 (Q4)",
      "signal": "FCF TURNED POSITIVE",
      "detail": "FCF margin: -8.5% -> +7.4%",
      "severity": "HIGH"
    }
  ],
  "data_quality": {
    "n_quarters": 20,
    "coverage": {
      "revenue": [
        20,
        20
      ],
      "gross_profit": [
        20,
        20
      ],
      "op_income": [
        20,
        20
      ],
      "fcf": [
        19,
        20
      ]
    },
    "gaps": [
      [
        "2024-12 (Q4)",
        "2025-06 (Q2)",
        181
      ]
    ],
    "warnings": [
      "gap: 1Q missing between 2024-12 (Q4) and 2025-06 (Q2)"
    ]
  },
  "market_cap": null,
  "source": "SEC EDGAR",
  "last_updated": "2026-02-03T00:31:11.029214",
  "sector": "Technology",
  "industry": "Consumer Electronics"
}