{
  "ticker": "BR",
  "name": "BROADRIDGE FINANCIAL SOLUTIONS, INC.",
  "quarters": [
    {
      "date": "2021-03-31T00:00:00",
      "quarter_label": "2021-03 (Q1)",
      "revenue": 1389800000,
      "gross_profit": 429200000,
      "operating_income": 239200000,
      "net_income": 165000000,
      "opex": 1150600000,
      "cogs": 960500000,
      "rd": null,
      "sga": 190000000,
      "fcf": 94800000,
      "ocf": 106200000,
      "capex": -11400000,
      "gross_margin": 0.3088214131529716,
      "op_margin": 0.17211109512160022,
      "fcf_margin": 0.06821125341775795
    },
    {
      "date": "2021-06-30T00:00:00",
      "quarter_label": "2021-06 (Q2)",
      "revenue": 1531600000,
      "gross_profit": 514900000,
      "operating_income": 281400000,
      "net_income": 260400000,
      "opex": 1250200000,
      "cogs": 1016700000,
      "rd": null,
      "sga": 233500000,
      "fcf": 440200000,
      "ocf": 450600000,
      "capex": -10400000,
      "gross_margin": 0.3361843823452599,
      "op_margin": 0.18372943327239488,
      "fcf_margin": 0.28741185688169235,
      "op_leverage_ratio": 1.1786611115638264,
      "fcf_margin_change": 0.21920060346393438
    },
    {
      "date": "2021-09-30T00:00:00",
      "quarter_label": "2021-09 (Q3)",
      "revenue": 1192900000,
      "gross_profit": 278800000,
      "operating_income": 103300000,
      "net_income": 67200000,
      "opex": 1089600000,
      "cogs": 914100000,
      "rd": null,
      "sga": 175500000,
      "fcf": -141100000,
      "ocf": -135400000,
      "capex": -5700000,
      "gross_margin": 0.23371615391063794,
      "op_margin": 0.08659569117277223,
      "fcf_margin": -0.11828317545477408,
      "fcf_margin_change": -0.4056950323364664
    },
    {
      "date": "2021-12-31T00:00:00",
      "quarter_label": "2021-12 (Q4)",
      "revenue": 1259600000,
      "gross_profit": 281200000,
      "operating_income": 68900000,
      "net_income": 47200000,
      "opex": 1190700000,
      "cogs": 978400000,
      "rd": null,
      "sga": 212300000,
      "fcf": 35200000,
      "ocf": 40800000,
      "capex": -5600000,
      "gross_margin": 0.22324547475389012,
      "op_margin": 0.054699904731660844,
      "fcf_margin": 0.027945379485550967,
      "op_leverage_ratio": 0.6026119426189525,
      "fcf_margin_change": 0.14622855494032505
    },
    {
      "date": "2022-03-31T00:00:00",
      "quarter_label": "2022-03 (Q1)",
      "revenue": 1533700000,
      "gross_profit": 456100000,
      "operating_income": 246000000,
      "net_income": 176600000,
      "opex": 1287700000,
      "cogs": 1077600000,
      "rd": null,
      "sga": 210100000,
      "fcf": 70100000,
      "ocf": 80700000,
      "capex": -10600000,
      "gross_margin": 0.2973854078372563,
      "op_margin": 0.1603964269413836,
      "fcf_margin": 0.045706461498337354,
      "incr_op_margin_yoy": 0.0472550382209868,
      "rev_growth_yoy": 0.10354007770902288,
      "op_leverage_ratio": 2.6712036712685747,
      "fcf_margin_change": 0.017761082012786387
    },
    {
      "date": "2022-06-30T00:00:00",
      "quarter_label": "2022-06 (Q2)",
      "revenue": 1722900000,
      "gross_profit": 576100000,
      "operating_income": 341700000,
      "net_income": 248100000,
      "opex": 1381200000,
      "cogs": 1146800000,
      "rd": null,
      "sga": 234400000,
      "fcf": 450300000,
      "ocf": 457400000,
      "capex": -7100000,
      "gross_margin": 0.3343780834639271,
      "op_margin": 0.19832839979104996,
      "fcf_margin": 0.2613616576702072,
      "incr_op_margin_yoy": 0.31521170935703086,
      "rev_growth_yoy": 0.12490206320188038,
      "rev_growth_yoy_accel": 0.021361985492857505,
      "op_leverage_ratio": 1.6989625243068471,
      "fcf_margin_change": 0.21565519617186985
    },
    {
      "date": "2022-09-30T00:00:00",
      "quarter_label": "2022-09 (Q3)",
      "revenue": 1283300000,
      "gross_profit": 292900000,
      "operating_income": 87500000,
      "net_income": 50400000,
      "opex": 1195700000,
      "cogs": 990400000,
      "rd": null,
      "sga": 205300000,
      "fcf": -210000000,
      "ocf": -204500000,
      "capex": -5500000,
      "gross_margin": 0.22823969453752047,
      "op_margin": 0.06818358918413465,
      "fcf_margin": -0.16364061404192318,
      "incr_op_margin_yoy": -0.1747787610619469,
      "rev_growth_yoy": 0.07578170844161287,
      "rev_growth_yoy_accel": -0.04912035476026751,
      "fcf_margin_change": -0.42500227171213034
    },
    {
      "date": "2022-12-31T00:00:00",
      "quarter_label": "2022-12 (Q4)",
      "revenue": 1292900000,
      "gross_profit": 304700000,
      "operating_income": 107900000,
      "net_income": 57500000,
      "opex": 1185000000,
      "cogs": 988200000,
      "rd": null,
      "sga": 196800000,
      "fcf": 112700000,
      "ocf": 123100000,
      "capex": -10400000,
      "gross_margin": 0.23567174568798824,
      "op_margin": 0.0834557970454018,
      "fcf_margin": 0.08716838115863562,
      "incr_op_margin_yoy": 1.1711711711711712,
      "rev_growth_yoy": 0.02643696411559225,
      "rev_growth_yoy_accel": -0.04934474432602062,
      "fcf_margin_change": 0.25080899520055877
    },
    {
      "date": "2023-03-31T00:00:00",
      "quarter_label": "2023-03 (Q1)",
      "revenue": 1645700000,
      "gross_profit": 508000000,
      "operating_income": 286800000,
      "net_income": 198500000,
      "opex": 1358900000,
      "cogs": 1137700000,
      "rd": null,
      "sga": 221200000,
      "fcf": 170000000,
      "ocf": 175500000,
      "capex": -5500000,
      "gross_margin": 0.3086832350975269,
      "op_margin": 0.17427234611411557,
      "fcf_margin": 0.1032995078082275,
      "incr_op_margin_yoy": 0.36428571428571427,
      "rev_growth_yoy": 0.0730260155180283,
      "rev_growth_yoy_accel": 0.04658905140243605,
      "op_leverage_ratio": 1.8594410281908123,
      "fcf_margin_change": 0.016131126649591876
    },
    {
      "date": "2023-06-30T00:00:00",
      "quarter_label": "2023-06 (Q2)",
      "revenue": 1839000000,
      "gross_profit": 679900000,
      "operating_income": 454200000,
      "net_income": 324100000,
      "opex": 1384800000,
      "cogs": 1159100000,
      "rd": null,
      "sga": 225700000,
      "fcf": 712200000,
      "ocf": 729200000,
      "capex": -17000000,
      "gross_margin": 0.36971179989124525,
      "op_margin": 0.2469820554649266,
      "fcf_margin": 0.3872756933115824,
      "incr_op_margin_yoy": 0.9689922480620154,
      "rev_growth_yoy": 0.06738638342329793,
      "rev_growth_yoy_accel": -0.005639632094730368,
      "op_leverage_ratio": 6.162670096376119,
      "fcf_margin_change": 0.2839761855033549
    },
    {
      "date": "2023-09-30T00:00:00",
      "quarter_label": "2023-09 (Q3)",
      "revenue": 1431100000,
      "gross_profit": 355800000,
      "operating_income": 148400000,
      "net_income": 90900000,
      "opex": 1282600000,
      "cogs": 1075300000,
      "rd": null,
      "sga": 207300000,
      "fcf": -66700000,
      "ocf": -62000000,
      "capex": -4700000,
      "gross_margin": 0.2486199427014185,
      "op_margin": 0.10369645727063098,
      "fcf_margin": -0.046607504716651524,
      "incr_op_margin_yoy": 0.41204330175913395,
      "rev_growth_yoy": 0.11517182264474402,
      "rev_growth_yoy_accel": 0.04778543922144608,
      "fcf_margin_change": -0.43388319802823394
    },
    {
      "date": "2023-12-31T00:00:00",
      "quarter_label": "2023-12 (Q4)",
      "revenue": 1405000000,
      "gross_profit": 347800000,
      "operating_income": 124400000,
      "net_income": 70300000,
      "opex": 1280600000,
      "cogs": 1057200000,
      "rd": null,
      "sga": 223400000,
      "fcf": 177700000,
      "ocf": 189800000,
      "capex": -12100000,
      "gross_margin": 0.24754448398576512,
      "op_margin": 0.08854092526690391,
      "fcf_margin": 0.12647686832740213,
      "incr_op_margin_yoy": 0.1471900089206066,
      "rev_growth_yoy": 0.08670430814448139,
      "rev_growth_yoy_accel": -0.028467514500262622,
      "fcf_margin_change": 0.17308437304405366
    },
    {
      "date": "2024-03-31T00:00:00",
      "quarter_label": "2024-03 (Q1)",
      "revenue": 1726500000,
      "gross_profit": 539200000,
      "operating_income": 302900000,
      "net_income": 213700000,
      "opex": 1423600000,
      "cogs": 1187300000,
      "rd": null,
      "sga": 236200000,
      "fcf": 184600000,
      "ocf": 207400000,
      "capex": -22800000,
      "gross_margin": 0.3123081378511439,
      "op_margin": 0.1754416449464234,
      "fcf_margin": 0.10692151752099624,
      "incr_op_margin_yoy": 0.19925742574257427,
      "rev_growth_yoy": 0.049097648417086956,
      "rev_growth_yoy_accel": -0.03760665972739444,
      "op_leverage_ratio": 2.049189458228604,
      "fcf_margin_change": -0.019555350806405886
    },
    {
      "date": "2024-06-30T00:00:00",
      "quarter_label": "2024-06 (Q2)",
      "revenue": 1944300000,
      "gross_profit": 691200000,
      "operating_income": 441400000,
      "net_income": 323200000,
      "opex": 1502900000,
      "cogs": 1253100000,
      "rd": null,
      "sga": 249800000,
      "fcf": 703200000,
      "ocf": 721000000,
      "capex": -17800000,
      "gross_margin": 0.35550069433729364,
      "op_margin": 0.22702257882014093,
      "fcf_margin": 0.3616725813917605,
      "incr_op_margin_yoy": -0.12155745489078823,
      "rev_growth_yoy": 0.05725938009787928,
      "rev_growth_yoy_accel": 0.008161731680792324,
      "op_leverage_ratio": 2.264676036956734,
      "fcf_margin_change": 0.2547510638707643
    },
    {
      "date": "2024-09-30T00:00:00",
      "quarter_label": "2024-09 (Q3)",
      "revenue": 1422900000,
      "gross_profit": 347900000,
      "operating_income": 134400000,
      "net_income": 79800000,
      "opex": 1288400000,
      "cogs": 1075000000,
      "rd": null,
      "sga": 213400000,
      "fcf": -133400000,
      "ocf": -125500000,
      "capex": -7900000,
      "gross_margin": 0.24450066765057277,
      "op_margin": 0.09445498629559351,
      "fcf_margin": -0.09375219621898939,
      "incr_op_margin_yoy": 1.7073170731707317,
      "rev_growth_yoy": -0.0057298581510726015,
      "rev_growth_yoy_accel": -0.06298923824895188,
      "fcf_margin_change": -0.4554247776107499
    },
    {
      "date": "2024-12-31T00:00:00",
      "quarter_label": "2024-12 (Q4)",
      "revenue": 1589200000,
      "gross_profit": 443400000,
      "operating_income": 210700000,
      "net_income": 142400000,
      "opex": 1378500000,
      "cogs": 1145800000,
      "rd": null,
      "sga": 232800000,
      "fcf": 227900000,
      "ocf": 236700000,
      "capex": -8800000,
      "gross_margin": 0.2790083060659451,
      "op_margin": 0.13258243141203122,
      "fcf_margin": 0.14340548703750314,
      "incr_op_margin_yoy": 0.46851248642779586,
      "rev_growth_yoy": 0.13110320284697508,
      "rev_growth_yoy_accel": 0.13683306099804768,
      "op_leverage_ratio": 1.671259138513528,
      "fcf_margin_change": 0.23715768325649253
    },
    {
      "date": "2025-03-31T00:00:00",
      "quarter_label": "2025-03 (Q1)",
      "revenue": 1811700000,
      "gross_profit": 575800000,
      "operating_income": 344900000,
      "net_income": 243100000,
      "opex": 1466800000,
      "cogs": 1235900000,
      "rd": null,
      "sga": 230900000,
      "fcf": 348900000,
      "ocf": 360400000,
      "capex": -11500000,
      "gross_margin": 0.31782303913451454,
      "op_margin": 0.19037368217696088,
      "fcf_margin": 0.19258155323729095,
      "incr_op_margin_yoy": 0.49295774647887325,
      "rev_growth_yoy": 0.04934839270199826,
      "rev_growth_yoy_accel": -0.08175481014497682,
      "op_leverage_ratio": 2.185735096385312,
      "fcf_margin_change": 0.049176066199787816
    },
    {
      "date": "2025-06-30T00:00:00",
      "quarter_label": "2025-06 (Q2)",
      "revenue": 2065400000,
      "gross_profit": 769800000,
      "operating_income": 498700000,
      "net_income": 374200000,
      "opex": 1566800000,
      "cogs": 1295600000,
      "rd": null,
      "sga": 271100000,
      "fcf": 684100000,
      "ocf": 699700000,
      "capex": -15600000,
      "gross_margin": 0.372712307543333,
      "op_margin": 0.24145443981795295,
      "fcf_margin": 0.33121913430812433,
      "incr_op_margin_yoy": 0.4731626754748142,
      "rev_growth_yoy": 0.062284626857995164,
      "rev_growth_yoy_accel": 0.0129362341559969,
      "op_leverage_ratio": 2.05402196831705,
      "fcf_margin_change": 0.13863758107083338
    },
    {
      "date": "2025-09-30T00:00:00",
      "quarter_label": "2025-09 (Q3)",
      "revenue": 1589400000,
      "gross_profit": 422600000,
      "operating_income": 188800000,
      "net_income": 165400000,
      "opex": 1400700000,
      "cogs": 1166800000,
      "rd": null,
      "sga": 233900000,
      "fcf": 27100000,
      "ocf": 42300000,
      "capex": -15200000,
      "gross_margin": 0.2658864980495785,
      "op_margin": 0.11878696363407575,
      "fcf_margin": 0.017050459292814898,
      "incr_op_margin_yoy": 0.3267267267267267,
      "rev_growth_yoy": 0.11701454775458571,
      "rev_growth_yoy_accel": 0.054729920896590546,
      "fcf_margin_change": -0.31416867501530943
    },
    {
      "date": "2025-12-31T00:00:00",
      "quarter_label": "2025-12 (Q4)",
      "revenue": 1713900000,
      "gross_profit": 473600000,
      "operating_income": 206000000,
      "net_income": 284600000,
      "opex": 1507900000,
      "cogs": 1240300000,
      "rd": null,
      "sga": 267500000,
      "fcf": 318500000,
      "ocf": 324800000,
      "capex": -6300000,
      "gross_margin": 0.2763288406558142,
      "op_margin": 0.12019371025147325,
      "fcf_margin": 0.18583347919948656,
      "incr_op_margin_yoy": -0.03769045709703288,
      "rev_growth_yoy": 0.07846715328467153,
      "rev_growth_yoy_accel": -0.038547394469914176,
      "op_leverage_ratio": 1.0234967926505638,
      "fcf_margin_change": 0.16878301990667166
    }
  ],
  "signals": [
    {
      "quarter": "2025-12 (Q4)",
      "signal": "FCF MARGIN EXPANSION",
      "detail": "FCF margin: +1.7% -> +18.6% (+16.9%)",
      "severity": "MEDIUM"
    },
    {
      "quarter": "2025-09 (Q3)",
      "signal": "YoY REVENUE GROWTH ACCELERATION",
      "detail": "YoY growth: +11.7% vs prior quarter YoY: +6.2% (accel: +5.5%)",
      "severity": "MEDIUM"
    },
    {
      "quarter": "2025-09 (Q3)",
      "signal": "INCREMENTAL MARGIN (YoY)",
      "detail": "YoY Incr OPM: +32.7% vs year-ago OPM: +9.4%",
      "severity": "HIGH"
    },
    {
      "quarter": "2025-06 (Q2)",
      "signal": "FCF MARGIN EXPANSION",
      "detail": "FCF margin: +19.3% -> +33.1% (+13.9%)",
      "severity": "MEDIUM"
    },
    {
      "quarter": "2025-06 (Q2)",
      "signal": "OPERATING LEVERAGE",
      "detail": "Rev growth +14.0% vs OpEx growth +6.8% (leverage: 2.1x)",
      "severity": "MEDIUM"
    },
    {
      "quarter": "2025-06 (Q2)",
      "signal": "INCREMENTAL MARGIN (YoY)",
      "detail": "YoY Incr OPM: +47.3% vs year-ago OPM: +22.7%",
      "severity": "HIGH"
    },
    {
      "quarter": "2025-03 (Q1)",
      "signal": "OPERATING LEVERAGE",
      "detail": "Rev growth +14.0% vs OpEx growth +6.4% (leverage: 2.2x)",
      "severity": "MEDIUM"
    },
    {
      "quarter": "2025-03 (Q1)",
      "signal": "YoY REVENUE GROWTH DECELERATION",
      "detail": "YoY growth: +4.9% vs prior quarter YoY: +13.1% (decel: -8.2%)",
      "severity": "WARNING"
    },
    {
      "quarter": "2025-03 (Q1)",
      "signal": "INCREMENTAL MARGIN (YoY)",
      "detail": "YoY Incr OPM: +49.3% vs year-ago OPM: +17.5%",
      "severity": "HIGH"
    },
    {
      "quarter": "2024-12 (Q4)",
      "signal": "FCF TURNED POSITIVE",
      "detail": "FCF margin: -9.4% -> +14.3%",
      "severity": "HIGH"
    },
    {
      "quarter": "2024-12 (Q4)",
      "signal": "OPERATING LEVERAGE",
      "detail": "Rev growth +11.7% vs OpEx growth +7.0% (leverage: 1.7x)",
      "severity": "MEDIUM"
    },
    {
      "quarter": "2024-12 (Q4)",
      "signal": "GROSS MARGIN INFLECTION",
      "detail": "GM: +35.6% -> +24.5% -> +27.9% (reversal +3.5%)",
      "severity": "MEDIUM"
    },
    {
      "quarter": "2024-12 (Q4)",
      "signal": "YoY REVENUE GROWTH ACCELERATION",
      "detail": "YoY growth: +13.1% vs prior quarter YoY: -0.6% (accel: +13.7%)",
      "severity": "MEDIUM"
    },
    {
      "quarter": "2024-12 (Q4)",
      "signal": "INCREMENTAL MARGIN (YoY)",
      "detail": "YoY Incr OPM: +46.9% vs year-ago OPM: +8.9%",
      "severity": "HIGH"
    },
    {
      "quarter": "2024-09 (Q3)",
      "signal": "YoY REVENUE GROWTH DECELERATION",
      "detail": "YoY growth: -0.6% vs prior quarter YoY: +5.7% (decel: -6.3%)",
      "severity": "WARNING"
    },
    {
      "quarter": "2024-09 (Q3)",
      "signal": "INCREMENTAL MARGIN (YoY)",
      "detail": "YoY Incr OPM: +170.7% vs year-ago OPM: +10.4%",
      "severity": "HIGH"
    },
    {
      "quarter": "2024-06 (Q2)",
      "signal": "FCF MARGIN EXPANSION",
      "detail": "FCF margin: +10.7% -> +36.2% (+25.5%)",
      "severity": "MEDIUM"
    },
    {
      "quarter": "2024-06 (Q2)",
      "signal": "OPERATING LEVERAGE",
      "detail": "Rev growth +12.6% vs OpEx growth +5.6% (leverage: 2.3x)",
      "severity": "MEDIUM"
    },
    {
      "quarter": "2024-03 (Q1)",
      "signal": "OPERATING LEVERAGE",
      "detail": "Rev growth +22.9% vs OpEx growth +11.2% (leverage: 2.0x)",
      "severity": "MEDIUM"
    },
    {
      "quarter": "2024-03 (Q1)",
      "signal": "GROSS MARGIN INFLECTION",
      "detail": "GM: +24.9% -> +24.8% -> +31.2% (reversal +6.5%)",
      "severity": "HIGH"
    },
    {
      "quarter": "2023-12 (Q4)",
      "signal": "FCF TURNED POSITIVE",
      "detail": "FCF margin: -4.7% -> +12.6%",
      "severity": "HIGH"
    },
    {
      "quarter": "2023-09 (Q3)",
      "signal": "INCREMENTAL MARGIN (YoY)",
      "detail": "YoY Incr OPM: +41.2% vs year-ago OPM: +6.8%",
      "severity": "HIGH"
    },
    {
      "quarter": "2023-06 (Q2)",
      "signal": "FCF MARGIN EXPANSION",
      "detail": "FCF margin: +10.3% -> +38.7% (+28.4%)",
      "severity": "MEDIUM"
    },
    {
      "quarter": "2023-06 (Q2)",
      "signal": "OPERATING LEVERAGE",
      "detail": "Rev growth +11.7% vs OpEx growth +1.9% (leverage: 6.2x)",
      "severity": "MEDIUM"
    },
    {
      "quarter": "2023-06 (Q2)",
      "signal": "INCREMENTAL MARGIN (YoY)",
      "detail": "YoY Incr OPM: +96.9% vs year-ago OPM: +19.8%",
      "severity": "HIGH"
    },
    {
      "quarter": "2023-03 (Q1)",
      "signal": "OPERATING LEVERAGE",
      "detail": "Rev growth +27.3% vs OpEx growth +14.7% (leverage: 1.9x)",
      "severity": "MEDIUM"
    },
    {
      "quarter": "2023-03 (Q1)",
      "signal": "INCREMENTAL MARGIN (YoY)",
      "detail": "YoY Incr OPM: +36.4% vs year-ago OPM: +16.0%",
      "severity": "HIGH"
    },
    {
      "quarter": "2022-12 (Q4)",
      "signal": "FCF TURNED POSITIVE",
      "detail": "FCF margin: -16.4% -> +8.7%",
      "severity": "HIGH"
    },
    {
      "quarter": "2022-12 (Q4)",
      "signal": "INCREMENTAL MARGIN (YoY)",
      "detail": "YoY Incr OPM: +117.1% vs year-ago OPM: +5.5%",
      "severity": "HIGH"
    },
    {
      "quarter": "2022-06 (Q2)",
      "signal": "FCF MARGIN EXPANSION",
      "detail": "FCF margin: +4.6% -> +26.1% (+21.6%)",
      "severity": "MEDIUM"
    },
    {
      "quarter": "2022-06 (Q2)",
      "signal": "OPERATING LEVERAGE",
      "detail": "Rev growth +12.3% vs OpEx growth +7.3% (leverage: 1.7x)",
      "severity": "MEDIUM"
    },
    {
      "quarter": "2022-06 (Q2)",
      "signal": "INCREMENTAL MARGIN (YoY)",
      "detail": "YoY Incr OPM: +31.5% vs year-ago OPM: +18.4%",
      "severity": "MEDIUM"
    },
    {
      "quarter": "2022-03 (Q1)",
      "signal": "OPERATING LEVERAGE",
      "detail": "Rev growth +21.8% vs OpEx growth +8.1% (leverage: 2.7x)",
      "severity": "MEDIUM"
    },
    {
      "quarter": "2022-03 (Q1)",
      "signal": "GROSS MARGIN INFLECTION",
      "detail": "GM: +23.4% -> +22.3% -> +29.7% (reversal +7.4%)",
      "severity": "HIGH"
    },
    {
      "quarter": "2021-12 (Q4)",
      "signal": "FCF TURNED POSITIVE",
      "detail": "FCF margin: -11.8% -> +2.8%",
      "severity": "HIGH"
    },
    {
      "quarter": "2021-06 (Q2)",
      "signal": "FCF MARGIN EXPANSION",
      "detail": "FCF margin: +6.8% -> +28.7% (+21.9%)",
      "severity": "MEDIUM"
    }
  ],
  "data_quality": {
    "n_quarters": 20,
    "coverage": {
      "revenue": [
        20,
        20
      ],
      "gross_profit": [
        20,
        20
      ],
      "op_income": [
        20,
        20
      ],
      "fcf": [
        20,
        20
      ]
    },
    "gaps": [],
    "warnings": []
  },
  "market_cap": null,
  "source": "SEC EDGAR",
  "last_updated": "2026-02-04T13:46:07.445069"
}