{
  "ticker": "BRBR",
  "name": "BellRing Brands, Inc.",
  "quarters": [
    {
      "date": "2020-12-31T00:00:00",
      "quarter_label": "2020-12 (Q4)",
      "revenue": 282400000,
      "gross_profit": 91900000,
      "operating_income": 47800000,
      "net_income": 7800000,
      "opex": 44100000,
      "cogs": 190500000,
      "rd": null,
      "sga": 38300000,
      "fcf": 23300000,
      "ocf": 23300000,
      "capex": null,
      "gross_margin": 0.32542492917847027,
      "op_margin": 0.16926345609065155,
      "fcf_margin": 0.0825070821529745
    },
    {
      "date": "2021-03-31T00:00:00",
      "quarter_label": "2021-03 (Q1)",
      "revenue": 282100000,
      "gross_profit": 87000000,
      "operating_income": 15600000,
      "net_income": 600000,
      "opex": 71400000,
      "cogs": 195100000,
      "rd": null,
      "sga": 48200000,
      "fcf": 50500000,
      "ocf": 50500000,
      "capex": null,
      "gross_margin": 0.3084012761432116,
      "op_margin": 0.055299539170506916,
      "fcf_margin": 0.17901453385324353,
      "fcf_margin_change": 0.09650745170026903
    },
    {
      "date": "2021-06-30T00:00:00",
      "quarter_label": "2021-06 (Q2)",
      "revenue": 342600000,
      "gross_profit": 111300000,
      "operating_income": 51500000,
      "net_income": 9500000,
      "opex": 59800000,
      "cogs": 231300000,
      "rd": null,
      "sga": 42600000,
      "fcf": 72100000,
      "ocf": 72100000,
      "capex": null,
      "gross_margin": 0.3248686514886165,
      "op_margin": 0.15032107413893753,
      "fcf_margin": 0.21044950379451255,
      "op_leverage_ratio": Infinity,
      "fcf_margin_change": 0.031434969941269014
    },
    {
      "date": "2021-09-30T00:00:00",
      "quarter_label": "2021-09 (Q3)",
      "revenue": 340000000,
      "gross_profit": 96000000,
      "operating_income": 53100000,
      "net_income": 9700000,
      "opex": 42900000,
      "cogs": 244000000,
      "rd": null,
      "sga": 38000000,
      "fcf": 80200000,
      "ocf": 80200000,
      "capex": null,
      "gross_margin": 0.2823529411764706,
      "op_margin": 0.1561764705882353,
      "fcf_margin": 0.23588235294117646,
      "fcf_margin_change": 0.02543284914666391
    },
    {
      "date": "2021-12-31T00:00:00",
      "quarter_label": "2021-12 (Q4)",
      "revenue": 306500000,
      "gross_profit": 92300000,
      "operating_income": 50600000,
      "net_income": 8200000,
      "opex": 41700000,
      "cogs": 214200000,
      "rd": null,
      "sga": 36800000,
      "fcf": -9100000,
      "ocf": -9100000,
      "capex": null,
      "gross_margin": 0.301141924959217,
      "op_margin": 0.16508972267536703,
      "fcf_margin": -0.029690048939641108,
      "incr_op_margin_yoy": 0.11618257261410789,
      "rev_growth_yoy": 0.0853399433427762,
      "fcf_margin_change": -0.26557240188081754
    },
    {
      "date": "2022-03-31T00:00:00",
      "quarter_label": "2022-03 (Q1)",
      "revenue": 315200000,
      "gross_profit": 87000000,
      "operating_income": 33200000,
      "net_income": 1300000,
      "opex": 53800000,
      "cogs": 228200000,
      "rd": null,
      "sga": 48900000,
      "fcf": 26700000,
      "ocf": 26700000,
      "capex": null,
      "gross_margin": 0.2760152284263959,
      "op_margin": 0.10532994923857868,
      "fcf_margin": 0.08470812182741116,
      "incr_op_margin_yoy": 0.5317220543806647,
      "rev_growth_yoy": 0.1173342786246012,
      "rev_growth_yoy_accel": 0.031994335281825007,
      "op_leverage_ratio": 0.09782265784045409,
      "fcf_margin_change": 0.11439817076705228
    },
    {
      "date": "2022-06-30T00:00:00",
      "quarter_label": "2022-06 (Q2)",
      "revenue": 370600000,
      "gross_profit": 120200000,
      "operating_income": 67500000,
      "net_income": 39100000,
      "opex": 52700000,
      "cogs": 250400000,
      "rd": null,
      "sga": 47800000,
      "fcf": -6200000,
      "ocf": -6200000,
      "capex": null,
      "gross_margin": 0.32433890987587694,
      "op_margin": 0.18213707501349163,
      "fcf_margin": -0.01672962763086886,
      "incr_op_margin_yoy": 0.5714285714285714,
      "rev_growth_yoy": 0.08172796263864565,
      "rev_growth_yoy_accel": -0.03560631598595555,
      "op_leverage_ratio": Infinity,
      "fcf_margin_change": -0.10143774945828002
    },
    {
      "date": "2022-09-30T00:00:00",
      "quarter_label": "2022-09 (Q3)",
      "revenue": 379200000,
      "gross_profit": 122300000,
      "operating_income": 61100000,
      "net_income": 33700000,
      "opex": 61200000,
      "cogs": 256900000,
      "rd": null,
      "sga": 56200000,
      "fcf": 9600000,
      "ocf": 9600000,
      "capex": null,
      "gross_margin": 0.3225210970464135,
      "op_margin": 0.16112869198312235,
      "fcf_margin": 0.02531645569620253,
      "incr_op_margin_yoy": 0.20408163265306123,
      "rev_growth_yoy": 0.11529411764705882,
      "rev_growth_yoy_accel": 0.03356615500841317,
      "op_leverage_ratio": 0.14387479762547223,
      "fcf_margin_change": 0.042046083327071396
    },
    {
      "date": "2022-12-31T00:00:00",
      "quarter_label": "2022-12 (Q4)",
      "revenue": 362700000,
      "gross_profit": 121800000,
      "operating_income": 75200000,
      "net_income": 44200000,
      "opex": 46600000,
      "cogs": 240900000,
      "rd": null,
      "sga": 41700000,
      "fcf": 36300000,
      "ocf": 36300000,
      "capex": null,
      "gross_margin": 0.3358147229114971,
      "op_margin": 0.2073338847532396,
      "fcf_margin": 0.1000827129859388,
      "incr_op_margin_yoy": 0.4377224199288256,
      "rev_growth_yoy": 0.1833605220228385,
      "rev_growth_yoy_accel": 0.06806640437577968,
      "fcf_margin_change": 0.07476625728973627
    },
    {
      "date": "2023-03-31T00:00:00",
      "quarter_label": "2023-03 (Q1)",
      "revenue": 385600000,
      "gross_profit": 117100000,
      "operating_income": 58000000,
      "net_income": 30900000,
      "opex": 59100000,
      "cogs": 268500000,
      "rd": null,
      "sga": 54300000,
      "fcf": -16000000,
      "ocf": -16000000,
      "capex": null,
      "gross_margin": 0.30368257261410786,
      "op_margin": 0.1504149377593361,
      "fcf_margin": -0.04149377593360996,
      "incr_op_margin_yoy": 0.3522727272727273,
      "rev_growth_yoy": 0.2233502538071066,
      "rev_growth_yoy_accel": 0.039989731784268095,
      "op_leverage_ratio": 0.23537689550592777,
      "fcf_margin_change": -0.14157648891954874
    },
    {
      "date": "2023-06-30T00:00:00",
      "quarter_label": "2023-06 (Q2)",
      "revenue": 445900000,
      "gross_profit": 136000000,
      "operating_income": 76000000,
      "net_income": 44300000,
      "opex": 60000000,
      "cogs": 309900000,
      "rd": null,
      "sga": 55100000,
      "fcf": 110400000,
      "ocf": 110400000,
      "capex": null,
      "gross_margin": 0.30500112132765195,
      "op_margin": 0.1704418030948643,
      "fcf_margin": 0.24758914554832923,
      "incr_op_margin_yoy": 0.11288180610889774,
      "rev_growth_yoy": 0.20318402590393955,
      "rev_growth_yoy_accel": -0.02016622790316705,
      "op_leverage_ratio": 10.26893153526971,
      "fcf_margin_change": 0.2890829214819392
    },
    {
      "date": "2023-09-30T00:00:00",
      "quarter_label": "2023-09 (Q3)",
      "revenue": 472600000,
      "gross_profit": 155300000,
      "operating_income": 78100000,
      "net_income": 46100000,
      "opex": 77200000,
      "cogs": 317300000,
      "rd": null,
      "sga": 65200000,
      "fcf": 84900000,
      "ocf": 84900000,
      "capex": null,
      "gross_margin": 0.3286077020736352,
      "op_margin": 0.16525603046974185,
      "fcf_margin": 0.17964451967837494,
      "incr_op_margin_yoy": 0.18201284796573874,
      "rev_growth_yoy": 0.24630801687763712,
      "rev_growth_yoy_accel": 0.04312399097369757,
      "op_leverage_ratio": 0.2088798719078738,
      "fcf_margin_change": -0.06794462586995428
    },
    {
      "date": "2023-12-31T00:00:00",
      "quarter_label": "2023-12 (Q4)",
      "revenue": 430400000,
      "gross_profit": 148000000,
      "operating_income": 73000000,
      "net_income": 43900000,
      "opex": 75000000,
      "cogs": 282400000,
      "rd": null,
      "sga": 52800000,
      "fcf": 74200000,
      "ocf": 74200000,
      "capex": null,
      "gross_margin": 0.34386617100371747,
      "op_margin": 0.1696096654275093,
      "fcf_margin": 0.17239776951672864,
      "incr_op_margin_yoy": -0.03249630723781388,
      "rev_growth_yoy": 0.1866556382685415,
      "rev_growth_yoy_accel": -0.05965237860909561,
      "fcf_margin_change": -0.007246750161646304
    },
    {
      "date": "2024-03-31T00:00:00",
      "quarter_label": "2024-03 (Q1)",
      "revenue": 494600000,
      "gross_profit": 164300000,
      "operating_income": 91000000,
      "net_income": 57200000,
      "opex": 73300000,
      "cogs": 330300000,
      "rd": null,
      "sga": 69100000,
      "fcf": 16300000,
      "ocf": 16300000,
      "capex": null,
      "gross_margin": 0.3321876263647392,
      "op_margin": 0.18398706025070763,
      "fcf_margin": 0.03295592397897291,
      "incr_op_margin_yoy": 0.30275229357798167,
      "rev_growth_yoy": 0.28267634854771784,
      "rev_growth_yoy_accel": 0.09602071027917633,
      "op_leverage_ratio": Infinity,
      "fcf_margin_change": -0.13944184553775574
    },
    {
      "date": "2024-06-30T00:00:00",
      "quarter_label": "2024-06 (Q2)",
      "revenue": 515400000,
      "gross_profit": 189900000,
      "operating_income": 111600000,
      "net_income": 73700000,
      "opex": 78300000,
      "cogs": 325500000,
      "rd": null,
      "sga": 74000000,
      "fcf": 69000000,
      "ocf": 69000000,
      "capex": null,
      "gross_margin": 0.36845168800931316,
      "op_margin": 0.21653084982537835,
      "fcf_margin": 0.13387660069848661,
      "incr_op_margin_yoy": 0.5122302158273381,
      "rev_growth_yoy": 0.15586454361964566,
      "rev_growth_yoy_accel": -0.12681180492807217,
      "op_leverage_ratio": 0.6165143550343712,
      "fcf_margin_change": 0.10092067671951371
    },
    {
      "date": "2024-09-30T00:00:00",
      "quarter_label": "2024-09 (Q3)",
      "revenue": 555800000,
      "gross_profit": 205100000,
      "operating_income": 112100000,
      "net_income": 71700000,
      "opex": 93000000,
      "cogs": 350700000,
      "rd": null,
      "sga": 88700000,
      "fcf": 40100000,
      "ocf": 40100000,
      "capex": null,
      "gross_margin": 0.3690176322418136,
      "op_margin": 0.20169125584742714,
      "fcf_margin": 0.07214825476790213,
      "incr_op_margin_yoy": 0.40865384615384615,
      "rev_growth_yoy": 0.17604739737621666,
      "rev_growth_yoy_accel": 0.020182853756571,
      "op_leverage_ratio": 0.4175239362333991,
      "fcf_margin_change": -0.06172834593058449
    },
    {
      "date": "2024-12-31T00:00:00",
      "quarter_label": "2024-12 (Q4)",
      "revenue": 532900000,
      "gross_profit": 199600000,
      "operating_income": 115300000,
      "net_income": 76900000,
      "opex": 84300000,
      "cogs": 333300000,
      "rd": null,
      "sga": 80100000,
      "fcf": 3000000,
      "ocf": 3000000,
      "capex": null,
      "gross_margin": 0.3745543253893789,
      "op_margin": 0.21636329517733158,
      "fcf_margin": 0.00562957402889848,
      "incr_op_margin_yoy": 0.41268292682926827,
      "rev_growth_yoy": 0.23815055762081785,
      "rev_growth_yoy_accel": 0.06210316024460119,
      "fcf_margin_change": -0.06651868073900365
    },
    {
      "date": "2025-03-31T00:00:00",
      "quarter_label": "2025-03 (Q1)",
      "revenue": 588000000,
      "gross_profit": 189800000,
      "operating_income": 95100000,
      "net_income": 58700000,
      "opex": 94700000,
      "cogs": 398200000,
      "rd": null,
      "sga": 90500000,
      "fcf": 48200000,
      "ocf": 48200000,
      "capex": null,
      "gross_margin": 0.3227891156462585,
      "op_margin": 0.16173469387755102,
      "fcf_margin": 0.08197278911564626,
      "incr_op_margin_yoy": 0.043897216274089934,
      "rev_growth_yoy": 0.1888394662353417,
      "rev_growth_yoy_accel": -0.04931109138547615,
      "op_leverage_ratio": 0.838108246604212,
      "fcf_margin_change": 0.07634321508674778
    },
    {
      "date": "2025-06-30T00:00:00",
      "quarter_label": "2025-06 (Q2)",
      "revenue": 547500000,
      "gross_profit": 193600000,
      "operating_income": 44800000,
      "net_income": 21000000,
      "opex": 148800000,
      "cogs": 353900000,
      "rd": null,
      "sga": 144500000,
      "fcf": 40300000,
      "ocf": 40300000,
      "capex": null,
      "gross_margin": 0.35360730593607304,
      "op_margin": 0.08182648401826484,
      "fcf_margin": 0.07360730593607306,
      "incr_op_margin_yoy": -2.0809968847352023,
      "rev_growth_yoy": 0.06228172293364377,
      "rev_growth_yoy_accel": -0.12655774330169794,
      "fcf_margin_change": -0.008365483179573197
    },
    {
      "date": "2025-09-30T00:00:00",
      "quarter_label": "2025-09 (Q3)",
      "revenue": 648200000,
      "gross_profit": 187400000,
      "operating_income": 102200000,
      "net_income": 59600000,
      "opex": 85200000,
      "cogs": 460800000,
      "rd": null,
      "sga": 80900000,
      "fcf": 169100000,
      "ocf": 169100000,
      "capex": null,
      "gross_margin": 0.289108299907436,
      "op_margin": 0.15766738660907129,
      "fcf_margin": 0.26087627275532244,
      "incr_op_margin_yoy": -0.10714285714285714,
      "rev_growth_yoy": 0.16624685138539042,
      "rev_growth_yoy_accel": 0.10396512845174664,
      "op_leverage_ratio": Infinity,
      "fcf_margin_change": 0.18726896681924937
    }
  ],
  "signals": [
    {
      "quarter": "2025-09 (Q3)",
      "signal": "FCF MARGIN EXPANSION",
      "detail": "FCF margin: +7.4% -> +26.1% (+18.7%)",
      "severity": "MEDIUM"
    },
    {
      "quarter": "2025-09 (Q3)",
      "signal": "YoY REVENUE GROWTH ACCELERATION",
      "detail": "YoY growth: +16.6% vs prior quarter YoY: +6.2% (accel: +10.4%)",
      "severity": "MEDIUM"
    },
    {
      "quarter": "2025-06 (Q2)",
      "signal": "GROSS MARGIN INFLECTION",
      "detail": "GM: +37.5% -> +32.3% -> +35.4% (reversal +3.1%)",
      "severity": "MEDIUM"
    },
    {
      "quarter": "2025-06 (Q2)",
      "signal": "YoY REVENUE GROWTH DECELERATION",
      "detail": "YoY growth: +6.2% vs prior quarter YoY: +18.9% (decel: -12.7%)",
      "severity": "WARNING"
    },
    {
      "quarter": "2025-03 (Q1)",
      "signal": "FCF MARGIN EXPANSION",
      "detail": "FCF margin: +0.6% -> +8.2% (+7.6%)",
      "severity": "MEDIUM"
    },
    {
      "quarter": "2024-12 (Q4)",
      "signal": "YoY REVENUE GROWTH ACCELERATION",
      "detail": "YoY growth: +23.8% vs prior quarter YoY: +17.6% (accel: +6.2%)",
      "severity": "MEDIUM"
    },
    {
      "quarter": "2024-12 (Q4)",
      "signal": "INCREMENTAL MARGIN (YoY)",
      "detail": "YoY Incr OPM: +41.3% vs year-ago OPM: +17.0%",
      "severity": "HIGH"
    },
    {
      "quarter": "2024-09 (Q3)",
      "signal": "INCREMENTAL MARGIN (YoY)",
      "detail": "YoY Incr OPM: +40.9% vs year-ago OPM: +16.5%",
      "severity": "HIGH"
    },
    {
      "quarter": "2024-06 (Q2)",
      "signal": "FCF MARGIN EXPANSION",
      "detail": "FCF margin: +3.3% -> +13.4% (+10.1%)",
      "severity": "MEDIUM"
    },
    {
      "quarter": "2024-06 (Q2)",
      "signal": "GROSS MARGIN INFLECTION",
      "detail": "GM: +34.4% -> +33.2% -> +36.8% (reversal +3.6%)",
      "severity": "MEDIUM"
    },
    {
      "quarter": "2024-06 (Q2)",
      "signal": "YoY REVENUE GROWTH DECELERATION",
      "detail": "YoY growth: +15.6% vs prior quarter YoY: +28.3% (decel: -12.7%)",
      "severity": "WARNING"
    },
    {
      "quarter": "2024-06 (Q2)",
      "signal": "INCREMENTAL MARGIN (YoY)",
      "detail": "YoY Incr OPM: +51.2% vs year-ago OPM: +17.0%",
      "severity": "HIGH"
    },
    {
      "quarter": "2024-03 (Q1)",
      "signal": "YoY REVENUE GROWTH ACCELERATION",
      "detail": "YoY growth: +28.3% vs prior quarter YoY: +18.7% (accel: +9.6%)",
      "severity": "MEDIUM"
    },
    {
      "quarter": "2024-03 (Q1)",
      "signal": "INCREMENTAL MARGIN (YoY)",
      "detail": "YoY Incr OPM: +30.3% vs year-ago OPM: +15.0%",
      "severity": "MEDIUM"
    },
    {
      "quarter": "2023-12 (Q4)",
      "signal": "YoY REVENUE GROWTH DECELERATION",
      "detail": "YoY growth: +18.7% vs prior quarter YoY: +24.6% (decel: -6.0%)",
      "severity": "WARNING"
    },
    {
      "quarter": "2023-06 (Q2)",
      "signal": "FCF TURNED POSITIVE",
      "detail": "FCF margin: -4.1% -> +24.8%",
      "severity": "HIGH"
    },
    {
      "quarter": "2023-06 (Q2)",
      "signal": "OPERATING LEVERAGE",
      "detail": "Rev growth +15.6% vs OpEx growth +1.5% (leverage: 10.3x)",
      "severity": "MEDIUM"
    },
    {
      "quarter": "2023-03 (Q1)",
      "signal": "INCREMENTAL MARGIN (YoY)",
      "detail": "YoY Incr OPM: +35.2% vs year-ago OPM: +10.5%",
      "severity": "HIGH"
    },
    {
      "quarter": "2022-12 (Q4)",
      "signal": "FCF MARGIN EXPANSION",
      "detail": "FCF margin: +2.5% -> +10.0% (+7.5%)",
      "severity": "MEDIUM"
    },
    {
      "quarter": "2022-12 (Q4)",
      "signal": "YoY REVENUE GROWTH ACCELERATION",
      "detail": "YoY growth: +18.3% vs prior quarter YoY: +11.5% (accel: +6.8%)",
      "severity": "MEDIUM"
    },
    {
      "quarter": "2022-12 (Q4)",
      "signal": "INCREMENTAL MARGIN (YoY)",
      "detail": "YoY Incr OPM: +43.8% vs year-ago OPM: +16.5%",
      "severity": "HIGH"
    },
    {
      "quarter": "2022-09 (Q3)",
      "signal": "FCF TURNED POSITIVE",
      "detail": "FCF margin: -1.7% -> +2.5%",
      "severity": "HIGH"
    },
    {
      "quarter": "2022-06 (Q2)",
      "signal": "GROSS MARGIN INFLECTION",
      "detail": "GM: +30.1% -> +27.6% -> +32.4% (reversal +4.8%)",
      "severity": "MEDIUM"
    },
    {
      "quarter": "2022-06 (Q2)",
      "signal": "INCREMENTAL MARGIN (YoY)",
      "detail": "YoY Incr OPM: +57.1% vs year-ago OPM: +15.0%",
      "severity": "HIGH"
    },
    {
      "quarter": "2022-03 (Q1)",
      "signal": "FCF TURNED POSITIVE",
      "detail": "FCF margin: -3.0% -> +8.5%",
      "severity": "HIGH"
    },
    {
      "quarter": "2022-03 (Q1)",
      "signal": "INCREMENTAL MARGIN (YoY)",
      "detail": "YoY Incr OPM: +53.2% vs year-ago OPM: +5.5%",
      "severity": "HIGH"
    },
    {
      "quarter": "2021-03 (Q1)",
      "signal": "FCF MARGIN EXPANSION",
      "detail": "FCF margin: +8.3% -> +17.9% (+9.7%)",
      "severity": "MEDIUM"
    }
  ],
  "data_quality": {
    "n_quarters": 20,
    "coverage": {
      "revenue": [
        20,
        20
      ],
      "gross_profit": [
        20,
        20
      ],
      "op_income": [
        20,
        20
      ],
      "fcf": [
        20,
        20
      ]
    },
    "gaps": [],
    "warnings": []
  },
  "market_cap": null,
  "source": "SEC EDGAR",
  "last_updated": "2026-02-02T21:21:13.567566"
}