{
  "ticker": "BRC",
  "name": "BRADY CORP",
  "sector": "Industrials",
  "industry": "Security & Protection Services",
  "quarters": [
    {
      "date": "2021-04-30T00:00:00",
      "quarter_label": "2021-04 (Q2)",
      "revenue": 295503000,
      "gross_profit": 148847000,
      "operating_income": 46725000,
      "net_income": 37291000,
      "opex": 102122000,
      "cogs": 146656000,
      "rd": 11305000,
      "sga": 90817000,
      "fcf": 49119000,
      "ocf": 56019000,
      "capex": -6900000,
      "gross_margin": 0.5037072381667868,
      "op_margin": 0.15812022212972457,
      "fcf_margin": 0.1662216627242363
    },
    {
      "date": "2021-07-31T00:00:00",
      "quarter_label": "2021-07 (Q3)",
      "revenue": 306130000,
      "gross_profit": 147649000,
      "operating_income": 40802000,
      "net_income": 28027000,
      "opex": 106847000,
      "cogs": 158481000,
      "rd": 13167000,
      "sga": 93680000,
      "fcf": 44979000,
      "ocf": 50757000,
      "capex": -5778000,
      "gross_margin": 0.4823081697318133,
      "op_margin": 0.1332832456799399,
      "fcf_margin": 0.1469277757815307,
      "op_leverage_ratio": 0.7772599406192297,
      "fcf_margin_change": -0.01929388694270559
    },
    {
      "date": "2021-10-31T00:00:00",
      "quarter_label": "2021-10 (Q4)",
      "revenue": 321475000,
      "gross_profit": 154988000,
      "operating_income": 44335000,
      "net_income": 35046000,
      "opex": 110653000,
      "cogs": 166487000,
      "rd": 13907000,
      "sga": 96746000,
      "fcf": 16163000,
      "ocf": 27491000,
      "capex": -11328000,
      "gross_margin": 0.4821152500194416,
      "op_margin": 0.1379111906058014,
      "fcf_margin": 0.05027762656505171,
      "op_leverage_ratio": 1.407195864313189,
      "fcf_margin_change": -0.09665014921647899
    },
    {
      "date": "2022-01-31T00:00:00",
      "quarter_label": "2022-01 (Q1)",
      "revenue": 318055000,
      "gross_profit": 149362000,
      "operating_income": 42872000,
      "net_income": 33815000,
      "opex": 106490000,
      "cogs": 168693000,
      "rd": 13965000,
      "sga": 92525000,
      "fcf": -8275000,
      "ocf": -3163000,
      "capex": -5112000,
      "gross_margin": 0.46961060193991605,
      "op_margin": 0.13479429658392417,
      "fcf_margin": -0.026017512694345317,
      "fcf_margin_change": -0.07629513925939703
    },
    {
      "date": "2022-04-30T00:00:00",
      "quarter_label": "2022-04 (Q2)",
      "revenue": 338551000,
      "gross_profit": 164026000,
      "operating_income": 52889000,
      "net_income": 40054000,
      "opex": 111137000,
      "cogs": 174525000,
      "rd": 14923000,
      "sga": 96214000,
      "fcf": 35218000,
      "ocf": 40908000,
      "capex": -5690000,
      "gross_margin": 0.48449421209802956,
      "op_margin": 0.15622166231970958,
      "fcf_margin": 0.1040256859380123,
      "incr_op_margin_yoy": 0.14318899832744844,
      "rev_growth_yoy": 0.14567703204366791,
      "op_leverage_ratio": 1.476736603093697,
      "fcf_margin_change": 0.1300431986323576
    },
    {
      "date": "2022-07-31T00:00:00",
      "quarter_label": "2022-07 (Q3)",
      "revenue": 323981000,
      "gross_profit": 163176000,
      "operating_income": 52916000,
      "net_income": 41064000,
      "opex": 110260000,
      "cogs": 160805000,
      "rd": 15753000,
      "sga": 94507000,
      "fcf": 32205000,
      "ocf": 53213000,
      "capex": -21008000,
      "gross_margin": 0.5036591651979592,
      "op_margin": 0.16333056568132082,
      "fcf_margin": 0.09940397739373605,
      "incr_op_margin_yoy": 0.6786174444008739,
      "rev_growth_yoy": 0.058311828308235066,
      "rev_growth_yoy_accel": -0.08736520373543286,
      "fcf_margin_change": -0.004621708544276251
    },
    {
      "date": "2022-10-31T00:00:00",
      "quarter_label": "2022-10 (Q4)",
      "revenue": 322569000,
      "gross_profit": 155264000,
      "operating_income": 51386000,
      "net_income": 39441000,
      "opex": 103878000,
      "cogs": 167305000,
      "rd": 13933000,
      "sga": 89945000,
      "fcf": 24138000,
      "ocf": 27999000,
      "capex": -3861000,
      "gross_margin": 0.48133577622152157,
      "op_margin": 0.1593023508148644,
      "fcf_margin": 0.07483050138109985,
      "incr_op_margin_yoy": 6.4451553930530165,
      "rev_growth_yoy": 0.003403064001866397,
      "rev_growth_yoy_accel": -0.054908764306368665,
      "fcf_margin_change": -0.024573476012636195
    },
    {
      "date": "2023-01-31T00:00:00",
      "quarter_label": "2023-01 (Q1)",
      "revenue": 326249000,
      "gross_profit": 156440000,
      "operating_income": 48781000,
      "net_income": 37986000,
      "opex": 107659000,
      "cogs": 169809000,
      "rd": 15377000,
      "sga": 92282000,
      "fcf": 25079000,
      "ocf": 29385000,
      "capex": -4306000,
      "gross_margin": 0.47951104830972663,
      "op_margin": 0.1495207648146048,
      "fcf_margin": 0.07687073370339832,
      "incr_op_margin_yoy": 0.7211374176226507,
      "rev_growth_yoy": 0.025762839760418797,
      "rev_growth_yoy_accel": 0.0223597757585524,
      "op_leverage_ratio": 0.31343110433655075,
      "fcf_margin_change": 0.0020402323222984686
    },
    {
      "date": "2023-04-30T00:00:00",
      "quarter_label": "2023-04 (Q2)",
      "revenue": 337116000,
      "gross_profit": 169691000,
      "operating_income": 63001000,
      "net_income": 48052000,
      "opex": 106690000,
      "cogs": 167425000,
      "rd": 15715000,
      "sga": 90975000,
      "fcf": 67732000,
      "ocf": 72477000,
      "capex": -4745000,
      "gross_margin": 0.50336086094994,
      "op_margin": 0.18688226011224623,
      "fcf_margin": 0.20091600517329347,
      "incr_op_margin_yoy": -7.046689895470383,
      "rev_growth_yoy": -0.004238652374383771,
      "rev_growth_yoy_accel": -0.03000149213480257,
      "op_leverage_ratio": null,
      "fcf_margin_change": 0.12404527146989515
    },
    {
      "date": "2023-07-31T00:00:00",
      "quarter_label": "2023-07 (Q3)",
      "revenue": 345929000,
      "gross_profit": 175880000,
      "operating_income": 62045000,
      "net_income": 49378000,
      "opex": 113835000,
      "cogs": 170049000,
      "rd": 16340000,
      "sga": 97495000,
      "fcf": 72974000,
      "ocf": 79288000,
      "capex": -6314000,
      "gross_margin": 0.5084280300292835,
      "op_margin": 0.17935761384561572,
      "fcf_margin": 0.21095080204319383,
      "incr_op_margin_yoy": 0.41593767085839256,
      "rev_growth_yoy": 0.06774471342455267,
      "rev_growth_yoy_accel": 0.07198336579893644,
      "op_leverage_ratio": 0.3903605191298245,
      "fcf_margin_change": 0.010034796869900359
    },
    {
      "date": "2023-10-31T00:00:00",
      "quarter_label": "2023-10 (Q4)",
      "revenue": 331983000,
      "gross_profit": 171719000,
      "operating_income": 59730000,
      "net_income": 47241000,
      "opex": 111989000,
      "cogs": 160264000,
      "rd": 15702000,
      "sga": 96287000,
      "fcf": 50994000,
      "ocf": 62273000,
      "capex": -11279000,
      "gross_margin": 0.5172523894295792,
      "op_margin": 0.17991885126648052,
      "fcf_margin": 0.15360425082007212,
      "incr_op_margin_yoy": 0.8863394943700871,
      "rev_growth_yoy": 0.02918445355877347,
      "rev_growth_yoy_accel": -0.0385602598657792,
      "fcf_margin_change": -0.05734655122312171
    },
    {
      "date": "2024-01-31T00:00:00",
      "quarter_label": "2024-01 (Q1)",
      "revenue": 322624000,
      "gross_profit": 162083000,
      "operating_income": 53926000,
      "net_income": 43628000,
      "opex": 108157000,
      "cogs": 160541000,
      "rd": 16832000,
      "sga": 91325000,
      "fcf": -13475000,
      "ocf": 36078000,
      "capex": -49553000,
      "gross_margin": 0.5023897788137275,
      "op_margin": 0.16714813529061695,
      "fcf_margin": -0.041766886530450305,
      "incr_op_margin_yoy": -1.4193103448275861,
      "rev_growth_yoy": -0.011111145168261052,
      "rev_growth_yoy_accel": -0.040295598727034525,
      "fcf_margin_change": -0.19537113735052242
    },
    {
      "date": "2024-04-30T00:00:00",
      "quarter_label": "2024-04 (Q2)",
      "revenue": 343384000,
      "gross_profit": 177027000,
      "operating_income": 63543000,
      "net_income": 50890000,
      "opex": 113484000,
      "cogs": 166357000,
      "rd": 17681000,
      "sga": 95803000,
      "fcf": 64418000,
      "ocf": 72743000,
      "capex": -8325000,
      "gross_margin": 0.5155365421801831,
      "op_margin": 0.1850493907695175,
      "fcf_margin": 0.1875975584185635,
      "incr_op_margin_yoy": 0.08647096362476069,
      "rev_growth_yoy": 0.018593006561539647,
      "rev_growth_yoy_accel": 0.029704151729800697,
      "op_leverage_ratio": 1.306479541869678,
      "fcf_margin_change": 0.22936444494901378
    },
    {
      "date": "2024-07-31T00:00:00",
      "quarter_label": "2024-07 (Q3)",
      "revenue": 343402000,
      "gross_profit": 177055000,
      "operating_income": 66215000,
      "net_income": 55456000,
      "opex": 110840000,
      "cogs": 166347000,
      "rd": 17533000,
      "sga": 93307000,
      "fcf": 73245000,
      "ocf": 83980000,
      "capex": -10735000,
      "gross_margin": 0.5155910565459724,
      "op_margin": 0.19282065916913704,
      "fcf_margin": 0.21329229299771113,
      "incr_op_margin_yoy": -1.6501780767708745,
      "rev_growth_yoy": -0.007304967204252896,
      "rev_growth_yoy_accel": -0.02589797376579254,
      "fcf_margin_change": 0.025694734579147643
    },
    {
      "date": "2024-10-31T00:00:00",
      "quarter_label": "2024-10 (Q4)",
      "revenue": 377065000,
      "gross_profit": 189689000,
      "operating_income": 58922000,
      "net_income": 46783000,
      "opex": 130767000,
      "cogs": 187376000,
      "rd": 18921000,
      "sga": 111846000,
      "fcf": 16120000,
      "ocf": 23406000,
      "capex": -7286000,
      "gross_margin": 0.5030671104451487,
      "op_margin": 0.1562648349754021,
      "fcf_margin": 0.04275124978451991,
      "incr_op_margin_yoy": -0.017922896056075596,
      "rev_growth_yoy": 0.13579611004177924,
      "rev_growth_yoy_accel": 0.14310107724603213,
      "op_leverage_ratio": 0.5452611977164855,
      "fcf_margin_change": -0.17054104321319122
    },
    {
      "date": "2025-01-31T00:00:00",
      "quarter_label": "2025-01 (Q1)",
      "revenue": 356675000,
      "gross_profit": 175843000,
      "operating_income": 51234000,
      "net_income": 40334000,
      "opex": 124609000,
      "cogs": 180832000,
      "rd": 18723000,
      "sga": 105886000,
      "fcf": 32457000,
      "ocf": 39594000,
      "capex": -7137000,
      "gross_margin": 0.49300623817200534,
      "op_margin": 0.1436433728183921,
      "fcf_margin": 0.09099880843905517,
      "incr_op_margin_yoy": -0.0790578837625914,
      "rev_growth_yoy": 0.10554391489783774,
      "rev_growth_yoy_accel": -0.030252195143941507,
      "fcf_margin_change": 0.048247558654535255
    },
    {
      "date": "2025-04-30T00:00:00",
      "quarter_label": "2025-04 (Q2)",
      "revenue": 382590000,
      "gross_profit": 195059000,
      "operating_income": 67190000,
      "net_income": 52263000,
      "opex": 127869000,
      "cogs": 187531000,
      "rd": 19191000,
      "sga": 108678000,
      "fcf": 55612000,
      "ocf": 59874000,
      "capex": -4262000,
      "gross_margin": 0.5098382080033457,
      "op_margin": 0.1756188086463316,
      "fcf_margin": 0.1453566481089417,
      "incr_op_margin_yoy": 0.09302147630464724,
      "rev_growth_yoy": 0.11417538382685273,
      "rev_growth_yoy_accel": 0.008631468929014993,
      "op_leverage_ratio": 2.777220446514996,
      "fcf_margin_change": 0.054357839669886526
    },
    {
      "date": "2025-07-31T00:00:00",
      "quarter_label": "2025-07 (Q3)",
      "revenue": 397275000,
      "gross_profit": 200231000,
      "operating_income": 59292000,
      "net_income": 49876000,
      "opex": 140939000,
      "cogs": 197044000,
      "rd": 23054000,
      "sga": 117885000,
      "fcf": 49430000,
      "ocf": 58322000,
      "capex": -8892000,
      "gross_margin": 0.5040110754515135,
      "op_margin": 0.14924674343968283,
      "fcf_margin": 0.12442262916116041,
      "incr_op_margin_yoy": -0.1285059306145936,
      "rev_growth_yoy": 0.15688027443055078,
      "rev_growth_yoy_accel": 0.042704890603698045,
      "op_leverage_ratio": 0.3755173588031944,
      "fcf_margin_change": -0.020934018947781283
    },
    {
      "date": "2025-10-31T00:00:00",
      "quarter_label": "2025-10 (Q4)",
      "revenue": 405287000,
      "gross_profit": 208832000,
      "operating_income": 67972000,
      "net_income": 53936000,
      "opex": 140860000,
      "cogs": 196455000,
      "rd": 23292000,
      "sga": 117568000,
      "fcf": 22376000,
      "ocf": 33356000,
      "capex": -10980000,
      "gross_margin": 0.5152694263571247,
      "op_margin": 0.16771325011658406,
      "fcf_margin": 0.055210258409472794,
      "incr_op_margin_yoy": 0.32067181631351427,
      "rev_growth_yoy": 0.07484651187461047,
      "rev_growth_yoy_accel": -0.0820337625559403,
      "op_leverage_ratio": null,
      "fcf_margin_change": -0.06921237075168762
    },
    {
      "date": "2026-01-31T00:00:00",
      "quarter_label": "2026-01 (Q1)",
      "revenue": 384137000,
      "gross_profit": 194394000,
      "operating_income": 62190000,
      "net_income": 48051000,
      "opex": 132204000,
      "cogs": 189743000,
      "rd": 24309000,
      "sga": 107895000,
      "fcf": 42347000,
      "ocf": 53314000,
      "capex": -10967000,
      "gross_margin": 0.5060538297534474,
      "op_margin": 0.1618953654555536,
      "fcf_margin": 0.11023931566081893,
      "incr_op_margin_yoy": 0.3989512781297793,
      "rev_growth_yoy": 0.07699446274619752,
      "rev_growth_yoy_accel": 0.0021479508715870482,
      "fcf_margin_change": 0.05502905725134614
    }
  ],
  "signals": [
    {
      "quarter": "2026-01 (Q1)",
      "signal": "FCF MARGIN EXPANSION",
      "detail": "FCF margin: +5.5% -> +11.0% (+5.5%)",
      "severity": "MEDIUM"
    },
    {
      "quarter": "2026-01 (Q1)",
      "signal": "INCREMENTAL MARGIN (YoY)",
      "detail": "YoY Incr OPM: +39.9% vs year-ago OPM: +14.4%",
      "severity": "HIGH"
    },
    {
      "quarter": "2025-10 (Q4)",
      "signal": "YoY REVENUE GROWTH DECELERATION",
      "detail": "YoY growth: +7.5% vs prior quarter YoY: +15.7% (decel: -8.2%)",
      "severity": "WARNING"
    },
    {
      "quarter": "2025-10 (Q4)",
      "signal": "INCREMENTAL MARGIN (YoY)",
      "detail": "YoY Incr OPM: +32.1% vs year-ago OPM: +15.6%",
      "severity": "MEDIUM"
    },
    {
      "quarter": "2025-04 (Q2)",
      "signal": "FCF MARGIN EXPANSION",
      "detail": "FCF margin: +9.1% -> +14.5% (+5.4%)",
      "severity": "MEDIUM"
    },
    {
      "quarter": "2025-04 (Q2)",
      "signal": "OPERATING LEVERAGE",
      "detail": "Rev growth +7.3% vs OpEx growth +2.6% (leverage: 2.8x)",
      "severity": "MEDIUM"
    },
    {
      "quarter": "2024-10 (Q4)",
      "signal": "YoY REVENUE GROWTH ACCELERATION",
      "detail": "YoY growth: +13.6% vs prior quarter YoY: -0.7% (accel: +14.3%)",
      "severity": "MEDIUM"
    },
    {
      "quarter": "2024-04 (Q2)",
      "signal": "FCF TURNED POSITIVE",
      "detail": "FCF margin: -4.2% -> +18.8%",
      "severity": "HIGH"
    },
    {
      "quarter": "2023-10 (Q4)",
      "signal": "INCREMENTAL MARGIN (YoY)",
      "detail": "YoY Incr OPM: +88.6% vs year-ago OPM: +15.9%",
      "severity": "HIGH"
    },
    {
      "quarter": "2023-07 (Q3)",
      "signal": "YoY REVENUE GROWTH ACCELERATION",
      "detail": "YoY growth: +6.8% vs prior quarter YoY: -0.4% (accel: +7.2%)",
      "severity": "MEDIUM"
    },
    {
      "quarter": "2023-07 (Q3)",
      "signal": "INCREMENTAL MARGIN (YoY)",
      "detail": "YoY Incr OPM: +41.6% vs year-ago OPM: +16.3%",
      "severity": "HIGH"
    },
    {
      "quarter": "2023-04 (Q2)",
      "signal": "FCF MARGIN EXPANSION",
      "detail": "FCF margin: +7.7% -> +20.1% (+12.4%)",
      "severity": "MEDIUM"
    },
    {
      "quarter": "2023-04 (Q2)",
      "signal": "GROSS MARGIN INFLECTION",
      "detail": "GM: +48.1% -> +48.0% -> +50.3% (reversal +2.4%)",
      "severity": "MEDIUM"
    },
    {
      "quarter": "2023-01 (Q1)",
      "signal": "INCREMENTAL MARGIN (YoY)",
      "detail": "YoY Incr OPM: +72.1% vs year-ago OPM: +13.5%",
      "severity": "HIGH"
    },
    {
      "quarter": "2022-10 (Q4)",
      "signal": "YoY REVENUE GROWTH DECELERATION",
      "detail": "YoY growth: +0.3% vs prior quarter YoY: +5.8% (decel: -5.5%)",
      "severity": "WARNING"
    },
    {
      "quarter": "2022-10 (Q4)",
      "signal": "INCREMENTAL MARGIN (YoY)",
      "detail": "YoY Incr OPM: +644.5% vs year-ago OPM: +13.8%",
      "severity": "HIGH"
    },
    {
      "quarter": "2022-07 (Q3)",
      "signal": "YoY REVENUE GROWTH DECELERATION",
      "detail": "YoY growth: +5.8% vs prior quarter YoY: +14.6% (decel: -8.7%)",
      "severity": "WARNING"
    },
    {
      "quarter": "2022-07 (Q3)",
      "signal": "INCREMENTAL MARGIN (YoY)",
      "detail": "YoY Incr OPM: +67.9% vs year-ago OPM: +13.3%",
      "severity": "HIGH"
    },
    {
      "quarter": "2022-04 (Q2)",
      "signal": "FCF TURNED POSITIVE",
      "detail": "FCF margin: -2.6% -> +10.4%",
      "severity": "HIGH"
    }
  ],
  "data_quality": {
    "n_quarters": 20,
    "coverage": {
      "revenue": [
        20,
        20
      ],
      "gross_profit": [
        20,
        20
      ],
      "op_income": [
        20,
        20
      ],
      "fcf": [
        20,
        20
      ]
    },
    "gaps": [],
    "warnings": []
  },
  "market_cap": null,
  "source": "SEC EDGAR",
  "last_updated": "2026-02-24T10:21:30.899783"
}