{
  "ticker": "BRCC",
  "name": "BRC Inc.",
  "quarters": [
    {
      "date": "2021-03-31T00:00:00",
      "quarter_label": "2021-03 (Q1)",
      "revenue": 48790000,
      "gross_profit": 19638000,
      "operating_income": 471000,
      "net_income": 149000,
      "opex": 19167000,
      "cogs": 29152000,
      "rd": null,
      "sga": null,
      "fcf": -7713000,
      "ocf": -5689000,
      "capex": -2024000,
      "gross_margin": 0.402500512400082,
      "op_margin": 0.009653617544578807,
      "fcf_margin": -0.15808567329370773
    },
    {
      "date": "2021-06-30T00:00:00",
      "quarter_label": "2021-06 (Q2)",
      "revenue": 52357000,
      "gross_profit": 21307000,
      "operating_income": -4835000,
      "net_income": null,
      "opex": 26142000,
      "cogs": 31050000,
      "rd": null,
      "sga": null,
      "fcf": -5419000,
      "ocf": -287000,
      "capex": -5132000,
      "gross_margin": 0.4069560899211185,
      "op_margin": -0.09234677311534274,
      "fcf_margin": -0.10350096453196325,
      "op_leverage_ratio": 0.20090105719707238,
      "fcf_margin_change": 0.05458470876174448
    },
    {
      "date": "2021-09-30T00:00:00",
      "quarter_label": "2021-09 (Q3)",
      "revenue": 60106000,
      "gross_profit": 24063000,
      "operating_income": -3146000,
      "net_income": null,
      "opex": 27209000,
      "cogs": 36043000,
      "rd": null,
      "sga": null,
      "fcf": -9277000,
      "ocf": -4678000,
      "capex": -4599000,
      "gross_margin": 0.4003427278474695,
      "op_margin": -0.05234086447276478,
      "fcf_margin": -0.1543439922803048,
      "op_leverage_ratio": 3.6261460971598294,
      "fcf_margin_change": -0.05084302774834154
    },
    {
      "date": "2021-12-31T00:00:00",
      "quarter_label": "2021-12 (Q4)",
      "revenue": 71848000,
      "gross_profit": 24679000,
      "operating_income": -4069000,
      "net_income": null,
      "opex": 28748000,
      "cogs": 47169000,
      "rd": null,
      "sga": null,
      "fcf": -4569000,
      "ocf": 2963000,
      "capex": -7532000,
      "gross_margin": 0.343489032401737,
      "op_margin": -0.056633448391047767,
      "fcf_margin": -0.06359258434472775,
      "op_leverage_ratio": 3.453808148813639,
      "fcf_margin_change": 0.09075140793557704
    },
    {
      "date": "2022-03-31T00:00:00",
      "quarter_label": "2022-03 (Q1)",
      "revenue": 65836000,
      "gross_profit": 23213000,
      "operating_income": -15843000,
      "net_income": -62921000,
      "opex": 39056000,
      "cogs": 42623000,
      "rd": null,
      "sga": null,
      "fcf": -36832000,
      "ocf": -32625000,
      "capex": -4207000,
      "gross_margin": 0.35258824958989005,
      "op_margin": -0.24064341697551492,
      "fcf_margin": -0.5594507564250562,
      "incr_op_margin_yoy": -0.9570573741640267,
      "rev_growth_yoy": 0.3493748718999795,
      "fcf_margin_change": -0.4958581720803284
    },
    {
      "date": "2022-06-30T00:00:00",
      "quarter_label": "2022-06 (Q2)",
      "revenue": 66365000,
      "gross_profit": 22556000,
      "operating_income": -16840000,
      "net_income": -10755000,
      "opex": 39396000,
      "cogs": 43809000,
      "rd": null,
      "sga": null,
      "fcf": -27104000,
      "ocf": -21911000,
      "capex": -5193000,
      "gross_margin": 0.33987794771340313,
      "op_margin": -0.25374821065320574,
      "fcf_margin": -0.4084080464100053,
      "incr_op_margin_yoy": -0.8570102798400914,
      "rev_growth_yoy": 0.2675477968561988,
      "rev_growth_yoy_accel": -0.08182707504378073,
      "fcf_margin_change": 0.15104271001505087
    },
    {
      "date": "2022-09-30T00:00:00",
      "quarter_label": "2022-09 (Q3)",
      "revenue": 75494000,
      "gross_profit": 23945000,
      "operating_income": -15618000,
      "net_income": -4043000,
      "opex": 39563000,
      "cogs": 51549000,
      "rd": null,
      "sga": null,
      "fcf": -34985000,
      "ocf": -24435000,
      "capex": -10550000,
      "gross_margin": 0.3171775240416457,
      "op_margin": -0.20687736773783347,
      "fcf_margin": -0.4634143110710785,
      "incr_op_margin_yoy": -0.8105016896282817,
      "rev_growth_yoy": 0.25601437460486476,
      "rev_growth_yoy_accel": -0.011533422251334025,
      "op_leverage_ratio": 32.450378441489654,
      "fcf_margin_change": -0.05500626466107322
    },
    {
      "date": "2022-12-31T00:00:00",
      "quarter_label": "2022-12 (Q4)",
      "revenue": 93618000,
      "gross_profit": 29465000,
      "operating_income": -19461000,
      "net_income": -5187000,
      "opex": 48926000,
      "cogs": 64153000,
      "rd": null,
      "sga": null,
      "fcf": -47673000,
      "ocf": -37219000,
      "capex": -10454000,
      "gross_margin": 0.3147364823004123,
      "op_margin": -0.20787669038005513,
      "fcf_margin": -0.5092289944241492,
      "incr_op_margin_yoy": -0.7070280202113,
      "rev_growth_yoy": 0.3030007794232268,
      "rev_growth_yoy_accel": 0.046986404818362026,
      "op_leverage_ratio": 1.0144153432245306,
      "fcf_margin_change": -0.04581468335307065
    },
    {
      "date": "2023-03-31T00:00:00",
      "quarter_label": "2023-03 (Q1)",
      "revenue": 83490000,
      "gross_profit": 27511000,
      "operating_income": -17215000,
      "net_income": -4800000,
      "opex": 44726000,
      "cogs": 55979000,
      "rd": null,
      "sga": null,
      "fcf": -20296000,
      "ocf": -15394000,
      "capex": -4902000,
      "gross_margin": 0.32951251646903823,
      "op_margin": -0.20619235836627142,
      "fcf_margin": -0.24309498143490238,
      "incr_op_margin_yoy": -0.07771609833465504,
      "rev_growth_yoy": 0.26815116349717477,
      "rev_growth_yoy_accel": -0.03484961592605201,
      "fcf_margin_change": 0.26613401298924677
    },
    {
      "date": "2023-06-30T00:00:00",
      "quarter_label": "2023-06 (Q2)",
      "revenue": 91947000,
      "gross_profit": 32206000,
      "operating_income": -13661000,
      "net_income": -4228000,
      "opex": 45867000,
      "cogs": 59741000,
      "rd": null,
      "sga": null,
      "fcf": -30170000,
      "ocf": -25063000,
      "capex": -5107000,
      "gross_margin": 0.35026700164225044,
      "op_margin": -0.14857472239442288,
      "fcf_margin": -0.32812381045602357,
      "incr_op_margin_yoy": 0.12426706277851614,
      "rev_growth_yoy": 0.3854742710766217,
      "rev_growth_yoy_accel": 0.11732310757944692,
      "op_leverage_ratio": 3.9706013378459364,
      "fcf_margin_change": -0.08502882902112119
    },
    {
      "date": "2023-09-30T00:00:00",
      "quarter_label": "2023-09 (Q3)",
      "revenue": 100536000,
      "gross_profit": 34059000,
      "operating_income": -6986000,
      "net_income": -3232000,
      "opex": 41045000,
      "cogs": 66477000,
      "rd": null,
      "sga": null,
      "fcf": -8765000,
      "ocf": 98000,
      "capex": -8863000,
      "gross_margin": 0.33877417044640723,
      "op_margin": -0.06948754674942309,
      "fcf_margin": -0.08718270072411873,
      "incr_op_margin_yoy": 0.3447009024838272,
      "rev_growth_yoy": 0.3317084801441174,
      "rev_growth_yoy_accel": -0.053765790932504276,
      "op_leverage_ratio": Infinity,
      "fcf_margin_change": 0.24094110973190486
    },
    {
      "date": "2023-12-31T00:00:00",
      "quarter_label": "2023-12 (Q4)",
      "revenue": 119649000,
      "gross_profit": 31671000,
      "operating_income": -12220000,
      "net_income": -4485000,
      "opex": 43891000,
      "cogs": 87978000,
      "rd": null,
      "sga": null,
      "fcf": 7044000,
      "ocf": 15392000,
      "capex": -8348000,
      "gross_margin": 0.2646992452924805,
      "op_margin": -0.10213206963702162,
      "fcf_margin": 0.058872201188476296,
      "incr_op_margin_yoy": 0.27816833775114286,
      "rev_growth_yoy": 0.278055502147023,
      "rev_growth_yoy_accel": -0.0536529779970944,
      "op_leverage_ratio": 2.7417801127069237,
      "fcf_margin_change": 0.14605490191259501
    },
    {
      "date": "2024-03-31T00:00:00",
      "quarter_label": "2024-03 (Q1)",
      "revenue": 98392000,
      "gross_profit": 42185000,
      "operating_income": 3955000,
      "net_income": 548000,
      "opex": 38230000,
      "cogs": 56207000,
      "rd": null,
      "sga": null,
      "fcf": 2196000,
      "ocf": 4914000,
      "capex": -2718000,
      "gross_margin": 0.42874420684608505,
      "op_margin": 0.040196357427433126,
      "fcf_margin": 0.02231888771444833,
      "incr_op_margin_yoy": 1.4206146825929404,
      "rev_growth_yoy": 0.17848844172954845,
      "rev_growth_yoy_accel": -0.09956706041747457,
      "fcf_margin_change": -0.03655331347402797
    },
    {
      "date": "2024-06-30T00:00:00",
      "quarter_label": "2024-06 (Q2)",
      "revenue": 89017000,
      "gross_profit": 37259000,
      "operating_income": 978000,
      "net_income": -482000,
      "opex": 36281000,
      "cogs": 51758000,
      "rd": null,
      "sga": null,
      "fcf": 147000,
      "ocf": 2298000,
      "capex": -2151000,
      "gross_margin": 0.41856049967983644,
      "op_margin": 0.010986665468393678,
      "fcf_margin": 0.0016513699630407675,
      "incr_op_margin_yoy": -4.996245733788396,
      "rev_growth_yoy": -0.03186618377978618,
      "rev_growth_yoy_accel": -0.21035462550933462,
      "fcf_margin_change": -0.02066751775140756
    },
    {
      "date": "2024-09-30T00:00:00",
      "quarter_label": "2024-09 (Q3)",
      "revenue": 98204000,
      "gross_profit": 41348000,
      "operating_income": 1106000,
      "net_income": -535000,
      "opex": 40242000,
      "cogs": 56856000,
      "rd": null,
      "sga": null,
      "fcf": -205000,
      "ocf": 1933000,
      "capex": -2138000,
      "gross_margin": 0.4210419127530447,
      "op_margin": 0.011262270375952099,
      "fcf_margin": -0.0020874913445480836,
      "incr_op_margin_yoy": -3.469982847341338,
      "rev_growth_yoy": -0.023195671202355377,
      "rev_growth_yoy_accel": 0.008670512577430803,
      "op_leverage_ratio": 0.9453119956830408,
      "fcf_margin_change": -0.003738861307588851
    },
    {
      "date": "2024-12-31T00:00:00",
      "quarter_label": "2024-12 (Q4)",
      "revenue": 105877000,
      "gross_profit": 40383000,
      "operating_income": -2192000,
      "net_income": -2482000,
      "opex": 42575000,
      "cogs": 65494000,
      "rd": null,
      "sga": null,
      "fcf": 504000,
      "ocf": 2163000,
      "capex": -1659000,
      "gross_margin": 0.3814142826109542,
      "op_margin": -0.020703268887482643,
      "fcf_margin": 0.004760240656610973,
      "incr_op_margin_yoy": -0.7281440604124311,
      "rev_growth_yoy": -0.11510334394771372,
      "rev_growth_yoy_accel": -0.09190767274535835,
      "op_leverage_ratio": 1.3477236159277461,
      "fcf_margin_change": 0.006847732001159056
    },
    {
      "date": "2025-03-31T00:00:00",
      "quarter_label": "2025-03 (Q1)",
      "revenue": 89974000,
      "gross_profit": 32472000,
      "operating_income": -5432000,
      "net_income": -2888000,
      "opex": 37904000,
      "cogs": 57502000,
      "rd": null,
      "sga": null,
      "fcf": -5314000,
      "ocf": -4141000,
      "capex": -1173000,
      "gross_margin": 0.3609042612310223,
      "op_margin": -0.06037299664347478,
      "fcf_margin": -0.05906150665747883,
      "incr_op_margin_yoy": 1.115110477548111,
      "rev_growth_yoy": -0.0855557362387186,
      "rev_growth_yoy_accel": 0.02954760770899513,
      "fcf_margin_change": -0.0638217473140898
    },
    {
      "date": "2025-06-30T00:00:00",
      "quarter_label": "2025-06 (Q2)",
      "revenue": 94837000,
      "gross_profit": 32173000,
      "operating_income": -12624000,
      "net_income": -5329000,
      "opex": 44797000,
      "cogs": 62664000,
      "rd": null,
      "sga": null,
      "fcf": -4297000,
      "ocf": -3323000,
      "capex": -974000,
      "gross_margin": 0.3392452312915845,
      "op_margin": -0.13311260373061148,
      "fcf_margin": -0.04530932020203085,
      "incr_op_margin_yoy": -2.337113402061856,
      "rev_growth_yoy": 0.06538076996528754,
      "rev_growth_yoy_accel": 0.15093650620400612,
      "op_leverage_ratio": 0.29721040258866666,
      "fcf_margin_change": 0.013752186455447978
    },
    {
      "date": "2025-09-30T00:00:00",
      "quarter_label": "2025-09 (Q3)",
      "revenue": 100712000,
      "gross_profit": 37149000,
      "operating_income": 518000,
      "net_income": -486000,
      "opex": 36631000,
      "cogs": 63563000,
      "rd": null,
      "sga": null,
      "fcf": 5552000,
      "ocf": 6369000,
      "capex": -817000,
      "gross_margin": 0.3688636905234729,
      "op_margin": 0.005143379140519501,
      "fcf_margin": 0.05512749225514338,
      "incr_op_margin_yoy": -0.23444976076555024,
      "rev_growth_yoy": 0.02553867459573948,
      "rev_growth_yoy_accel": -0.03984209536954805,
      "op_leverage_ratio": Infinity,
      "fcf_margin_change": 0.10043681245717423
    }
  ],
  "signals": [
    {
      "quarter": "2025-09 (Q3)",
      "signal": "FCF TURNED POSITIVE",
      "detail": "FCF margin: -4.5% -> +5.5%",
      "severity": "HIGH"
    },
    {
      "quarter": "2025-09 (Q3)",
      "signal": "GROSS MARGIN INFLECTION",
      "detail": "GM: +36.1% -> +33.9% -> +36.9% (reversal +3.0%)",
      "severity": "MEDIUM"
    },
    {
      "quarter": "2025-09 (Q3)",
      "signal": "OP MARGIN TURNED POSITIVE (QoQ)",
      "detail": "Op margin: -13.3% -> +0.5%",
      "severity": "HIGH"
    },
    {
      "quarter": "2025-06 (Q2)",
      "signal": "YoY REVENUE GROWTH ACCELERATION",
      "detail": "YoY growth: +6.5% vs prior quarter YoY: -8.6% (accel: +15.1%)",
      "severity": "HIGH"
    },
    {
      "quarter": "2024-12 (Q4)",
      "signal": "FCF TURNED POSITIVE",
      "detail": "FCF margin: -0.2% -> +0.5%",
      "severity": "HIGH"
    },
    {
      "quarter": "2024-12 (Q4)",
      "signal": "YoY REVENUE GROWTH DECELERATION",
      "detail": "YoY growth: -11.5% vs prior quarter YoY: -2.3% (decel: -9.2%)",
      "severity": "WARNING"
    },
    {
      "quarter": "2024-09 (Q3)",
      "signal": "OP MARGIN TURNED POSITIVE (YoY)",
      "detail": "Op margin: -6.9% (year-ago) -> +1.1%",
      "severity": "HIGH"
    },
    {
      "quarter": "2024-06 (Q2)",
      "signal": "YoY REVENUE GROWTH DECELERATION",
      "detail": "YoY growth: -3.2% vs prior quarter YoY: +17.8% (decel: -21.0%)",
      "severity": "WARNING"
    },
    {
      "quarter": "2024-06 (Q2)",
      "signal": "OP MARGIN TURNED POSITIVE (YoY)",
      "detail": "Op margin: -14.9% (year-ago) -> +1.1%",
      "severity": "HIGH"
    },
    {
      "quarter": "2024-03 (Q1)",
      "signal": "GROSS MARGIN INFLECTION",
      "detail": "GM: +33.9% -> +26.5% -> +42.9% (reversal +16.4%)",
      "severity": "HIGH"
    },
    {
      "quarter": "2024-03 (Q1)",
      "signal": "YoY REVENUE GROWTH DECELERATION",
      "detail": "YoY growth: +17.8% vs prior quarter YoY: +27.8% (decel: -10.0%)",
      "severity": "WARNING"
    },
    {
      "quarter": "2024-03 (Q1)",
      "signal": "OP MARGIN TURNED POSITIVE (YoY)",
      "detail": "Op margin: -20.6% (year-ago) -> +4.0%",
      "severity": "HIGH"
    },
    {
      "quarter": "2024-03 (Q1)",
      "signal": "OP MARGIN TURNED POSITIVE (QoQ)",
      "detail": "Op margin: -10.2% -> +4.0%",
      "severity": "HIGH"
    },
    {
      "quarter": "2023-12 (Q4)",
      "signal": "FCF TURNED POSITIVE",
      "detail": "FCF margin: -8.7% -> +5.9%",
      "severity": "HIGH"
    },
    {
      "quarter": "2023-12 (Q4)",
      "signal": "OPERATING LEVERAGE",
      "detail": "Rev growth +19.0% vs OpEx growth +6.9% (leverage: 2.7x)",
      "severity": "MEDIUM"
    },
    {
      "quarter": "2023-12 (Q4)",
      "signal": "YoY REVENUE GROWTH DECELERATION",
      "detail": "YoY growth: +27.8% vs prior quarter YoY: +33.2% (decel: -5.4%)",
      "severity": "WARNING"
    },
    {
      "quarter": "2023-09 (Q3)",
      "signal": "FCF MARGIN EXPANSION",
      "detail": "FCF margin: -32.8% -> -8.7% (+24.1%)",
      "severity": "MEDIUM"
    },
    {
      "quarter": "2023-09 (Q3)",
      "signal": "YoY REVENUE GROWTH DECELERATION",
      "detail": "YoY growth: +33.2% vs prior quarter YoY: +38.5% (decel: -5.4%)",
      "severity": "WARNING"
    },
    {
      "quarter": "2023-06 (Q2)",
      "signal": "OPERATING LEVERAGE",
      "detail": "Rev growth +10.1% vs OpEx growth +2.6% (leverage: 4.0x)",
      "severity": "MEDIUM"
    },
    {
      "quarter": "2023-06 (Q2)",
      "signal": "YoY REVENUE GROWTH ACCELERATION",
      "detail": "YoY growth: +38.5% vs prior quarter YoY: +26.8% (accel: +11.7%)",
      "severity": "MEDIUM"
    },
    {
      "quarter": "2023-03 (Q1)",
      "signal": "FCF MARGIN EXPANSION",
      "detail": "FCF margin: -50.9% -> -24.3% (+26.6%)",
      "severity": "MEDIUM"
    },
    {
      "quarter": "2022-09 (Q3)",
      "signal": "OPERATING LEVERAGE",
      "detail": "Rev growth +13.8% vs OpEx growth +0.4% (leverage: 32.5x)",
      "severity": "MEDIUM"
    },
    {
      "quarter": "2022-06 (Q2)",
      "signal": "FCF MARGIN EXPANSION",
      "detail": "FCF margin: -55.9% -> -40.8% (+15.1%)",
      "severity": "MEDIUM"
    },
    {
      "quarter": "2022-06 (Q2)",
      "signal": "YoY REVENUE GROWTH DECELERATION",
      "detail": "YoY growth: +26.8% vs prior quarter YoY: +34.9% (decel: -8.2%)",
      "severity": "WARNING"
    },
    {
      "quarter": "2021-12 (Q4)",
      "signal": "FCF MARGIN EXPANSION",
      "detail": "FCF margin: -15.4% -> -6.4% (+9.1%)",
      "severity": "MEDIUM"
    },
    {
      "quarter": "2021-12 (Q4)",
      "signal": "OPERATING LEVERAGE",
      "detail": "Rev growth +19.5% vs OpEx growth +5.7% (leverage: 3.5x)",
      "severity": "MEDIUM"
    },
    {
      "quarter": "2021-09 (Q3)",
      "signal": "OPERATING LEVERAGE",
      "detail": "Rev growth +14.8% vs OpEx growth +4.1% (leverage: 3.6x)",
      "severity": "MEDIUM"
    },
    {
      "quarter": "2021-06 (Q2)",
      "signal": "FCF MARGIN EXPANSION",
      "detail": "FCF margin: -15.8% -> -10.4% (+5.5%)",
      "severity": "MEDIUM"
    }
  ],
  "data_quality": {
    "n_quarters": 19,
    "coverage": {
      "revenue": [
        19,
        19
      ],
      "gross_profit": [
        19,
        19
      ],
      "op_income": [
        19,
        19
      ],
      "fcf": [
        19,
        19
      ]
    },
    "gaps": [],
    "warnings": []
  },
  "market_cap": null,
  "source": "SEC EDGAR",
  "last_updated": "2026-02-02T23:21:37.897685"
}