{
  "ticker": "BRKR",
  "name": "BRUKER CORPORATION",
  "quarters": [
    {
      "date": "2020-12-31T00:00:00",
      "quarter_label": "2020-12 (Q4)",
      "revenue": 627500000,
      "gross_profit": 313000000,
      "operating_income": 112800000,
      "net_income": 68900000,
      "opex": 200200000,
      "cogs": 314500000,
      "rd": 57100000,
      "sga": 130400000,
      "fcf": 174200000,
      "ocf": 203000000,
      "capex": -28800000,
      "gross_margin": 0.49880478087649405,
      "op_margin": 0.1797609561752988,
      "fcf_margin": 0.27760956175298807
    },
    {
      "date": "2021-03-31T00:00:00",
      "quarter_label": "2021-03 (Q1)",
      "revenue": 554700000,
      "gross_profit": 278700000,
      "operating_income": 89100000,
      "net_income": 56700000,
      "opex": 189600000,
      "cogs": 276000000,
      "rd": 54800000,
      "sga": 131800000,
      "fcf": 73300000,
      "ocf": 98000000,
      "capex": -24700000,
      "gross_margin": 0.5024337479718767,
      "op_margin": 0.16062736614386156,
      "fcf_margin": 0.13214350099152694,
      "fcf_margin_change": -0.14546606076146112
    },
    {
      "date": "2021-06-30T00:00:00",
      "quarter_label": "2021-06 (Q2)",
      "revenue": 570800000,
      "gross_profit": 280600000,
      "operating_income": 85600000,
      "net_income": 57600000,
      "opex": 195000000,
      "cogs": 290200000,
      "rd": 55800000,
      "sga": 134800000,
      "fcf": -700000,
      "ocf": 21900000,
      "capex": -22600000,
      "gross_margin": 0.49159074982480727,
      "op_margin": 0.14996496145760335,
      "fcf_margin": -0.0012263489838822705,
      "op_leverage_ratio": 1.0190893976724156,
      "fcf_margin_change": -0.1333698499754092
    },
    {
      "date": "2021-09-30T00:00:00",
      "quarter_label": "2021-09 (Q3)",
      "revenue": 608900000,
      "gross_profit": 308700000,
      "operating_income": 113200000,
      "net_income": 87100000,
      "opex": 195500000,
      "cogs": 300200000,
      "rd": 52100000,
      "sga": 141300000,
      "fcf": 7600000,
      "ocf": 23900000,
      "capex": -16300000,
      "gross_margin": 0.5069797996386928,
      "op_margin": 0.1859090162588274,
      "fcf_margin": 0.012481524059779932,
      "op_leverage_ratio": 26.031885073580938,
      "fcf_margin_change": 0.013707873043662203
    },
    {
      "date": "2021-12-31T00:00:00",
      "quarter_label": "2021-12 (Q4)",
      "revenue": 683500000,
      "gross_profit": 341600000,
      "operating_income": 125400000,
      "net_income": 75700000,
      "opex": 216200000,
      "cogs": 341900000,
      "rd": 58100000,
      "sga": 153300000,
      "fcf": 110200000,
      "ocf": 138600000,
      "capex": -28400000,
      "gross_margin": 0.4997805413313826,
      "op_margin": 0.1834674469641551,
      "fcf_margin": 0.1612289685442575,
      "incr_op_margin_yoy": 0.225,
      "rev_growth_yoy": 0.08924302788844622,
      "op_leverage_ratio": 1.1570956734366162,
      "fcf_margin_change": 0.14874744448447758
    },
    {
      "date": "2022-03-31T00:00:00",
      "quarter_label": "2022-03 (Q1)",
      "revenue": 595000000,
      "gross_profit": 306300000,
      "operating_income": 96500000,
      "net_income": 61600000,
      "opex": 209800000,
      "cogs": 288700000,
      "rd": 56600000,
      "sga": 145700000,
      "fcf": 58800000,
      "ocf": 77800000,
      "capex": -19000000,
      "gross_margin": 0.5147899159663866,
      "op_margin": 0.16218487394957984,
      "fcf_margin": 0.0988235294117647,
      "incr_op_margin_yoy": 0.18362282878411912,
      "rev_growth_yoy": 0.07265188390120786,
      "rev_growth_yoy_accel": -0.016591143987238363,
      "fcf_margin_change": -0.0624054391324928
    },
    {
      "date": "2022-06-30T00:00:00",
      "quarter_label": "2022-06 (Q2)",
      "revenue": 588400000,
      "gross_profit": 298200000,
      "operating_income": 73900000,
      "net_income": 49500000,
      "opex": 224300000,
      "cogs": 290200000,
      "rd": 59600000,
      "sga": 152200000,
      "fcf": -62300000,
      "ocf": -44400000,
      "capex": -17900000,
      "gross_margin": 0.5067980965329708,
      "op_margin": 0.12559483344663494,
      "fcf_margin": -0.10588035350101971,
      "incr_op_margin_yoy": -0.6647727272727273,
      "rev_growth_yoy": 0.030833917309039945,
      "rev_growth_yoy_accel": -0.04181796659216791,
      "fcf_margin_change": -0.2047038829127844
    },
    {
      "date": "2022-09-30T00:00:00",
      "quarter_label": "2022-09 (Q3)",
      "revenue": 638900000,
      "gross_profit": 335300000,
      "operating_income": 131300000,
      "net_income": 88100000,
      "opex": 204000000,
      "cogs": 303600000,
      "rd": 56200000,
      "sga": 144800000,
      "fcf": 11800000,
      "ocf": 69500000,
      "capex": -57700000,
      "gross_margin": 0.5248082642041008,
      "op_margin": 0.20550946940053216,
      "fcf_margin": 0.018469244013147597,
      "incr_op_margin_yoy": 0.6033333333333334,
      "rev_growth_yoy": 0.049269173920183935,
      "rev_growth_yoy_accel": 0.01843525661114399,
      "op_leverage_ratio": Infinity,
      "fcf_margin_change": 0.1243495975141673
    },
    {
      "date": "2022-12-31T00:00:00",
      "quarter_label": "2022-12 (Q4)",
      "revenue": 708400000,
      "gross_profit": 365900000,
      "operating_income": 131000000,
      "net_income": 97400000,
      "opex": 234900000,
      "cogs": 342500000,
      "rd": 63500000,
      "sga": 164700000,
      "fcf": 136900000,
      "ocf": 171500000,
      "capex": -34600000,
      "gross_margin": 0.5165160926030491,
      "op_margin": 0.18492377188029363,
      "fcf_margin": 0.1932523997741389,
      "incr_op_margin_yoy": 0.2248995983935743,
      "rev_growth_yoy": 0.03643013899049012,
      "rev_growth_yoy_accel": -0.012839034929693814,
      "op_leverage_ratio": 0.7181639559497742,
      "fcf_margin_change": 0.17478315576099132
    },
    {
      "date": "2023-03-31T00:00:00",
      "quarter_label": "2023-03 (Q1)",
      "revenue": 685300000,
      "gross_profit": 359700000,
      "operating_income": 122700000,
      "net_income": 76500000,
      "opex": 237000000,
      "cogs": 325600000,
      "rd": 69000000,
      "sga": 162700000,
      "fcf": 62500000,
      "ocf": 87500000,
      "capex": -25000000,
      "gross_margin": 0.5248796147672552,
      "op_margin": 0.1790456734276959,
      "fcf_margin": 0.0912009338975631,
      "incr_op_margin_yoy": 0.2901439645625692,
      "rev_growth_yoy": 0.15176470588235294,
      "rev_growth_yoy_accel": 0.11533456689186282,
      "fcf_margin_change": -0.1020514658765758
    },
    {
      "date": "2023-06-30T00:00:00",
      "quarter_label": "2023-06 (Q2)",
      "revenue": 681900000,
      "gross_profit": 340500000,
      "operating_income": 86200000,
      "net_income": 57100000,
      "opex": 254300000,
      "cogs": 341400000,
      "rd": 71000000,
      "sga": 177900000,
      "fcf": -10500000,
      "ocf": 13000000,
      "capex": -23500000,
      "gross_margin": 0.49934007919049717,
      "op_margin": 0.12641149728699222,
      "fcf_margin": -0.015398152221733392,
      "incr_op_margin_yoy": 0.13155080213903744,
      "rev_growth_yoy": 0.1589055064581917,
      "rev_growth_yoy_accel": 0.007140800575838768,
      "fcf_margin_change": -0.1065990861192965
    },
    {
      "date": "2023-09-30T00:00:00",
      "quarter_label": "2023-09 (Q3)",
      "revenue": 742800000,
      "gross_profit": 382800000,
      "operating_income": 124500000,
      "net_income": 88100000,
      "opex": 258300000,
      "cogs": 360000000,
      "rd": 71300000,
      "sga": 177600000,
      "fcf": 17200000,
      "ocf": 44100000,
      "capex": -26900000,
      "gross_margin": 0.5153473344103393,
      "op_margin": 0.16760904684975766,
      "fcf_margin": 0.023155627355950458,
      "incr_op_margin_yoy": -0.06544754571703561,
      "rev_growth_yoy": 0.1626232587259352,
      "rev_growth_yoy_accel": 0.003717752267743485,
      "op_leverage_ratio": 5.677837659480863,
      "fcf_margin_change": 0.03855377957768385
    },
    {
      "date": "2023-12-31T00:00:00",
      "quarter_label": "2023-12 (Q4)",
      "revenue": 854500000,
      "gross_profit": 430300000,
      "operating_income": 103500000,
      "net_income": 205500000,
      "opex": 326800000,
      "cogs": 424200000,
      "rd": 83500000,
      "sga": 211200000,
      "fcf": 174000000,
      "ocf": 205500000,
      "capex": -31500000,
      "gross_margin": 0.5035693387946167,
      "op_margin": 0.1211234640140433,
      "fcf_margin": 0.20362785254534815,
      "incr_op_margin_yoy": -0.18822724161533197,
      "rev_growth_yoy": 0.2062394127611519,
      "rev_growth_yoy_accel": 0.04361615403521671,
      "op_leverage_ratio": 0.5670418499345541,
      "fcf_margin_change": 0.1804722251893977
    },
    {
      "date": "2024-03-31T00:00:00",
      "quarter_label": "2024-03 (Q1)",
      "revenue": 721700000,
      "gross_profit": 352800000,
      "operating_income": 64800000,
      "net_income": 50900000,
      "opex": 288000000,
      "cogs": 368900000,
      "rd": 81800000,
      "sga": 195300000,
      "fcf": 400000,
      "ocf": 21800000,
      "capex": -21400000,
      "gross_margin": 0.48884578079534435,
      "op_margin": 0.08978800055424692,
      "fcf_margin": 0.0005542469170015242,
      "incr_op_margin_yoy": -1.5906593406593406,
      "rev_growth_yoy": 0.05311542390194075,
      "rev_growth_yoy_accel": -0.15312398885921114,
      "fcf_margin_change": -0.20307360562834664
    },
    {
      "date": "2024-06-30T00:00:00",
      "quarter_label": "2024-06 (Q2)",
      "revenue": 800700000,
      "gross_profit": 384600000,
      "operating_income": 48100000,
      "net_income": 7600000,
      "opex": 336500000,
      "cogs": 416100000,
      "rd": 92200000,
      "sga": 221300000,
      "fcf": -23500000,
      "ocf": 1100000,
      "capex": -24600000,
      "gross_margin": 0.48032971150243536,
      "op_margin": 0.06007243661795929,
      "fcf_margin": -0.029349319345572625,
      "incr_op_margin_yoy": -0.3207070707070707,
      "rev_growth_yoy": 0.17421909370875496,
      "rev_growth_yoy_accel": 0.12110366980681421,
      "op_leverage_ratio": 0.6500116420421999,
      "fcf_margin_change": -0.02990356626257415
    },
    {
      "date": "2024-09-30T00:00:00",
      "quarter_label": "2024-09 (Q3)",
      "revenue": 864400000,
      "gross_profit": 418800000,
      "operating_income": 68100000,
      "net_income": 40900000,
      "opex": 350700000,
      "cogs": 445600000,
      "rd": 98100000,
      "sga": 229900000,
      "fcf": 5800000,
      "ocf": 38400000,
      "capex": -32600000,
      "gross_margin": 0.4844979176307265,
      "op_margin": 0.07878297084683017,
      "fcf_margin": 0.006709856547894493,
      "incr_op_margin_yoy": -0.46381578947368424,
      "rev_growth_yoy": 0.16370490037695207,
      "rev_growth_yoy_accel": -0.010514193331802896,
      "op_leverage_ratio": 1.8852386204324736,
      "fcf_margin_change": 0.03605917589346712
    },
    {
      "date": "2024-12-31T00:00:00",
      "quarter_label": "2024-12 (Q4)",
      "revenue": 979600000,
      "gross_profit": 493300000,
      "operating_income": 72100000,
      "net_income": 13700000,
      "opex": 421200000,
      "cogs": 486300000,
      "rd": 104400000,
      "sga": 247300000,
      "fcf": 153300000,
      "ocf": 190000000,
      "capex": -36700000,
      "gross_margin": 0.5035728868926093,
      "op_margin": 0.0736014699877501,
      "fcf_margin": 0.1564924458962842,
      "incr_op_margin_yoy": -0.2509992006394884,
      "rev_growth_yoy": 0.14640140433001755,
      "rev_growth_yoy_accel": -0.017303496046934513,
      "op_leverage_ratio": 0.6629554875107072,
      "fcf_margin_change": 0.1497825893483897
    },
    {
      "date": "2025-03-31T00:00:00",
      "quarter_label": "2025-03 (Q1)",
      "revenue": 801400000,
      "gross_profit": 391200000,
      "operating_income": 31800000,
      "net_income": 17400000,
      "opex": 359400000,
      "cogs": 410200000,
      "rd": 97100000,
      "sga": 225400000,
      "fcf": 39000000,
      "ocf": 65000000,
      "capex": -26000000,
      "gross_margin": 0.4881457449463439,
      "op_margin": 0.039680559021712004,
      "fcf_margin": 0.04866483653606189,
      "incr_op_margin_yoy": -0.41405269761606023,
      "rev_growth_yoy": 0.1104336982125537,
      "rev_growth_yoy_accel": -0.03596770611746386,
      "fcf_margin_change": -0.1078276093602223
    },
    {
      "date": "2025-06-30T00:00:00",
      "quarter_label": "2025-06 (Q2)",
      "revenue": 797400000,
      "gross_profit": 357900000,
      "operating_income": 11900000,
      "net_income": 7600000,
      "opex": 346000000,
      "cogs": 439500000,
      "rd": 100200000,
      "sga": 231400000,
      "fcf": -148800000,
      "ocf": -127500000,
      "capex": -21300000,
      "gross_margin": 0.44883370955605717,
      "op_margin": 0.01492350137948332,
      "fcf_margin": -0.18660647103085026,
      "incr_op_margin_yoy": 10.969696969696969,
      "rev_growth_yoy": -0.004121393780442113,
      "rev_growth_yoy_accel": -0.11455509199299581,
      "fcf_margin_change": -0.23527130756691217
    },
    {
      "date": "2025-09-30T00:00:00",
      "quarter_label": "2025-09 (Q3)",
      "revenue": 860500000,
      "gross_profit": 379400000,
      "operating_income": -51800000,
      "net_income": -59600000,
      "opex": 431200000,
      "cogs": 481100000,
      "rd": 98300000,
      "sga": 242500000,
      "fcf": -54100000,
      "ocf": -33200000,
      "capex": -20900000,
      "gross_margin": 0.4409064497385241,
      "op_margin": -0.06019755955839628,
      "fcf_margin": -0.06287042417199303,
      "incr_op_margin_yoy": 30.743589743589745,
      "rev_growth_yoy": -0.0045118000925497455,
      "rev_growth_yoy_accel": -0.00039040631210763253,
      "op_leverage_ratio": 0.3213583818772513,
      "fcf_margin_change": 0.12373604685885724
    }
  ],
  "signals": [
    {
      "quarter": "2025-09 (Q3)",
      "signal": "FCF MARGIN EXPANSION",
      "detail": "FCF margin: -18.7% -> -6.3% (+12.4%)",
      "severity": "MEDIUM"
    },
    {
      "quarter": "2025-06 (Q2)",
      "signal": "YoY REVENUE GROWTH DECELERATION",
      "detail": "YoY growth: -0.4% vs prior quarter YoY: +11.0% (decel: -11.5%)",
      "severity": "WARNING"
    },
    {
      "quarter": "2025-06 (Q2)",
      "signal": "INCREMENTAL MARGIN (YoY)",
      "detail": "YoY Incr OPM: +1097.0% vs year-ago OPM: +6.0%",
      "severity": "HIGH"
    },
    {
      "quarter": "2024-12 (Q4)",
      "signal": "FCF MARGIN EXPANSION",
      "detail": "FCF margin: +0.7% -> +15.6% (+15.0%)",
      "severity": "MEDIUM"
    },
    {
      "quarter": "2024-09 (Q3)",
      "signal": "FCF TURNED POSITIVE",
      "detail": "FCF margin: -2.9% -> +0.7%",
      "severity": "HIGH"
    },
    {
      "quarter": "2024-09 (Q3)",
      "signal": "OPERATING LEVERAGE",
      "detail": "Rev growth +8.0% vs OpEx growth +4.2% (leverage: 1.9x)",
      "severity": "MEDIUM"
    },
    {
      "quarter": "2024-06 (Q2)",
      "signal": "YoY REVENUE GROWTH ACCELERATION",
      "detail": "YoY growth: +17.4% vs prior quarter YoY: +5.3% (accel: +12.1%)",
      "severity": "MEDIUM"
    },
    {
      "quarter": "2024-03 (Q1)",
      "signal": "YoY REVENUE GROWTH DECELERATION",
      "detail": "YoY growth: +5.3% vs prior quarter YoY: +20.6% (decel: -15.3%)",
      "severity": "WARNING"
    },
    {
      "quarter": "2023-12 (Q4)",
      "signal": "FCF MARGIN EXPANSION",
      "detail": "FCF margin: +2.3% -> +20.4% (+18.0%)",
      "severity": "MEDIUM"
    },
    {
      "quarter": "2023-09 (Q3)",
      "signal": "FCF TURNED POSITIVE",
      "detail": "FCF margin: -1.5% -> +2.3%",
      "severity": "HIGH"
    },
    {
      "quarter": "2023-09 (Q3)",
      "signal": "OPERATING LEVERAGE",
      "detail": "Rev growth +8.9% vs OpEx growth +1.6% (leverage: 5.7x)",
      "severity": "MEDIUM"
    },
    {
      "quarter": "2023-03 (Q1)",
      "signal": "YoY REVENUE GROWTH ACCELERATION",
      "detail": "YoY growth: +15.2% vs prior quarter YoY: +3.6% (accel: +11.5%)",
      "severity": "MEDIUM"
    },
    {
      "quarter": "2023-03 (Q1)",
      "signal": "INCREMENTAL MARGIN (YoY)",
      "detail": "YoY Incr OPM: +29.0% vs year-ago OPM: +16.2%",
      "severity": "MEDIUM"
    },
    {
      "quarter": "2022-12 (Q4)",
      "signal": "FCF MARGIN EXPANSION",
      "detail": "FCF margin: +1.8% -> +19.3% (+17.5%)",
      "severity": "MEDIUM"
    },
    {
      "quarter": "2022-09 (Q3)",
      "signal": "FCF TURNED POSITIVE",
      "detail": "FCF margin: -10.6% -> +1.8%",
      "severity": "HIGH"
    },
    {
      "quarter": "2022-09 (Q3)",
      "signal": "INCREMENTAL MARGIN (YoY)",
      "detail": "YoY Incr OPM: +60.3% vs year-ago OPM: +18.6%",
      "severity": "HIGH"
    },
    {
      "quarter": "2021-12 (Q4)",
      "signal": "FCF MARGIN EXPANSION",
      "detail": "FCF margin: +1.2% -> +16.1% (+14.9%)",
      "severity": "MEDIUM"
    },
    {
      "quarter": "2021-09 (Q3)",
      "signal": "FCF TURNED POSITIVE",
      "detail": "FCF margin: -0.1% -> +1.2%",
      "severity": "HIGH"
    },
    {
      "quarter": "2021-09 (Q3)",
      "signal": "OPERATING LEVERAGE",
      "detail": "Rev growth +6.7% vs OpEx growth +0.3% (leverage: 26.0x)",
      "severity": "MEDIUM"
    }
  ],
  "data_quality": {
    "n_quarters": 20,
    "coverage": {
      "revenue": [
        20,
        20
      ],
      "gross_profit": [
        20,
        20
      ],
      "op_income": [
        20,
        20
      ],
      "fcf": [
        20,
        20
      ]
    },
    "gaps": [],
    "warnings": []
  },
  "market_cap": null,
  "source": "SEC EDGAR",
  "last_updated": "2026-02-02T20:49:30.329221",
  "sector": "Healthcare",
  "industry": "Medical Devices"
}