{
  "ticker": "BRLT",
  "name": "Brilliant Earth Group, Inc.",
  "quarters": [
    {
      "date": "2020-12-31T00:00:00",
      "quarter_label": "2020-12 (Q4)",
      "revenue": 88611000,
      "gross_profit": 41662000,
      "operating_income": 14687000,
      "net_income": null,
      "opex": 26975000,
      "cogs": 46949000,
      "rd": null,
      "sga": 26975000,
      "fcf": 11478000,
      "ocf": 11533000,
      "capex": -55000,
      "gross_margin": 0.47016736071142406,
      "op_margin": 0.16574691629707372,
      "fcf_margin": 0.12953245082438974
    },
    {
      "date": "2021-03-31T00:00:00",
      "quarter_label": "2021-03 (Q1)",
      "revenue": 70696000,
      "gross_profit": 32359000,
      "operating_income": 4954000,
      "net_income": null,
      "opex": 27405000,
      "cogs": 38337000,
      "rd": null,
      "sga": 27405000,
      "fcf": 6325000,
      "ocf": 6871000,
      "capex": -546000,
      "gross_margin": 0.45772038021953154,
      "op_margin": 0.07007468597940478,
      "fcf_margin": 0.08946757949530383,
      "fcf_margin_change": -0.04006487132908591
    },
    {
      "date": "2021-06-30T00:00:00",
      "quarter_label": "2021-06 (Q2)",
      "revenue": 92348000,
      "gross_profit": 44761000,
      "operating_income": 12352000,
      "net_income": null,
      "opex": 32409000,
      "cogs": 47587000,
      "rd": null,
      "sga": 32409000,
      "fcf": 11239000,
      "ocf": 13339000,
      "capex": -2100000,
      "gross_margin": 0.4846991813574739,
      "op_margin": 0.13375492701520336,
      "fcf_margin": 0.12170268982544288,
      "op_leverage_ratio": 1.6773190590901728,
      "fcf_margin_change": 0.03223511033013905
    },
    {
      "date": "2021-09-30T00:00:00",
      "quarter_label": "2021-09 (Q3)",
      "revenue": 95239000,
      "gross_profit": 48015000,
      "operating_income": 9868000,
      "net_income": 66000,
      "opex": 38147000,
      "cogs": 47224000,
      "rd": null,
      "sga": 38147000,
      "fcf": 11872000,
      "ocf": 13611000,
      "capex": -1739000,
      "gross_margin": 0.5041527105492498,
      "op_margin": 0.10361301567635108,
      "fcf_margin": 0.1246548157792501,
      "op_leverage_ratio": 0.17681767851228722,
      "fcf_margin_change": 0.0029521259538072137
    },
    {
      "date": "2021-12-31T00:00:00",
      "quarter_label": "2021-12 (Q4)",
      "revenue": 121906000,
      "gross_profit": 62286000,
      "operating_income": 12956000,
      "net_income": 1528000,
      "opex": 49330000,
      "cogs": 59620000,
      "rd": null,
      "sga": 49330000,
      "fcf": 11036000,
      "ocf": 12257000,
      "capex": -1221000,
      "gross_margin": 0.5109346545699145,
      "op_margin": 0.1062786081078864,
      "fcf_margin": 0.09052876806719931,
      "incr_op_margin_yoy": -0.051989788256494966,
      "rev_growth_yoy": 0.3757434178600851,
      "op_leverage_ratio": 0.9551276082603586,
      "fcf_margin_change": -0.034126047712050786
    },
    {
      "date": "2022-03-31T00:00:00",
      "quarter_label": "2022-03 (Q1)",
      "revenue": 100038000,
      "gross_profit": 50116000,
      "operating_income": 5300000,
      "net_income": 356000,
      "opex": 44816000,
      "cogs": 49922000,
      "rd": null,
      "sga": 44816000,
      "fcf": -1101000,
      "ocf": 182000,
      "capex": -1283000,
      "gross_margin": 0.5009696315400148,
      "op_margin": 0.05297986765029289,
      "fcf_margin": -0.01100581778924009,
      "incr_op_margin_yoy": 0.011791970554154454,
      "rev_growth_yoy": 0.415044698427068,
      "rev_growth_yoy_accel": 0.0393012805669829,
      "fcf_margin_change": -0.1015345858564394
    },
    {
      "date": "2022-06-30T00:00:00",
      "quarter_label": "2022-06 (Q2)",
      "revenue": 108809000,
      "gross_profit": 57821000,
      "operating_income": 5676000,
      "net_income": 424000,
      "opex": 52145000,
      "cogs": 50988000,
      "rd": null,
      "sga": 52145000,
      "fcf": 1906000,
      "ocf": 4691000,
      "capex": -2785000,
      "gross_margin": 0.5313990570632944,
      "op_margin": 0.052164802543907214,
      "fcf_margin": 0.017516933341911053,
      "incr_op_margin_yoy": -0.405564668003159,
      "rev_growth_yoy": 0.17824966431324987,
      "rev_growth_yoy_accel": -0.2367950341138181,
      "op_leverage_ratio": 0.5361329266034589,
      "fcf_margin_change": 0.028522751131151144
    },
    {
      "date": "2022-09-30T00:00:00",
      "quarter_label": "2022-09 (Q3)",
      "revenue": 111405000,
      "gross_profit": 60918000,
      "operating_income": 6303000,
      "net_income": 646000,
      "opex": 54615000,
      "cogs": 50487000,
      "rd": null,
      "sga": 54615000,
      "fcf": 1648000,
      "ocf": 4146000,
      "capex": -2498000,
      "gross_margin": 0.5468156725461155,
      "op_margin": 0.05657735290157533,
      "fcf_margin": 0.01479287285130829,
      "incr_op_margin_yoy": -0.22052455771372015,
      "rev_growth_yoy": 0.16974138745681916,
      "rev_growth_yoy_accel": -0.008508276856430713,
      "op_leverage_ratio": 0.5036810221588377,
      "fcf_margin_change": -0.0027240604906027636
    },
    {
      "date": "2022-12-31T00:00:00",
      "quarter_label": "2022-12 (Q4)",
      "revenue": 119630000,
      "gross_profit": 65436000,
      "operating_income": 6048000,
      "net_income": 709000,
      "opex": 59388000,
      "cogs": 54194000,
      "rd": null,
      "sga": 59388000,
      "fcf": 2929000,
      "ocf": 5487000,
      "capex": -2558000,
      "gross_margin": 0.5469865418373318,
      "op_margin": 0.050555880631948505,
      "fcf_margin": 0.024483825127476384,
      "incr_op_margin_yoy": 3.0351493848857647,
      "rev_growth_yoy": -0.018670122881564485,
      "rev_growth_yoy_accel": -0.18841151033838366,
      "op_leverage_ratio": 0.8447957634771303,
      "fcf_margin_change": 0.009690952276168095
    },
    {
      "date": "2023-03-31T00:00:00",
      "quarter_label": "2023-03 (Q1)",
      "revenue": 97698000,
      "gross_profit": 53676000,
      "operating_income": -90000,
      "net_income": -52000,
      "opex": 53766000,
      "cogs": 44022000,
      "rd": null,
      "sga": 53766000,
      "fcf": -6396000,
      "ocf": -1982000,
      "capex": -4414000,
      "gross_margin": 0.5494073573665786,
      "op_margin": -0.0009212061659399374,
      "fcf_margin": -0.06546705152613155,
      "incr_op_margin_yoy": 2.3034188034188032,
      "rev_growth_yoy": -0.023391111377676483,
      "rev_growth_yoy_accel": -0.004720988496111998,
      "fcf_margin_change": -0.08995087665360793
    },
    {
      "date": "2023-06-30T00:00:00",
      "quarter_label": "2023-06 (Q2)",
      "revenue": 110184000,
      "gross_profit": 63489000,
      "operating_income": 1360000,
      "net_income": 148000,
      "opex": 62129000,
      "cogs": 46695000,
      "rd": null,
      "sga": 62129000,
      "fcf": 8107000,
      "ocf": 12852000,
      "capex": -4745000,
      "gross_margin": 0.5762088869527336,
      "op_margin": 0.012342989907790605,
      "fcf_margin": 0.07357692586945473,
      "incr_op_margin_yoy": -3.138909090909091,
      "rev_growth_yoy": 0.012636822321682948,
      "rev_growth_yoy_accel": 0.03602793369935943,
      "op_leverage_ratio": 0.8216432433656614,
      "fcf_margin_change": 0.13904397739558627
    },
    {
      "date": "2023-09-30T00:00:00",
      "quarter_label": "2023-09 (Q3)",
      "revenue": 114154000,
      "gross_profit": 66827000,
      "operating_income": 2014000,
      "net_income": 245000,
      "opex": 64813000,
      "cogs": 47327000,
      "rd": null,
      "sga": 64813000,
      "fcf": 3074000,
      "ocf": 4644000,
      "capex": -1570000,
      "gross_margin": 0.5854109361038597,
      "op_margin": 0.017642833365453685,
      "fcf_margin": 0.026928535136745098,
      "incr_op_margin_yoy": -1.56020371044016,
      "rev_growth_yoy": 0.024675732687042772,
      "rev_growth_yoy_accel": 0.012038910365359824,
      "op_leverage_ratio": 0.8340341323652846,
      "fcf_margin_change": -0.046648390732709634
    },
    {
      "date": "2023-12-31T00:00:00",
      "quarter_label": "2023-12 (Q4)",
      "revenue": 124346000,
      "gross_profit": 73008000,
      "operating_income": 1198000,
      "net_income": 243000,
      "opex": 71810000,
      "cogs": 51338000,
      "rd": null,
      "sga": 71810000,
      "fcf": 9485000,
      "ocf": 10700000,
      "capex": -1215000,
      "gross_margin": 0.5871358950026538,
      "op_margin": 0.009634407218567545,
      "fcf_margin": 0.07627909221044504,
      "incr_op_margin_yoy": -1.0284139100932994,
      "rev_growth_yoy": 0.03942154977848366,
      "rev_growth_yoy_accel": 0.014745817091440887,
      "op_leverage_ratio": 0.8270247967857416,
      "fcf_margin_change": 0.049350557073699945
    },
    {
      "date": "2024-03-31T00:00:00",
      "quarter_label": "2024-03 (Q1)",
      "revenue": 97337000,
      "gross_profit": 58306000,
      "operating_income": 877000,
      "net_income": 139000,
      "opex": 57429000,
      "cogs": 39031000,
      "rd": null,
      "sga": 57429000,
      "fcf": -6352000,
      "ocf": -5790000,
      "capex": -562000,
      "gross_margin": 0.5990116810668091,
      "op_margin": 0.00900993455725983,
      "fcf_margin": -0.06525781563023311,
      "rev_growth_yoy": -0.003695060287825749,
      "rev_growth_yoy_accel": -0.04311661006630941,
      "fcf_margin_change": -0.14153690784067816
    },
    {
      "date": "2024-06-30T00:00:00",
      "quarter_label": "2024-06 (Q2)",
      "revenue": 105426000,
      "gross_profit": 64077000,
      "operating_income": 1132000,
      "net_income": 185000,
      "opex": 62945000,
      "cogs": 41349000,
      "rd": null,
      "sga": 62945000,
      "fcf": 6452000,
      "ocf": 7309000,
      "capex": -857000,
      "gross_margin": 0.6077912469409823,
      "op_margin": 0.01073738925881661,
      "fcf_margin": 0.06119932464477453,
      "incr_op_margin_yoy": 0.04791929382093316,
      "rev_growth_yoy": -0.043182313221520364,
      "rev_growth_yoy_accel": -0.039487252933694615,
      "op_leverage_ratio": 0.8652146714132967,
      "fcf_margin_change": 0.12645714027500765
    },
    {
      "date": "2024-09-30T00:00:00",
      "quarter_label": "2024-09 (Q3)",
      "revenue": 99873000,
      "gross_profit": 60770000,
      "operating_income": -1069000,
      "net_income": -141000,
      "opex": 61839000,
      "cogs": 39103000,
      "rd": null,
      "sga": 61839000,
      "fcf": 674000,
      "ocf": 1985000,
      "capex": -1311000,
      "gross_margin": 0.6084727604057153,
      "op_margin": -0.01070359356382606,
      "fcf_margin": 0.006748570684769657,
      "incr_op_margin_yoy": 0.21588124080946713,
      "rev_growth_yoy": -0.12510293112812518,
      "rev_growth_yoy_accel": -0.08192061790660482,
      "fcf_margin_change": -0.05445075396000487
    },
    {
      "date": "2024-12-31T00:00:00",
      "quarter_label": "2024-12 (Q4)",
      "revenue": 119525000,
      "gross_profit": 71249000,
      "operating_income": 2410000,
      "net_income": 358000,
      "opex": 68839000,
      "cogs": 48276000,
      "rd": null,
      "sga": null,
      "fcf": 11914000,
      "ocf": 14091000,
      "capex": -2177000,
      "gross_margin": 0.5961012340514537,
      "op_margin": 0.020163145785400544,
      "fcf_margin": 0.0996778916544656,
      "incr_op_margin_yoy": -0.25140012445550713,
      "rev_growth_yoy": -0.03877084908239911,
      "rev_growth_yoy_accel": 0.08633208204572607,
      "op_leverage_ratio": 1.738293386887061,
      "fcf_margin_change": 0.09292932096969594
    },
    {
      "date": "2025-03-31T00:00:00",
      "quarter_label": "2025-03 (Q1)",
      "revenue": 93884000,
      "gross_profit": 55042000,
      "operating_income": -3523000,
      "net_income": -466000,
      "opex": 58565000,
      "cogs": 38842000,
      "rd": null,
      "sga": null,
      "fcf": -7854000,
      "ocf": -7127000,
      "capex": -727000,
      "gross_margin": 0.5862766818627242,
      "op_margin": -0.037525030889182395,
      "fcf_margin": -0.08365642708022666,
      "incr_op_margin_yoy": 1.2742542716478424,
      "rev_growth_yoy": -0.03547469102191356,
      "rev_growth_yoy_accel": 0.0032961580604855545,
      "fcf_margin_change": -0.18333431873469225
    },
    {
      "date": "2025-06-30T00:00:00",
      "quarter_label": "2025-06 (Q2)",
      "revenue": 108936000,
      "gross_profit": 63504000,
      "operating_income": -1213000,
      "net_income": -166000,
      "opex": 64717000,
      "cogs": 45432000,
      "rd": null,
      "sga": null,
      "fcf": 7915000,
      "ocf": 9070000,
      "capex": -1155000,
      "gross_margin": 0.5829477858559154,
      "op_margin": -0.01113497833590365,
      "fcf_margin": 0.07265734008959389,
      "incr_op_margin_yoy": -0.6680911680911681,
      "rev_growth_yoy": 0.033293494963291786,
      "rev_growth_yoy_accel": 0.06876818598520534,
      "op_leverage_ratio": 1.5262456730074283,
      "fcf_margin_change": 0.15631376716982054
    },
    {
      "date": "2025-09-30T00:00:00",
      "quarter_label": "2025-09 (Q3)",
      "revenue": 110252000,
      "gross_profit": 63451000,
      "operating_income": -620000,
      "net_income": -107000,
      "opex": 64071000,
      "cogs": 46801000,
      "rd": null,
      "sga": null,
      "fcf": -3000,
      "ocf": 608000,
      "capex": -611000,
      "gross_margin": 0.5755088343068606,
      "op_margin": -0.0056234807531836154,
      "fcf_margin": -2.7210390741211043e-05,
      "incr_op_margin_yoy": 0.043260429713845264,
      "rev_growth_yoy": 0.10392198091576302,
      "rev_growth_yoy_accel": 0.07062848595247123,
      "op_leverage_ratio": Infinity,
      "fcf_margin_change": -0.0726845504803351
    }
  ],
  "signals": [
    {
      "quarter": "2025-09 (Q3)",
      "signal": "YoY REVENUE GROWTH ACCELERATION",
      "detail": "YoY growth: +10.4% vs prior quarter YoY: +3.3% (accel: +7.1%)",
      "severity": "MEDIUM"
    },
    {
      "quarter": "2025-06 (Q2)",
      "signal": "FCF TURNED POSITIVE",
      "detail": "FCF margin: -8.4% -> +7.3%",
      "severity": "HIGH"
    },
    {
      "quarter": "2025-06 (Q2)",
      "signal": "OPERATING LEVERAGE",
      "detail": "Rev growth +16.0% vs OpEx growth +10.5% (leverage: 1.5x)",
      "severity": "MEDIUM"
    },
    {
      "quarter": "2025-06 (Q2)",
      "signal": "YoY REVENUE GROWTH ACCELERATION",
      "detail": "YoY growth: +3.3% vs prior quarter YoY: -3.5% (accel: +6.9%)",
      "severity": "MEDIUM"
    },
    {
      "quarter": "2024-12 (Q4)",
      "signal": "FCF MARGIN EXPANSION",
      "detail": "FCF margin: +0.7% -> +10.0% (+9.3%)",
      "severity": "MEDIUM"
    },
    {
      "quarter": "2024-12 (Q4)",
      "signal": "OPERATING LEVERAGE",
      "detail": "Rev growth +19.7% vs OpEx growth +11.3% (leverage: 1.7x)",
      "severity": "MEDIUM"
    },
    {
      "quarter": "2024-12 (Q4)",
      "signal": "YoY REVENUE GROWTH ACCELERATION",
      "detail": "YoY growth: -3.9% vs prior quarter YoY: -12.5% (accel: +8.6%)",
      "severity": "MEDIUM"
    },
    {
      "quarter": "2024-12 (Q4)",
      "signal": "OP MARGIN TURNED POSITIVE (QoQ)",
      "detail": "Op margin: -1.1% -> +2.0%",
      "severity": "HIGH"
    },
    {
      "quarter": "2024-09 (Q3)",
      "signal": "YoY REVENUE GROWTH DECELERATION",
      "detail": "YoY growth: -12.5% vs prior quarter YoY: -4.3% (decel: -8.2%)",
      "severity": "WARNING"
    },
    {
      "quarter": "2024-06 (Q2)",
      "signal": "FCF TURNED POSITIVE",
      "detail": "FCF margin: -6.5% -> +6.1%",
      "severity": "HIGH"
    },
    {
      "quarter": "2024-03 (Q1)",
      "signal": "OP MARGIN TURNED POSITIVE (YoY)",
      "detail": "Op margin: -0.1% (year-ago) -> +0.9%",
      "severity": "HIGH"
    },
    {
      "quarter": "2023-06 (Q2)",
      "signal": "FCF TURNED POSITIVE",
      "detail": "FCF margin: -6.5% -> +7.4%",
      "severity": "HIGH"
    },
    {
      "quarter": "2023-06 (Q2)",
      "signal": "OP MARGIN TURNED POSITIVE (QoQ)",
      "detail": "Op margin: -0.1% -> +1.2%",
      "severity": "HIGH"
    },
    {
      "quarter": "2022-12 (Q4)",
      "signal": "YoY REVENUE GROWTH DECELERATION",
      "detail": "YoY growth: -1.9% vs prior quarter YoY: +17.0% (decel: -18.8%)",
      "severity": "WARNING"
    },
    {
      "quarter": "2022-12 (Q4)",
      "signal": "INCREMENTAL MARGIN (YoY)",
      "detail": "YoY Incr OPM: +303.5% vs year-ago OPM: +10.6%",
      "severity": "HIGH"
    },
    {
      "quarter": "2022-06 (Q2)",
      "signal": "FCF TURNED POSITIVE",
      "detail": "FCF margin: -1.1% -> +1.8%",
      "severity": "HIGH"
    },
    {
      "quarter": "2022-06 (Q2)",
      "signal": "GROSS MARGIN INFLECTION",
      "detail": "GM: +51.1% -> +50.1% -> +53.1% (reversal +3.0%)",
      "severity": "MEDIUM"
    },
    {
      "quarter": "2022-06 (Q2)",
      "signal": "YoY REVENUE GROWTH DECELERATION",
      "detail": "YoY growth: +17.8% vs prior quarter YoY: +41.5% (decel: -23.7%)",
      "severity": "WARNING"
    },
    {
      "quarter": "2021-06 (Q2)",
      "signal": "OPERATING LEVERAGE",
      "detail": "Rev growth +30.6% vs OpEx growth +18.3% (leverage: 1.7x)",
      "severity": "MEDIUM"
    },
    {
      "quarter": "2021-06 (Q2)",
      "signal": "GROSS MARGIN INFLECTION",
      "detail": "GM: +47.0% -> +45.8% -> +48.5% (reversal +2.7%)",
      "severity": "MEDIUM"
    }
  ],
  "data_quality": {
    "n_quarters": 20,
    "coverage": {
      "revenue": [
        20,
        20
      ],
      "gross_profit": [
        20,
        20
      ],
      "op_income": [
        20,
        20
      ],
      "fcf": [
        20,
        20
      ]
    },
    "gaps": [],
    "warnings": []
  },
  "market_cap": null,
  "source": "SEC EDGAR",
  "last_updated": "2026-02-02T23:07:46.272695"
}