{
  "ticker": "BROS",
  "name": "DUTCH BROS INC.",
  "quarters": [
    {
      "date": "2020-12-31T00:00:00",
      "quarter_label": "2020-12 (Q4)",
      "revenue": 89896000,
      "gross_profit": 25668000,
      "operating_income": -4922000,
      "net_income": -11932000,
      "opex": 94818000,
      "cogs": 64228000,
      "rd": null,
      "sga": 30590000,
      "fcf": -4135000,
      "ocf": 10885000,
      "capex": -15020000,
      "gross_margin": 0.2855299457150485,
      "op_margin": -0.05475215804930141,
      "fcf_margin": -0.04599759722345822
    },
    {
      "date": "2021-03-31T00:00:00",
      "quarter_label": "2021-03 (Q1)",
      "revenue": 98785000,
      "gross_profit": 32277000,
      "operating_income": -3709000,
      "net_income": 0,
      "opex": 102494000,
      "cogs": 66508000,
      "rd": null,
      "sga": 35986000,
      "fcf": 7545000,
      "ocf": 15487000,
      "capex": -7942000,
      "gross_margin": 0.32673988965936124,
      "op_margin": -0.03754618616186668,
      "fcf_margin": 0.07637799261021411,
      "op_leverage_ratio": 1.221429381565951,
      "fcf_margin_change": 0.12237558983367233
    },
    {
      "date": "2021-06-30T00:00:00",
      "quarter_label": "2021-06 (Q2)",
      "revenue": 129208000,
      "gross_profit": 47741000,
      "operating_income": 14253000,
      "net_income": 0,
      "opex": 114955000,
      "cogs": 81467000,
      "rd": null,
      "sga": 33488000,
      "fcf": 13758000,
      "ocf": 40712000,
      "capex": -26954000,
      "gross_margin": 0.3694895052937899,
      "op_margin": 0.11031050708934431,
      "fcf_margin": 0.10647947495511113,
      "op_leverage_ratio": 2.5331247589762036,
      "fcf_margin_change": 0.030101482344897026
    },
    {
      "date": "2021-09-30T00:00:00",
      "quarter_label": "2021-09 (Q3)",
      "revenue": 129803000,
      "gross_profit": 38743000,
      "operating_income": -114984000,
      "net_income": -6738000,
      "opex": 244787000,
      "cogs": 91060000,
      "rd": null,
      "sga": 153727000,
      "fcf": -23120000,
      "ocf": 16105000,
      "capex": -39225000,
      "gross_margin": 0.298475381924917,
      "op_margin": -0.8858346879502015,
      "fcf_margin": -0.17811606819565032,
      "fcf_margin_change": -0.28459554315076147
    },
    {
      "date": "2021-12-31T00:00:00",
      "quarter_label": "2021-12 (Q4)",
      "revenue": 140080000,
      "gross_profit": 33836000,
      "operating_income": -7604000,
      "net_income": -6176000,
      "opex": 147684000,
      "cogs": 106244000,
      "rd": null,
      "sga": 41440000,
      "fcf": -36252000,
      "ocf": 8071000,
      "capex": -44323000,
      "gross_margin": 0.24154768703597945,
      "op_margin": -0.05428326670474015,
      "fcf_margin": -0.25879497430039977,
      "incr_op_margin_yoy": -0.05344332855093257,
      "rev_growth_yoy": 0.5582450832072617,
      "op_leverage_ratio": Infinity,
      "fcf_margin_change": -0.08067890610474945
    },
    {
      "date": "2022-03-31T00:00:00",
      "quarter_label": "2022-03 (Q1)",
      "revenue": 152156000,
      "gross_profit": 30989000,
      "operating_income": -14225000,
      "net_income": -4947000,
      "opex": 166381000,
      "cogs": 121167000,
      "rd": null,
      "sga": 45214000,
      "fcf": -40738000,
      "ocf": -756000,
      "capex": -39982000,
      "gross_margin": 0.2036659743947002,
      "op_margin": -0.09348957648728937,
      "fcf_margin": -0.2677383737742843,
      "incr_op_margin_yoy": -0.19703584343557362,
      "rev_growth_yoy": 0.5402743331477451,
      "rev_growth_yoy_accel": -0.01797075005951665,
      "op_leverage_ratio": 0.6809394410186898,
      "fcf_margin_change": -0.008943399473884506
    },
    {
      "date": "2022-06-30T00:00:00",
      "quarter_label": "2022-06 (Q2)",
      "revenue": 186381000,
      "gross_profit": 45011000,
      "operating_income": 2669000,
      "net_income": -906000,
      "opex": 183712000,
      "cogs": 141370000,
      "rd": null,
      "sga": 42342000,
      "fcf": -26405000,
      "ocf": 17469000,
      "capex": -43874000,
      "gross_margin": 0.2414999382984317,
      "op_margin": 0.014320129197718651,
      "fcf_margin": -0.1416721661542754,
      "incr_op_margin_yoy": -0.20261312157836742,
      "rev_growth_yoy": 0.44248808123336014,
      "rev_growth_yoy_accel": -0.09778625191438495,
      "op_leverage_ratio": 2.1594068868084637,
      "fcf_margin_change": 0.1260662076200089
    },
    {
      "date": "2022-09-30T00:00:00",
      "quarter_label": "2022-09 (Q3)",
      "revenue": 198648000,
      "gross_profit": 50556000,
      "operating_income": 5178000,
      "net_income": 1763000,
      "opex": 193470000,
      "cogs": 148092000,
      "rd": null,
      "sga": 45378000,
      "fcf": -24723000,
      "ocf": 26055000,
      "capex": -50778000,
      "gross_margin": 0.25450042285852364,
      "op_margin": 0.026066207563126737,
      "fcf_margin": -0.12445632475534614,
      "incr_op_margin_yoy": 1.7453990849008643,
      "rev_growth_yoy": 0.5303806537599285,
      "rev_growth_yoy_accel": 0.08789257252656835,
      "op_leverage_ratio": 1.2391202065107176,
      "fcf_margin_change": 0.017215841398929246
    },
    {
      "date": "2022-12-31T00:00:00",
      "quarter_label": "2022-12 (Q4)",
      "revenue": 201827000,
      "gross_profit": 54360000,
      "operating_income": 3766000,
      "net_income": -663000,
      "opex": 198061000,
      "cogs": 147467000,
      "rd": null,
      "sga": 50594000,
      "fcf": -36131000,
      "ocf": 17115000,
      "capex": -53246000,
      "gross_margin": 0.2693395829101161,
      "op_margin": 0.018659545055914224,
      "fcf_margin": -0.1790196554474872,
      "incr_op_margin_yoy": 0.18413850065590232,
      "rev_growth_yoy": 0.4407981153626499,
      "rev_growth_yoy_accel": -0.08958253839727859,
      "op_leverage_ratio": 0.6743924038677457,
      "fcf_margin_change": -0.054563330692141074
    },
    {
      "date": "2023-03-31T00:00:00",
      "quarter_label": "2023-03 (Q1)",
      "revenue": 197267000,
      "gross_profit": 45744000,
      "operating_income": -232000,
      "net_income": -3842000,
      "opex": 197499000,
      "cogs": 151523000,
      "rd": null,
      "sga": 45976000,
      "fcf": -40206000,
      "ocf": 3077000,
      "capex": -43283000,
      "gross_margin": 0.2318887599040894,
      "op_margin": -0.001176071010356522,
      "fcf_margin": -0.20381513380342378,
      "incr_op_margin_yoy": 0.3101904191882246,
      "rev_growth_yoy": 0.2964786140539972,
      "rev_growth_yoy_accel": -0.14431950130865268,
      "fcf_margin_change": -0.024795478355936568
    },
    {
      "date": "2023-06-30T00:00:00",
      "quarter_label": "2023-06 (Q2)",
      "revenue": 249879000,
      "gross_profit": 71243000,
      "operating_income": 19581000,
      "net_income": 2752000,
      "opex": 230298000,
      "cogs": 178636000,
      "rd": null,
      "sga": 51662000,
      "fcf": -16258000,
      "ocf": 42766000,
      "capex": -59024000,
      "gross_margin": 0.2851099932367266,
      "op_margin": 0.07836192717275162,
      "fcf_margin": -0.06506349072951309,
      "incr_op_margin_yoy": 0.26633909729440297,
      "rev_growth_yoy": 0.34068923334460055,
      "rev_growth_yoy_accel": 0.044210619290603326,
      "op_leverage_ratio": 1.6059597990181678,
      "fcf_margin_change": 0.1387516430739107
    },
    {
      "date": "2023-09-30T00:00:00",
      "quarter_label": "2023-09 (Q3)",
      "revenue": 264507000,
      "gross_profit": 75184000,
      "operating_income": 24694000,
      "net_income": 4210000,
      "opex": 239813000,
      "cogs": 189323000,
      "rd": null,
      "sga": 50490000,
      "fcf": -16362000,
      "ocf": 49063000,
      "capex": -65425000,
      "gross_margin": 0.28424200493748747,
      "op_margin": 0.09335858786345919,
      "fcf_margin": -0.06185847633521986,
      "incr_op_margin_yoy": 0.2963300384154026,
      "rev_growth_yoy": 0.33153618460794976,
      "rev_growth_yoy_accel": -0.009153048736650793,
      "op_leverage_ratio": 1.4168914061289533,
      "fcf_margin_change": 0.003205014394293229
    },
    {
      "date": "2023-12-31T00:00:00",
      "quarter_label": "2023-12 (Q4)",
      "revenue": 254123000,
      "gross_profit": 59125000,
      "operating_income": 2179000,
      "net_income": -1402000,
      "opex": 251944000,
      "cogs": 194998000,
      "rd": null,
      "sga": 56946000,
      "fcf": -15716000,
      "ocf": 45009000,
      "capex": -60725000,
      "gross_margin": 0.23266292307268527,
      "op_margin": 0.008574587896412368,
      "fcf_margin": -0.061844067636538214,
      "incr_op_margin_yoy": -0.030346489215236347,
      "rev_growth_yoy": 0.2591130027201514,
      "rev_growth_yoy_accel": -0.07242318188779834,
      "fcf_margin_change": 1.4408698681647736e-05
    },
    {
      "date": "2024-03-31T00:00:00",
      "quarter_label": "2024-03 (Q1)",
      "revenue": 275099000,
      "gross_profit": 71773000,
      "operating_income": 25579000,
      "net_income": 7062000,
      "opex": 249520000,
      "cogs": 203326000,
      "rd": null,
      "sga": 46194000,
      "fcf": -16269000,
      "ocf": 41193000,
      "capex": -57462000,
      "gross_margin": 0.2608988037033941,
      "op_margin": 0.09298107226852878,
      "fcf_margin": -0.05913871006437683,
      "incr_op_margin_yoy": 0.33162452461712405,
      "rev_growth_yoy": 0.39455154688822763,
      "rev_growth_yoy_accel": 0.1354385441680762,
      "op_leverage_ratio": Infinity,
      "fcf_margin_change": 0.0027053575721613862
    },
    {
      "date": "2024-06-30T00:00:00",
      "quarter_label": "2024-06 (Q2)",
      "revenue": 324918000,
      "gross_profit": 90281000,
      "operating_income": 32184000,
      "net_income": 11940000,
      "opex": 292734000,
      "cogs": 234637000,
      "rd": null,
      "sga": 58097000,
      "fcf": -4912000,
      "ocf": 59536000,
      "capex": -64448000,
      "gross_margin": 0.27785779796748716,
      "op_margin": 0.09905268406182482,
      "fcf_margin": -0.015117660455868865,
      "incr_op_margin_yoy": 0.1679526646144005,
      "rev_growth_yoy": 0.30030134585139207,
      "rev_growth_yoy_accel": -0.09425020103683557,
      "op_leverage_ratio": 1.0456513157924323,
      "fcf_margin_change": 0.04402104960850796
    },
    {
      "date": "2024-09-30T00:00:00",
      "quarter_label": "2024-09 (Q3)",
      "revenue": 338212000,
      "gross_profit": 90051000,
      "operating_income": 32515000,
      "net_income": 12644000,
      "opex": 305697000,
      "cogs": 248161000,
      "rd": null,
      "sga": 57536000,
      "fcf": 26407000,
      "ocf": 83466000,
      "capex": -57059000,
      "gross_margin": 0.26625607607063023,
      "op_margin": 0.09613792532494411,
      "fcf_margin": 0.07807824678012608,
      "incr_op_margin_yoy": 0.10611220405671257,
      "rev_growth_yoy": 0.2786504704979452,
      "rev_growth_yoy_accel": -0.02165087535344684,
      "op_leverage_ratio": 0.9239522963883439,
      "fcf_margin_change": 0.09319590723599494
    },
    {
      "date": "2024-12-31T00:00:00",
      "quarter_label": "2024-12 (Q4)",
      "revenue": 342786000,
      "gross_profit": 87948000,
      "operating_income": 15778000,
      "net_income": 3612000,
      "opex": 327008000,
      "cogs": 254838000,
      "rd": null,
      "sga": 72170000,
      "fcf": 19468000,
      "ocf": 62237000,
      "capex": -42769000,
      "gross_margin": 0.25656823790936617,
      "op_margin": 0.04602871762557397,
      "fcf_margin": 0.05679345130781304,
      "incr_op_margin_yoy": 0.15337852317201087,
      "rev_growth_yoy": 0.3488979746028498,
      "rev_growth_yoy_accel": 0.0702475041049046,
      "op_leverage_ratio": 0.1939967683151286,
      "fcf_margin_change": -0.021284795472313038
    },
    {
      "date": "2025-03-31T00:00:00",
      "quarter_label": "2025-03 (Q1)",
      "revenue": 355152000,
      "gross_profit": 89993000,
      "operating_income": 31072000,
      "net_income": 15353000,
      "opex": 324080000,
      "cogs": 265159000,
      "rd": null,
      "sga": 58921000,
      "fcf": -8667000,
      "ocf": 36884000,
      "capex": -45551000,
      "gross_margin": 0.25339291345677345,
      "op_margin": 0.08748930035590395,
      "fcf_margin": -0.024403635626436004,
      "incr_op_margin_yoy": 0.06861704121019824,
      "rev_growth_yoy": 0.29099705924049163,
      "rev_growth_yoy_accel": -0.057900915362358196,
      "op_leverage_ratio": Infinity,
      "fcf_margin_change": -0.08119708693424904
    },
    {
      "date": "2025-06-30T00:00:00",
      "quarter_label": "2025-06 (Q2)",
      "revenue": 415813000,
      "gross_profit": 120044000,
      "operating_income": 54659000,
      "net_income": 25624000,
      "opex": 361154000,
      "cogs": 295769000,
      "rd": null,
      "sga": 65385000,
      "fcf": 35686000,
      "ocf": 89897000,
      "capex": -54211000,
      "gross_margin": 0.28869708258279564,
      "op_margin": 0.13145091663800795,
      "fcf_margin": 0.08582223259013066,
      "incr_op_margin_yoy": 0.2472633258155014,
      "rev_growth_yoy": 0.2797475055244708,
      "rev_growth_yoy_accel": -0.011249553716020821,
      "op_leverage_ratio": 1.4930628351704838,
      "fcf_margin_change": 0.11022586821656667
    },
    {
      "date": "2025-09-30T00:00:00",
      "quarter_label": "2025-09 (Q3)",
      "revenue": 423584000,
      "gross_profit": 106779000,
      "operating_income": 41490000,
      "net_income": 17495000,
      "opex": 382094000,
      "cogs": 316805000,
      "rd": null,
      "sga": 65289000,
      "fcf": 18920000,
      "ocf": 89125000,
      "capex": -70205000,
      "gross_margin": 0.252084592430309,
      "op_margin": 0.0979498753493994,
      "fcf_margin": 0.044666465211150565,
      "incr_op_margin_yoy": 0.10512814505927001,
      "rev_growth_yoy": 0.25242155807599964,
      "rev_growth_yoy_accel": -0.027325947448471166,
      "op_leverage_ratio": 0.32232545018175934,
      "fcf_margin_change": -0.0411557673789801
    }
  ],
  "signals": [
    {
      "quarter": "2025-06 (Q2)",
      "signal": "FCF TURNED POSITIVE",
      "detail": "FCF margin: -2.4% -> +8.6%",
      "severity": "HIGH"
    },
    {
      "quarter": "2025-06 (Q2)",
      "signal": "GROSS MARGIN INFLECTION",
      "detail": "GM: +25.7% -> +25.3% -> +28.9% (reversal +3.5%)",
      "severity": "MEDIUM"
    },
    {
      "quarter": "2025-06 (Q2)",
      "signal": "INCREMENTAL MARGIN (YoY)",
      "detail": "YoY Incr OPM: +24.7% vs year-ago OPM: +9.9%",
      "severity": "MEDIUM"
    },
    {
      "quarter": "2025-03 (Q1)",
      "signal": "YoY REVENUE GROWTH DECELERATION",
      "detail": "YoY growth: +29.1% vs prior quarter YoY: +34.9% (decel: -5.8%)",
      "severity": "WARNING"
    },
    {
      "quarter": "2024-12 (Q4)",
      "signal": "YoY REVENUE GROWTH ACCELERATION",
      "detail": "YoY growth: +34.9% vs prior quarter YoY: +27.9% (accel: +7.0%)",
      "severity": "MEDIUM"
    },
    {
      "quarter": "2024-12 (Q4)",
      "signal": "INCREMENTAL MARGIN (YoY)",
      "detail": "YoY Incr OPM: +15.3% vs year-ago OPM: +0.9%",
      "severity": "MEDIUM"
    },
    {
      "quarter": "2024-09 (Q3)",
      "signal": "FCF TURNED POSITIVE",
      "detail": "FCF margin: -1.5% -> +7.8%",
      "severity": "HIGH"
    },
    {
      "quarter": "2024-06 (Q2)",
      "signal": "YoY REVENUE GROWTH DECELERATION",
      "detail": "YoY growth: +30.0% vs prior quarter YoY: +39.5% (decel: -9.4%)",
      "severity": "WARNING"
    },
    {
      "quarter": "2024-03 (Q1)",
      "signal": "GROSS MARGIN INFLECTION",
      "detail": "GM: +28.4% -> +23.3% -> +26.1% (reversal +2.8%)",
      "severity": "MEDIUM"
    },
    {
      "quarter": "2024-03 (Q1)",
      "signal": "YoY REVENUE GROWTH ACCELERATION",
      "detail": "YoY growth: +39.5% vs prior quarter YoY: +25.9% (accel: +13.5%)",
      "severity": "MEDIUM"
    },
    {
      "quarter": "2024-03 (Q1)",
      "signal": "OP MARGIN TURNED POSITIVE (YoY)",
      "detail": "Op margin: -0.1% (year-ago) -> +9.3%",
      "severity": "HIGH"
    },
    {
      "quarter": "2023-12 (Q4)",
      "signal": "YoY REVENUE GROWTH DECELERATION",
      "detail": "YoY growth: +25.9% vs prior quarter YoY: +33.2% (decel: -7.2%)",
      "severity": "WARNING"
    },
    {
      "quarter": "2023-09 (Q3)",
      "signal": "INCREMENTAL MARGIN (YoY)",
      "detail": "YoY Incr OPM: +29.6% vs year-ago OPM: +2.6%",
      "severity": "HIGH"
    },
    {
      "quarter": "2023-06 (Q2)",
      "signal": "FCF MARGIN EXPANSION",
      "detail": "FCF margin: -20.4% -> -6.5% (+13.9%)",
      "severity": "MEDIUM"
    },
    {
      "quarter": "2023-06 (Q2)",
      "signal": "OPERATING LEVERAGE",
      "detail": "Rev growth +26.7% vs OpEx growth +16.6% (leverage: 1.6x)",
      "severity": "MEDIUM"
    },
    {
      "quarter": "2023-06 (Q2)",
      "signal": "GROSS MARGIN INFLECTION",
      "detail": "GM: +26.9% -> +23.2% -> +28.5% (reversal +5.3%)",
      "severity": "HIGH"
    },
    {
      "quarter": "2023-06 (Q2)",
      "signal": "INCREMENTAL MARGIN (YoY)",
      "detail": "YoY Incr OPM: +26.6% vs year-ago OPM: +1.4%",
      "severity": "HIGH"
    },
    {
      "quarter": "2023-06 (Q2)",
      "signal": "OP MARGIN TURNED POSITIVE (QoQ)",
      "detail": "Op margin: -0.1% -> +7.8%",
      "severity": "HIGH"
    },
    {
      "quarter": "2023-03 (Q1)",
      "signal": "YoY REVENUE GROWTH DECELERATION",
      "detail": "YoY growth: +29.6% vs prior quarter YoY: +44.1% (decel: -14.4%)",
      "severity": "WARNING"
    },
    {
      "quarter": "2022-12 (Q4)",
      "signal": "YoY REVENUE GROWTH DECELERATION",
      "detail": "YoY growth: +44.1% vs prior quarter YoY: +53.0% (decel: -9.0%)",
      "severity": "WARNING"
    },
    {
      "quarter": "2022-12 (Q4)",
      "signal": "OP MARGIN TURNED POSITIVE (YoY)",
      "detail": "Op margin: -5.4% (year-ago) -> +1.9%",
      "severity": "HIGH"
    },
    {
      "quarter": "2022-09 (Q3)",
      "signal": "YoY REVENUE GROWTH ACCELERATION",
      "detail": "YoY growth: +53.0% vs prior quarter YoY: +44.2% (accel: +8.8%)",
      "severity": "MEDIUM"
    },
    {
      "quarter": "2022-09 (Q3)",
      "signal": "OP MARGIN TURNED POSITIVE (YoY)",
      "detail": "Op margin: -88.6% (year-ago) -> +2.6%",
      "severity": "HIGH"
    },
    {
      "quarter": "2022-06 (Q2)",
      "signal": "FCF MARGIN EXPANSION",
      "detail": "FCF margin: -26.8% -> -14.2% (+12.6%)",
      "severity": "MEDIUM"
    },
    {
      "quarter": "2022-06 (Q2)",
      "signal": "OPERATING LEVERAGE",
      "detail": "Rev growth +22.5% vs OpEx growth +10.4% (leverage: 2.2x)",
      "severity": "MEDIUM"
    },
    {
      "quarter": "2022-06 (Q2)",
      "signal": "GROSS MARGIN INFLECTION",
      "detail": "GM: +24.2% -> +20.4% -> +24.1% (reversal +3.8%)",
      "severity": "MEDIUM"
    },
    {
      "quarter": "2022-06 (Q2)",
      "signal": "YoY REVENUE GROWTH DECELERATION",
      "detail": "YoY growth: +44.2% vs prior quarter YoY: +54.0% (decel: -9.8%)",
      "severity": "WARNING"
    },
    {
      "quarter": "2022-06 (Q2)",
      "signal": "OP MARGIN TURNED POSITIVE (QoQ)",
      "detail": "Op margin: -9.3% -> +1.4%",
      "severity": "HIGH"
    },
    {
      "quarter": "2021-06 (Q2)",
      "signal": "OPERATING LEVERAGE",
      "detail": "Rev growth +30.8% vs OpEx growth +12.2% (leverage: 2.5x)",
      "severity": "MEDIUM"
    },
    {
      "quarter": "2021-06 (Q2)",
      "signal": "OP MARGIN TURNED POSITIVE (QoQ)",
      "detail": "Op margin: -3.8% -> +11.0%",
      "severity": "HIGH"
    },
    {
      "quarter": "2021-03 (Q1)",
      "signal": "FCF TURNED POSITIVE",
      "detail": "FCF margin: -4.6% -> +7.6%",
      "severity": "HIGH"
    }
  ],
  "data_quality": {
    "n_quarters": 20,
    "coverage": {
      "revenue": [
        20,
        20
      ],
      "gross_profit": [
        20,
        20
      ],
      "op_income": [
        20,
        20
      ],
      "fcf": [
        20,
        20
      ]
    },
    "gaps": [],
    "warnings": []
  },
  "market_cap": null,
  "source": "SEC EDGAR",
  "last_updated": "2026-02-02T20:39:56.548414"
}