{
  "ticker": "BRQSF",
  "name": "BORQS TECHNOLOGIES, INC.",
  "quarters": [
    {
      "date": "2016-09-30T00:00:00",
      "quarter_label": "2016-09 (Q3)",
      "revenue": 27492000,
      "gross_profit": 5039000,
      "operating_income": -147608,
      "net_income": -112266,
      "opex": 6096000,
      "cogs": 22453000,
      "rd": 825000,
      "sga": null,
      "fcf": -176088,
      "ocf": -176088,
      "capex": null,
      "gross_margin": 0.18328968427178816,
      "op_margin": -0.0053691255638003785,
      "fcf_margin": -0.00640506329113924
    },
    {
      "date": "2016-12-31T00:00:00",
      "quarter_label": "2016-12 (Q4)",
      "revenue": 7365000,
      "gross_profit": 7226000,
      "operating_income": -327749,
      "net_income": -292236,
      "opex": 4245000,
      "cogs": 35277000,
      "rd": 503000,
      "sga": null,
      "fcf": -261986,
      "ocf": -209986,
      "capex": -52000,
      "gross_margin": 0.9811269517990495,
      "op_margin": -0.04450088255261371,
      "fcf_margin": -0.03557175831636117,
      "fcf_margin_change": -0.029166695025221928
    },
    {
      "date": "2017-03-31T00:00:00",
      "quarter_label": "2017-03 (Q1)",
      "revenue": 31210000,
      "gross_profit": 4155000,
      "operating_income": -1135407,
      "net_income": -1077936,
      "opex": 3350000,
      "cogs": 27055000,
      "rd": 292000,
      "sga": null,
      "fcf": 1107000,
      "ocf": 1183000,
      "capex": -76000,
      "gross_margin": 0.1331304069208587,
      "op_margin": -0.03637958987504005,
      "fcf_margin": 0.03546940083306632,
      "op_leverage_ratio": Infinity,
      "fcf_margin_change": 0.07104115914942749
    },
    {
      "date": "2017-06-30T00:00:00",
      "quarter_label": "2017-06 (Q2)",
      "revenue": 22129000,
      "gross_profit": 5688000,
      "operating_income": 260000,
      "net_income": -1162000,
      "opex": 5429000,
      "cogs": 16441000,
      "rd": 1184000,
      "sga": null,
      "fcf": -5146000,
      "ocf": -5036000,
      "capex": -110000,
      "gross_margin": 0.25703827556599934,
      "op_margin": 0.011749288264268607,
      "fcf_margin": -0.23254552849202403,
      "fcf_margin_change": -0.26801492932509036
    },
    {
      "date": "2017-09-30T00:00:00",
      "quarter_label": "2017-09 (Q3)",
      "revenue": 44319000,
      "gross_profit": 8949000,
      "operating_income": -11483000,
      "net_income": -11815000,
      "opex": 20435000,
      "cogs": 35915000,
      "rd": 4540000,
      "sga": null,
      "fcf": -6231000,
      "ocf": -6091000,
      "capex": -140000,
      "gross_margin": 0.20192242604751912,
      "op_margin": -0.2590988063810104,
      "fcf_margin": -0.14059432748933867,
      "incr_op_margin_yoy": -0.6736430736316634,
      "rev_growth_yoy": 0.6120689655172413,
      "op_leverage_ratio": 0.36278591128809745,
      "fcf_margin_change": 0.09195120100268536
    },
    {
      "date": "2017-12-31T00:00:00",
      "quarter_label": "2017-12 (Q4)",
      "revenue": 24575000,
      "gross_profit": 6321000,
      "operating_income": 2223000,
      "net_income": 386000,
      "opex": 4100000,
      "cogs": 49074000,
      "rd": -917000,
      "sga": null,
      "fcf": -3205000,
      "ocf": -2689000,
      "capex": -516000,
      "gross_margin": 0.25721261444557475,
      "op_margin": 0.09045778229908444,
      "fcf_margin": -0.1304170905391658,
      "incr_op_margin_yoy": 0.14821319000581057,
      "rev_growth_yoy": 2.336727766463001,
      "rev_growth_yoy_accel": 1.7246588009457595,
      "fcf_margin_change": 0.010177236950172863
    },
    {
      "date": "2018-03-31T00:00:00",
      "quarter_label": "2018-03 (Q1)",
      "revenue": 58256000,
      "gross_profit": 8856000,
      "operating_income": 3189000,
      "net_income": 1199000,
      "opex": 5667000,
      "cogs": 49400000,
      "rd": 889000,
      "sga": null,
      "fcf": 573000,
      "ocf": 688000,
      "capex": -115000,
      "gross_margin": 0.15201867618786047,
      "op_margin": 0.05474114254325735,
      "fcf_margin": 0.009835896731667125,
      "incr_op_margin_yoy": 0.1598908156474155,
      "rev_growth_yoy": 0.8665812239666774,
      "rev_growth_yoy_accel": -1.4701465424963236,
      "op_leverage_ratio": 3.5859671856142814,
      "fcf_margin_change": 0.14025298727083294
    },
    {
      "date": "2018-06-30T00:00:00",
      "quarter_label": "2018-06 (Q2)",
      "revenue": 56339000,
      "gross_profit": 7709000,
      "operating_income": 2332000,
      "net_income": 1830000,
      "opex": 5377000,
      "cogs": 48630000,
      "rd": 1452000,
      "sga": null,
      "fcf": 831000,
      "ocf": 864000,
      "capex": -33000,
      "gross_margin": 0.1368323896412787,
      "op_margin": 0.041392285983066796,
      "fcf_margin": 0.014749995562576546,
      "incr_op_margin_yoy": 0.0605670856474715,
      "rev_growth_yoy": 1.5459351981562655,
      "rev_growth_yoy_accel": 0.6793539741895881,
      "fcf_margin_change": 0.0049140988309094216
    },
    {
      "date": "2018-09-30T00:00:00",
      "quarter_label": "2018-09 (Q3)",
      "revenue": 28292000,
      "gross_profit": 3842000,
      "operating_income": -873000,
      "net_income": -2508000,
      "opex": 4715000,
      "cogs": 24450000,
      "rd": 908000,
      "sga": null,
      "fcf": 4413000,
      "ocf": 4421000,
      "capex": -8000,
      "gross_margin": 0.1357981054715114,
      "op_margin": -0.030856779301569347,
      "fcf_margin": 0.1559804891842217,
      "incr_op_margin_yoy": -0.662007861733325,
      "rev_growth_yoy": -0.3616281955820303,
      "rev_growth_yoy_accel": -1.9075633937382959,
      "fcf_margin_change": 0.14123049362164514
    },
    {
      "date": "2018-12-31T00:00:00",
      "quarter_label": "2018-12 (Q4)",
      "revenue": -14467000,
      "gross_profit": -26430000,
      "operating_income": -71316000,
      "net_income": -72285000,
      "opex": 45066000,
      "cogs": 11963000,
      "rd": 3089000,
      "sga": null,
      "fcf": -3391000,
      "ocf": -3392000,
      "capex": 1000,
      "gross_margin": 1.8269164304969931,
      "op_margin": 4.929563834934679,
      "fcf_margin": 0.23439552084053364,
      "incr_op_margin_yoy": 1.8835869064084831,
      "rev_growth_yoy": -1.5886876907426246,
      "rev_growth_yoy_accel": -1.2270594951605944,
      "fcf_margin_change": 0.07841503165631195
    }
  ],
  "signals": [
    {
      "quarter": "2018-12 (Q4)",
      "signal": "FCF MARGIN EXPANSION",
      "detail": "FCF margin: +15.6% -> +23.4% (+7.8%)",
      "severity": "MEDIUM"
    },
    {
      "quarter": "2018-12 (Q4)",
      "signal": "GROSS MARGIN INFLECTION",
      "detail": "GM: +13.7% -> +13.6% -> +182.7% (reversal +169.1%)",
      "severity": "HIGH"
    },
    {
      "quarter": "2018-12 (Q4)",
      "signal": "YoY REVENUE GROWTH DECELERATION",
      "detail": "YoY growth: -158.9% vs prior quarter YoY: -36.2% (decel: -122.7%)",
      "severity": "WARNING"
    },
    {
      "quarter": "2018-12 (Q4)",
      "signal": "INCREMENTAL MARGIN (YoY)",
      "detail": "YoY Incr OPM: +188.4% vs year-ago OPM: +9.0%",
      "severity": "HIGH"
    },
    {
      "quarter": "2018-12 (Q4)",
      "signal": "OP MARGIN TURNED POSITIVE (QoQ)",
      "detail": "Op margin: -3.1% -> +493.0%",
      "severity": "HIGH"
    },
    {
      "quarter": "2018-09 (Q3)",
      "signal": "FCF MARGIN EXPANSION",
      "detail": "FCF margin: +1.5% -> +15.6% (+14.1%)",
      "severity": "MEDIUM"
    },
    {
      "quarter": "2018-09 (Q3)",
      "signal": "YoY REVENUE GROWTH DECELERATION",
      "detail": "YoY growth: -36.2% vs prior quarter YoY: +154.6% (decel: -190.8%)",
      "severity": "WARNING"
    },
    {
      "quarter": "2018-06 (Q2)",
      "signal": "YoY REVENUE GROWTH ACCELERATION",
      "detail": "YoY growth: +154.6% vs prior quarter YoY: +86.7% (accel: +67.9%)",
      "severity": "HIGH"
    },
    {
      "quarter": "2018-03 (Q1)",
      "signal": "FCF TURNED POSITIVE",
      "detail": "FCF margin: -13.0% -> +1.0%",
      "severity": "HIGH"
    },
    {
      "quarter": "2018-03 (Q1)",
      "signal": "OPERATING LEVERAGE",
      "detail": "Rev growth +137.1% vs OpEx growth +38.2% (leverage: 3.6x)",
      "severity": "MEDIUM"
    },
    {
      "quarter": "2018-03 (Q1)",
      "signal": "YoY REVENUE GROWTH DECELERATION",
      "detail": "YoY growth: +86.7% vs prior quarter YoY: +233.7% (decel: -147.0%)",
      "severity": "WARNING"
    },
    {
      "quarter": "2018-03 (Q1)",
      "signal": "OP MARGIN TURNED POSITIVE (YoY)",
      "detail": "Op margin: -3.6% (year-ago) -> +5.5%",
      "severity": "HIGH"
    },
    {
      "quarter": "2017-12 (Q4)",
      "signal": "GROSS MARGIN INFLECTION",
      "detail": "GM: +25.7% -> +20.2% -> +25.7% (reversal +5.5%)",
      "severity": "HIGH"
    },
    {
      "quarter": "2017-12 (Q4)",
      "signal": "YoY REVENUE GROWTH ACCELERATION",
      "detail": "YoY growth: +233.7% vs prior quarter YoY: +61.2% (accel: +172.5%)",
      "severity": "HIGH"
    },
    {
      "quarter": "2017-12 (Q4)",
      "signal": "OP MARGIN TURNED POSITIVE (YoY)",
      "detail": "Op margin: -4.5% (year-ago) -> +9.0%",
      "severity": "HIGH"
    },
    {
      "quarter": "2017-12 (Q4)",
      "signal": "OP MARGIN TURNED POSITIVE (QoQ)",
      "detail": "Op margin: -25.9% -> +9.0%",
      "severity": "HIGH"
    },
    {
      "quarter": "2017-09 (Q3)",
      "signal": "FCF MARGIN EXPANSION",
      "detail": "FCF margin: -23.3% -> -14.1% (+9.2%)",
      "severity": "MEDIUM"
    },
    {
      "quarter": "2017-06 (Q2)",
      "signal": "GROSS MARGIN INFLECTION",
      "detail": "GM: +98.1% -> +13.3% -> +25.7% (reversal +12.4%)",
      "severity": "HIGH"
    },
    {
      "quarter": "2017-06 (Q2)",
      "signal": "OP MARGIN TURNED POSITIVE (QoQ)",
      "detail": "Op margin: -3.6% -> +1.2%",
      "severity": "HIGH"
    },
    {
      "quarter": "2017-03 (Q1)",
      "signal": "FCF TURNED POSITIVE",
      "detail": "FCF margin: -3.6% -> +3.5%",
      "severity": "HIGH"
    }
  ],
  "data_quality": {
    "n_quarters": 10,
    "coverage": {
      "revenue": [
        10,
        10
      ],
      "gross_profit": [
        10,
        10
      ],
      "op_income": [
        10,
        10
      ],
      "fcf": [
        10,
        10
      ]
    },
    "gaps": [],
    "warnings": []
  },
  "market_cap": null,
  "source": "SEC EDGAR",
  "last_updated": "2026-02-03T00:24:44.284534"
}