{
  "ticker": "BRZE",
  "name": "Braze, Inc.",
  "quarters": [
    {
      "date": "2021-01-31T00:00:00",
      "quarter_label": "2021-01 (Q1)",
      "revenue": 42930000,
      "gross_profit": 27651000,
      "operating_income": -10518000,
      "net_income": -10544000,
      "opex": 38169000,
      "cogs": 15279000,
      "rd": 9043000,
      "sga": null,
      "fcf": -396000,
      "ocf": 20000,
      "capex": -416000,
      "gross_margin": 0.6440950384346611,
      "op_margin": -0.24500349406009783,
      "fcf_margin": -0.009224318658280923
    },
    {
      "date": "2021-04-30T00:00:00",
      "quarter_label": "2021-04 (Q2)",
      "revenue": 47877000,
      "gross_profit": 32070000,
      "operating_income": -13025000,
      "net_income": -12834000,
      "opex": 45095000,
      "cogs": 15807000,
      "rd": 11797000,
      "sga": null,
      "fcf": -4105000,
      "ocf": -3807000,
      "capex": -298000,
      "gross_margin": 0.669841468763707,
      "op_margin": -0.2720512981180943,
      "fcf_margin": -0.08574054347599055,
      "op_leverage_ratio": 0.6350520416187658,
      "fcf_margin_change": -0.07651622481770963
    },
    {
      "date": "2021-07-31T00:00:00",
      "quarter_label": "2021-07 (Q3)",
      "revenue": 55756000,
      "gross_profit": 37001000,
      "operating_income": -12150000,
      "net_income": -12228000,
      "opex": 49151000,
      "cogs": 18755000,
      "rd": 11595000,
      "sga": null,
      "fcf": -5064000,
      "ocf": -4607000,
      "capex": -457000,
      "gross_margin": 0.6636236458856446,
      "op_margin": -0.21791376712820146,
      "fcf_margin": -0.0908243059042973,
      "op_leverage_ratio": 1.829677788526063,
      "fcf_margin_change": -0.005083762428306743
    },
    {
      "date": "2021-10-31T00:00:00",
      "quarter_label": "2021-10 (Q4)",
      "revenue": 63968000,
      "gross_profit": 44794000,
      "operating_income": -10448000,
      "net_income": -8722000,
      "opex": 55242000,
      "cogs": 19174000,
      "rd": 12738000,
      "sga": null,
      "fcf": -2809000,
      "ocf": -2454000,
      "capex": -355000,
      "gross_margin": 0.7002563781890946,
      "op_margin": -0.16333166583291645,
      "fcf_margin": -0.04391258129064532,
      "op_leverage_ratio": 1.188505210256067,
      "fcf_margin_change": 0.04691172461365198
    },
    {
      "date": "2022-01-31T00:00:00",
      "quarter_label": "2022-01 (Q1)",
      "revenue": 70434000,
      "gross_profit": 45659000,
      "operating_income": -42588000,
      "net_income": -42935000,
      "opex": 88247000,
      "cogs": 24775000,
      "rd": 22904000,
      "sga": null,
      "fcf": -25730000,
      "ocf": -24530000,
      "capex": -1200000,
      "gross_margin": 0.6482522645313343,
      "op_margin": -0.6046511627906976,
      "fcf_margin": -0.36530652809722575,
      "incr_op_margin_yoy": -1.1660122164048865,
      "rev_growth_yoy": 0.6406708595387841,
      "op_leverage_ratio": 0.1691852838250666,
      "fcf_margin_change": -0.3213939468065804
    },
    {
      "date": "2022-04-30T00:00:00",
      "quarter_label": "2022-04 (Q2)",
      "revenue": 77495000,
      "gross_profit": 51589000,
      "operating_income": -39649000,
      "net_income": -39269000,
      "opex": 91238000,
      "cogs": 25906000,
      "rd": 21620000,
      "sga": null,
      "fcf": 15961000,
      "ocf": 17921000,
      "capex": -1960000,
      "gross_margin": 0.6657074649977418,
      "op_margin": -0.5116330085811988,
      "fcf_margin": 0.20596167494677076,
      "incr_op_margin_yoy": -0.8989128232831386,
      "rev_growth_yoy": 0.6186268980930301,
      "rev_growth_yoy_accel": -0.022043961445754046,
      "op_leverage_ratio": 2.957790404654252,
      "fcf_margin_change": 0.5712682030439965
    },
    {
      "date": "2022-07-31T00:00:00",
      "quarter_label": "2022-07 (Q3)",
      "revenue": 86131000,
      "gross_profit": 58779000,
      "operating_income": -35107000,
      "net_income": -32886000,
      "opex": 93886000,
      "cogs": 27352000,
      "rd": 23336000,
      "sga": null,
      "fcf": -24205000,
      "ocf": -16321000,
      "capex": -7884000,
      "gross_margin": 0.6824372177264864,
      "op_margin": -0.4076000510849752,
      "fcf_margin": -0.28102541477516807,
      "incr_op_margin_yoy": -0.7557860082304527,
      "rev_growth_yoy": 0.5447844178205036,
      "rev_growth_yoy_accel": -0.07384248027252649,
      "op_leverage_ratio": 3.839694988605639,
      "fcf_margin_change": -0.4869870897219388
    },
    {
      "date": "2022-10-31T00:00:00",
      "quarter_label": "2022-10 (Q4)",
      "revenue": 93125000,
      "gross_profit": 63990000,
      "operating_income": -36864000,
      "net_income": -33360000,
      "opex": 100854000,
      "cogs": 29135000,
      "rd": 25583000,
      "sga": null,
      "fcf": -28142000,
      "ocf": -23920000,
      "capex": -4222000,
      "gross_margin": 0.6871409395973155,
      "op_margin": -0.395855033557047,
      "fcf_margin": -0.3021959731543624,
      "incr_op_margin_yoy": -0.9059917001063209,
      "rev_growth_yoy": 0.455806028014007,
      "rev_growth_yoy_accel": -0.08897838980649658,
      "op_leverage_ratio": 1.0941045720532956,
      "fcf_margin_change": -0.02117055837919435
    },
    {
      "date": "2023-01-31T00:00:00",
      "quarter_label": "2023-01 (Q1)",
      "revenue": 98675000,
      "gross_profit": 65250000,
      "operating_income": -36520000,
      "net_income": -33451000,
      "opex": 101770000,
      "cogs": 33425000,
      "rd": 26754000,
      "sga": null,
      "fcf": -1369000,
      "ocf": 12000,
      "capex": -1381000,
      "gross_margin": 0.6612617177603243,
      "op_margin": -0.37010387636179376,
      "fcf_margin": -0.01387382822396757,
      "incr_op_margin_yoy": 0.2148649127155554,
      "rev_growth_yoy": 0.40095692421273815,
      "rev_growth_yoy_accel": -0.05484910380126884,
      "op_leverage_ratio": 6.56182057970165,
      "fcf_margin_change": 0.2883221449303949
    },
    {
      "date": "2023-04-30T00:00:00",
      "quarter_label": "2023-04 (Q2)",
      "revenue": 101780000,
      "gross_profit": 69093000,
      "operating_income": -41897000,
      "net_income": -38454000,
      "opex": 110990000,
      "cogs": 32687000,
      "rd": 29745000,
      "sga": null,
      "fcf": 22509000,
      "ocf": 22549000,
      "capex": -40000,
      "gross_margin": 0.678846531735115,
      "op_margin": -0.41164275889172725,
      "fcf_margin": 0.22115346826488505,
      "incr_op_margin_yoy": -0.09256742845377805,
      "rev_growth_yoy": 0.31337505645525515,
      "rev_growth_yoy_accel": -0.087581867757483,
      "op_leverage_ratio": 0.34733082101401047,
      "fcf_margin_change": 0.23502729648885262
    },
    {
      "date": "2023-07-31T00:00:00",
      "quarter_label": "2023-07 (Q3)",
      "revenue": 115107000,
      "gross_profit": 79633000,
      "operating_income": -35369000,
      "net_income": -31694000,
      "opex": 115002000,
      "cogs": 35474000,
      "rd": 29132000,
      "sga": null,
      "fcf": -17904000,
      "ocf": -17517000,
      "capex": -387000,
      "gross_margin": 0.6918171787988567,
      "op_margin": -0.30727062646059755,
      "fcf_margin": -0.15554223461648728,
      "incr_op_margin_yoy": -0.009041965764770845,
      "rev_growth_yoy": 0.3364177822154625,
      "rev_growth_yoy_accel": 0.023042725760207328,
      "op_leverage_ratio": 3.6223705822990846,
      "fcf_margin_change": -0.37669570288137233
    },
    {
      "date": "2023-10-31T00:00:00",
      "quarter_label": "2023-10 (Q4)",
      "revenue": 123956000,
      "gross_profit": 87582000,
      "operating_income": -35133000,
      "net_income": -30741000,
      "opex": 122715000,
      "cogs": 36374000,
      "rd": 29872000,
      "sga": null,
      "fcf": -5015000,
      "ocf": -2003000,
      "capex": -3012000,
      "gross_margin": 0.7065571654458034,
      "op_margin": -0.2834312175288005,
      "fcf_margin": -0.0404579044176966,
      "incr_op_margin_yoy": 0.056144789335409166,
      "rev_growth_yoy": 0.33107114093959733,
      "rev_growth_yoy_accel": -0.005346641275865149,
      "op_leverage_ratio": 1.146237260306095,
      "fcf_margin_change": 0.11508433019879068
    },
    {
      "date": "2024-01-31T00:00:00",
      "quarter_label": "2024-01 (Q1)",
      "revenue": 130957000,
      "gross_profit": 87965000,
      "operating_income": -32293000,
      "net_income": -28277000,
      "opex": 120258000,
      "cogs": 42992000,
      "rd": 31114000,
      "sga": null,
      "fcf": -2501000,
      "ocf": 3821000,
      "capex": -6322000,
      "gross_margin": 0.6717090342631551,
      "op_margin": -0.2465923929228678,
      "fcf_margin": -0.01909787182052124,
      "incr_op_margin_yoy": 0.13093984263676353,
      "rev_growth_yoy": 0.3271548011147707,
      "rev_growth_yoy_accel": -0.003916339824826642,
      "op_leverage_ratio": Infinity,
      "fcf_margin_change": 0.021360032597175362
    },
    {
      "date": "2024-04-30T00:00:00",
      "quarter_label": "2024-04 (Q2)",
      "revenue": 135459000,
      "gross_profit": 90911000,
      "operating_income": -40080000,
      "net_income": -35641000,
      "opex": 130991000,
      "cogs": 44548000,
      "rd": 34373000,
      "sga": null,
      "fcf": 12480000,
      "ocf": 19395000,
      "capex": -6915000,
      "gross_margin": 0.6711329627414937,
      "op_margin": -0.2958828870728412,
      "fcf_margin": 0.0921311983699865,
      "incr_op_margin_yoy": 0.05395053297306927,
      "rev_growth_yoy": 0.330899980349774,
      "rev_growth_yoy_accel": 0.0037451792350033375,
      "op_leverage_ratio": 0.3851852254906806,
      "fcf_margin_change": 0.11122907019050773
    },
    {
      "date": "2024-07-31T00:00:00",
      "quarter_label": "2024-07 (Q3)",
      "revenue": 145499000,
      "gross_profit": 102079000,
      "operating_income": -27950000,
      "net_income": -22999000,
      "opex": 130029000,
      "cogs": 43420000,
      "rd": 33141000,
      "sga": null,
      "fcf": 8303000,
      "ocf": 11612000,
      "capex": -3309000,
      "gross_margin": 0.7015787050082818,
      "op_margin": -0.19209754018927966,
      "fcf_margin": 0.05706568430023574,
      "incr_op_margin_yoy": 0.2441102921821532,
      "rev_growth_yoy": 0.26403259575872884,
      "rev_growth_yoy_accel": -0.06686738459104519,
      "op_leverage_ratio": Infinity,
      "fcf_margin_change": -0.03506551406975076
    },
    {
      "date": "2024-10-31T00:00:00",
      "quarter_label": "2024-10 (Q4)",
      "revenue": 152052000,
      "gross_profit": 106142000,
      "operating_income": -32570000,
      "net_income": -27911000,
      "opex": 138712000,
      "cogs": 45910000,
      "rd": 32855000,
      "sga": null,
      "fcf": -13333000,
      "ocf": -11410000,
      "capex": -1923000,
      "gross_margin": 0.6980638202720122,
      "op_margin": -0.2142030358035409,
      "fcf_margin": -0.08768710704232763,
      "incr_op_margin_yoy": 0.09122294988610478,
      "rev_growth_yoy": 0.22666107328406854,
      "rev_growth_yoy_accel": -0.0373715224746603,
      "op_leverage_ratio": 0.6744512766071198,
      "fcf_margin_change": -0.14475279134256336
    },
    {
      "date": "2025-01-31T00:00:00",
      "quarter_label": "2025-01 (Q1)",
      "revenue": 160400000,
      "gross_profit": 111087000,
      "operating_income": -21559000,
      "net_income": -17192000,
      "opex": 132646000,
      "cogs": 49313000,
      "rd": 33600000,
      "sga": null,
      "fcf": 15996000,
      "ocf": 17083000,
      "capex": -1087000,
      "gross_margin": 0.6925623441396509,
      "op_margin": -0.1344077306733167,
      "fcf_margin": 0.09972568578553616,
      "incr_op_margin_yoy": 0.36456882790476514,
      "rev_growth_yoy": 0.22482952419496477,
      "rev_growth_yoy_accel": -0.0018315490891037678,
      "op_leverage_ratio": Infinity,
      "fcf_margin_change": 0.18741279282786377
    },
    {
      "date": "2025-04-30T00:00:00",
      "quarter_label": "2025-04 (Q2)",
      "revenue": 162059000,
      "gross_profit": 111202000,
      "operating_income": -40222000,
      "net_income": -35786000,
      "opex": 151424000,
      "cogs": 50857000,
      "rd": 36797000,
      "sga": null,
      "fcf": 23927000,
      "ocf": 24144000,
      "capex": -217000,
      "gross_margin": 0.6861821929050531,
      "op_margin": -0.24819355913587027,
      "fcf_margin": 0.14764375937158689,
      "incr_op_margin_yoy": -0.005338345864661654,
      "rev_growth_yoy": 0.1963693811411571,
      "rev_growth_yoy_accel": -0.028460143053807674,
      "op_leverage_ratio": 0.07306120748294351,
      "fcf_margin_change": 0.04791807358605073
    },
    {
      "date": "2025-07-31T00:00:00",
      "quarter_label": "2025-07 (Q3)",
      "revenue": 180111000,
      "gross_profit": 121890000,
      "operating_income": -38753000,
      "net_income": -27899000,
      "opex": 160643000,
      "cogs": 58221000,
      "rd": 41250000,
      "sga": null,
      "fcf": 4343000,
      "ocf": 6952000,
      "capex": -2609000,
      "gross_margin": 0.6767493379082898,
      "op_margin": -0.2151617613582735,
      "fcf_margin": 0.02411290815108461,
      "incr_op_margin_yoy": -0.3121171847914018,
      "rev_growth_yoy": 0.2378847964590822,
      "rev_growth_yoy_accel": 0.0415154153179251,
      "op_leverage_ratio": 1.8296291437078587,
      "fcf_margin_change": -0.12353085122050228
    },
    {
      "date": "2025-10-31T00:00:00",
      "quarter_label": "2025-10 (Q4)",
      "revenue": 190842000,
      "gross_profit": 128211000,
      "operating_income": -37545000,
      "net_income": -35998000,
      "opex": 165756000,
      "cogs": 62631000,
      "rd": 44067000,
      "sga": null,
      "fcf": 19025000,
      "ocf": 20967000,
      "capex": -1942000,
      "gross_margin": 0.6718175244443048,
      "op_margin": -0.1967334234602446,
      "fcf_margin": 0.09968979574726737,
      "incr_op_margin_yoy": -0.12825470482083012,
      "rev_growth_yoy": 0.25511009391523953,
      "rev_growth_yoy_accel": 0.017225297456157335,
      "op_leverage_ratio": 1.8719143372246219,
      "fcf_margin_change": 0.07557688759618277
    }
  ],
  "signals": [
    {
      "quarter": "2025-10 (Q4)",
      "signal": "FCF MARGIN EXPANSION",
      "detail": "FCF margin: +2.4% -> +10.0% (+7.6%)",
      "severity": "MEDIUM"
    },
    {
      "quarter": "2025-10 (Q4)",
      "signal": "OPERATING LEVERAGE",
      "detail": "Rev growth +6.0% vs OpEx growth +3.2% (leverage: 1.9x)",
      "severity": "MEDIUM"
    },
    {
      "quarter": "2025-07 (Q3)",
      "signal": "OPERATING LEVERAGE",
      "detail": "Rev growth +11.1% vs OpEx growth +6.1% (leverage: 1.8x)",
      "severity": "MEDIUM"
    },
    {
      "quarter": "2025-01 (Q1)",
      "signal": "FCF TURNED POSITIVE",
      "detail": "FCF margin: -8.8% -> +10.0%",
      "severity": "HIGH"
    },
    {
      "quarter": "2024-07 (Q3)",
      "signal": "GROSS MARGIN INFLECTION",
      "detail": "GM: +67.2% -> +67.1% -> +70.2% (reversal +3.0%)",
      "severity": "MEDIUM"
    },
    {
      "quarter": "2024-07 (Q3)",
      "signal": "YoY REVENUE GROWTH DECELERATION",
      "detail": "YoY growth: +26.4% vs prior quarter YoY: +33.1% (decel: -6.7%)",
      "severity": "WARNING"
    },
    {
      "quarter": "2024-04 (Q2)",
      "signal": "FCF TURNED POSITIVE",
      "detail": "FCF margin: -1.9% -> +9.2%",
      "severity": "HIGH"
    },
    {
      "quarter": "2023-10 (Q4)",
      "signal": "FCF MARGIN EXPANSION",
      "detail": "FCF margin: -15.6% -> -4.0% (+11.5%)",
      "severity": "MEDIUM"
    },
    {
      "quarter": "2023-07 (Q3)",
      "signal": "OPERATING LEVERAGE",
      "detail": "Rev growth +13.1% vs OpEx growth +3.6% (leverage: 3.6x)",
      "severity": "MEDIUM"
    },
    {
      "quarter": "2023-04 (Q2)",
      "signal": "FCF TURNED POSITIVE",
      "detail": "FCF margin: -1.4% -> +22.1%",
      "severity": "HIGH"
    },
    {
      "quarter": "2023-04 (Q2)",
      "signal": "YoY REVENUE GROWTH DECELERATION",
      "detail": "YoY growth: +31.3% vs prior quarter YoY: +40.1% (decel: -8.8%)",
      "severity": "WARNING"
    },
    {
      "quarter": "2023-01 (Q1)",
      "signal": "FCF MARGIN EXPANSION",
      "detail": "FCF margin: -30.2% -> -1.4% (+28.8%)",
      "severity": "MEDIUM"
    },
    {
      "quarter": "2023-01 (Q1)",
      "signal": "OPERATING LEVERAGE",
      "detail": "Rev growth +6.0% vs OpEx growth +0.9% (leverage: 6.6x)",
      "severity": "MEDIUM"
    },
    {
      "quarter": "2023-01 (Q1)",
      "signal": "YoY REVENUE GROWTH DECELERATION",
      "detail": "YoY growth: +40.1% vs prior quarter YoY: +45.6% (decel: -5.5%)",
      "severity": "WARNING"
    },
    {
      "quarter": "2022-10 (Q4)",
      "signal": "YoY REVENUE GROWTH DECELERATION",
      "detail": "YoY growth: +45.6% vs prior quarter YoY: +54.5% (decel: -8.9%)",
      "severity": "WARNING"
    },
    {
      "quarter": "2022-07 (Q3)",
      "signal": "OPERATING LEVERAGE",
      "detail": "Rev growth +11.1% vs OpEx growth +2.9% (leverage: 3.8x)",
      "severity": "MEDIUM"
    },
    {
      "quarter": "2022-07 (Q3)",
      "signal": "YoY REVENUE GROWTH DECELERATION",
      "detail": "YoY growth: +54.5% vs prior quarter YoY: +61.9% (decel: -7.4%)",
      "severity": "WARNING"
    },
    {
      "quarter": "2022-04 (Q2)",
      "signal": "FCF TURNED POSITIVE",
      "detail": "FCF margin: -36.5% -> +20.6%",
      "severity": "HIGH"
    },
    {
      "quarter": "2022-04 (Q2)",
      "signal": "OPERATING LEVERAGE",
      "detail": "Rev growth +10.0% vs OpEx growth +3.4% (leverage: 3.0x)",
      "severity": "MEDIUM"
    },
    {
      "quarter": "2021-10 (Q4)",
      "signal": "GROSS MARGIN INFLECTION",
      "detail": "GM: +67.0% -> +66.4% -> +70.0% (reversal +3.7%)",
      "severity": "MEDIUM"
    },
    {
      "quarter": "2021-07 (Q3)",
      "signal": "OPERATING LEVERAGE",
      "detail": "Rev growth +16.5% vs OpEx growth +9.0% (leverage: 1.8x)",
      "severity": "MEDIUM"
    }
  ],
  "data_quality": {
    "n_quarters": 20,
    "coverage": {
      "revenue": [
        20,
        20
      ],
      "gross_profit": [
        20,
        20
      ],
      "op_income": [
        20,
        20
      ],
      "fcf": [
        20,
        20
      ]
    },
    "gaps": [],
    "warnings": []
  },
  "market_cap": null,
  "source": "SEC EDGAR",
  "last_updated": "2026-02-02T21:26:31.238777",
  "sector": "Technology",
  "industry": "Software - Application"
}