{
  "ticker": "BSET",
  "name": "BASSETT FURNITURE INDUSTRIES, INCORPORATED",
  "quarters": [
    {
      "date": "2020-11-28T00:00:00",
      "quarter_label": "2020-11 (Q4)",
      "revenue": 118383000,
      "gross_profit": 67956000,
      "operating_income": 10049000,
      "net_income": 6543000,
      "opex": 57907000,
      "cogs": 50427000,
      "rd": null,
      "sga": null,
      "fcf": 15377000,
      "ocf": 19192000,
      "capex": -3815000,
      "gross_margin": 0.5740351232862827,
      "op_margin": 0.08488549876249124,
      "fcf_margin": 0.1298919608389718
    },
    {
      "date": "2021-02-27T00:00:00",
      "quarter_label": "2021-02 (Q1)",
      "revenue": 113673000,
      "gross_profit": 53403000,
      "operating_income": 6021000,
      "net_income": 4011000,
      "opex": 47382000,
      "cogs": 48252000,
      "rd": null,
      "sga": 47842000,
      "fcf": 4089000,
      "ocf": 4984000,
      "capex": -895000,
      "gross_margin": 0.4697949381119527,
      "op_margin": 0.052967723206038375,
      "fcf_margin": 0.0359716027552717,
      "fcf_margin_change": -0.09392035808370011
    },
    {
      "date": "2021-05-29T00:00:00",
      "quarter_label": "2021-05 (Q2)",
      "revenue": 124059000,
      "gross_profit": 57086000,
      "operating_income": 8379000,
      "net_income": 5974000,
      "opex": 48707000,
      "cogs": 52911000,
      "rd": null,
      "sga": 50001000,
      "fcf": 4478000,
      "ocf": 7066000,
      "capex": -2588000,
      "gross_margin": 0.4601520244399842,
      "op_margin": 0.0675404444659396,
      "fcf_margin": 0.036095728645241375,
      "op_leverage_ratio": 3.2672961917077936,
      "fcf_margin_change": 0.00012412588996967705
    },
    {
      "date": "2021-08-28T00:00:00",
      "quarter_label": "2021-08 (Q3)",
      "revenue": 118906000,
      "gross_profit": 52607000,
      "operating_income": 4490000,
      "net_income": 3016000,
      "opex": 48117000,
      "cogs": 52263000,
      "rd": null,
      "sga": 47631000,
      "fcf": -2031000,
      "ocf": 1627000,
      "capex": -3658000,
      "gross_margin": 0.44242510890955883,
      "op_margin": 0.03776092039089701,
      "fcf_margin": -0.01708071922358838,
      "fcf_margin_change": -0.05317644786882976
    },
    {
      "date": "2021-11-27T00:00:00",
      "quarter_label": "2021-11 (Q4)",
      "revenue": 129896000,
      "gross_profit": 57991000,
      "operating_income": 7109000,
      "net_income": 5041000,
      "opex": 50882000,
      "cogs": 56373000,
      "rd": null,
      "sga": 51357000,
      "fcf": -2723000,
      "ocf": 886000,
      "capex": -3609000,
      "gross_margin": 0.4464417687996551,
      "op_margin": 0.05472839810309786,
      "fcf_margin": -0.020962924185502246,
      "incr_op_margin_yoy": -0.25536350212802916,
      "rev_growth_yoy": 0.09725213924296564,
      "op_leverage_ratio": 1.6084120910741748,
      "fcf_margin_change": -0.0038822049619138647
    },
    {
      "date": "2022-02-26T00:00:00",
      "quarter_label": "2022-02 (Q1)",
      "revenue": 117864000,
      "gross_profit": 57393000,
      "operating_income": 6478000,
      "net_income": 5573000,
      "opex": 50915000,
      "cogs": 60471000,
      "rd": null,
      "sga": 50915000,
      "fcf": 442000,
      "ocf": 2866000,
      "capex": -2424000,
      "gross_margin": 0.4869425778863775,
      "op_margin": 0.05496165071607955,
      "fcf_margin": 0.0037500848435484966,
      "incr_op_margin_yoy": 0.10904318778334526,
      "rev_growth_yoy": 0.03686891346229976,
      "rev_growth_yoy_accel": -0.06038322578066588,
      "fcf_margin_change": 0.024713009029050742
    },
    {
      "date": "2022-05-28T00:00:00",
      "quarter_label": "2022-05 (Q2)",
      "revenue": 128706000,
      "gross_profit": 65939000,
      "operating_income": 11012000,
      "net_income": 47118000,
      "opex": 54927000,
      "cogs": 62767000,
      "rd": null,
      "sga": 54927000,
      "fcf": -22026000,
      "ocf": -11812000,
      "capex": -10214000,
      "gross_margin": 0.5123226578403494,
      "op_margin": 0.08555933678305595,
      "fcf_margin": -0.17113421285720945,
      "incr_op_margin_yoy": 0.5666021088874543,
      "rev_growth_yoy": 0.03745798370130341,
      "rev_growth_yoy_accel": 0.0005890702390036542,
      "op_leverage_ratio": 1.1673821566252172,
      "fcf_margin_change": -0.17488429770075795
    },
    {
      "date": "2022-08-27T00:00:00",
      "quarter_label": "2022-08 (Q3)",
      "revenue": 118012000,
      "gross_profit": 60772000,
      "operating_income": 10672000,
      "net_income": 7628000,
      "opex": 50100000,
      "cogs": 57240000,
      "rd": null,
      "sga": 54695000,
      "fcf": -7977000,
      "ocf": -3349000,
      "capex": -4628000,
      "gross_margin": 0.5149645798732332,
      "op_margin": 0.09043148154424974,
      "fcf_margin": -0.06759482086567467,
      "rev_growth_yoy": -0.007518544060013793,
      "rev_growth_yoy_accel": -0.044976527761317206,
      "fcf_margin_change": 0.10353939199153478
    },
    {
      "date": "2022-11-26T00:00:00",
      "quarter_label": "2022-11 (Q4)",
      "revenue": 121019000,
      "gross_profit": 64236000,
      "operating_income": 6703000,
      "net_income": 5026000,
      "opex": 57533000,
      "cogs": 56783000,
      "rd": null,
      "sga": 57533000,
      "fcf": 5295000,
      "ocf": 9325000,
      "capex": -4030000,
      "gross_margin": 0.5307926854460869,
      "op_margin": 0.055387996926102516,
      "fcf_margin": 0.04375346020046439,
      "incr_op_margin_yoy": 0.04573617213022418,
      "rev_growth_yoy": -0.06833928681406663,
      "rev_growth_yoy_accel": -0.06082074275405284,
      "op_leverage_ratio": 0.17174371406905065,
      "fcf_margin_change": 0.11134828106613906
    },
    {
      "date": "2023-02-25T00:00:00",
      "quarter_label": "2023-02 (Q1)",
      "revenue": 107698000,
      "gross_profit": 57197000,
      "operating_income": 2702000,
      "net_income": 1445000,
      "opex": 54495000,
      "cogs": 50501000,
      "rd": null,
      "sga": 54495000,
      "fcf": -2778000,
      "ocf": 563000,
      "capex": -3341000,
      "gross_margin": 0.5310869282623633,
      "op_margin": 0.025088673884380398,
      "fcf_margin": -0.02579435087002544,
      "incr_op_margin_yoy": 0.3714341924060594,
      "rev_growth_yoy": -0.08625195140161541,
      "rev_growth_yoy_accel": -0.017912664587548782,
      "fcf_margin_change": -0.06954781107048982
    },
    {
      "date": "2023-05-27T00:00:00",
      "quarter_label": "2023-05 (Q2)",
      "revenue": 100519000,
      "gross_profit": 52833000,
      "operating_income": 2480000,
      "net_income": 2076000,
      "opex": 50353000,
      "cogs": 47686000,
      "rd": null,
      "sga": 51366000,
      "fcf": 1786000,
      "ocf": 5850000,
      "capex": -4064000,
      "gross_margin": 0.5256021249713985,
      "op_margin": 0.02467195256618152,
      "fcf_margin": 0.017767785194838785,
      "incr_op_margin_yoy": 0.3026927306914535,
      "rev_growth_yoy": -0.21900299908318183,
      "rev_growth_yoy_accel": -0.13275104768156643,
      "fcf_margin_change": 0.043562136064864226
    },
    {
      "date": "2023-08-26T00:00:00",
      "quarter_label": "2023-08 (Q3)",
      "revenue": 87217000,
      "gross_profit": 45044000,
      "operating_income": -3804000,
      "net_income": -2591000,
      "opex": 48848000,
      "cogs": 42173000,
      "rd": null,
      "sga": 48848000,
      "fcf": -3416000,
      "ocf": 3836000,
      "capex": -7252000,
      "gross_margin": 0.5164589472235918,
      "op_margin": -0.04361535021842072,
      "fcf_margin": -0.03916667622137886,
      "incr_op_margin_yoy": 0.4700763110894626,
      "rev_growth_yoy": -0.260948039182456,
      "rev_growth_yoy_accel": -0.04194504009927419,
      "fcf_margin_change": -0.05693446141621764
    },
    {
      "date": "2023-11-25T00:00:00",
      "quarter_label": "2023-11 (Q4)",
      "revenue": 94702000,
      "gross_profit": 51414000,
      "operating_income": -4513000,
      "net_income": -4101000,
      "opex": 55927000,
      "cogs": 43288000,
      "rd": null,
      "sga": 50518000,
      "fcf": 5643000,
      "ocf": 8475000,
      "capex": -2832000,
      "gross_margin": 0.5429030009925873,
      "op_margin": -0.04765474857975544,
      "fcf_margin": 0.059586914743088845,
      "incr_op_margin_yoy": 0.42618839533381464,
      "rev_growth_yoy": -0.2174617208868029,
      "rev_growth_yoy_accel": 0.04348631829565311,
      "op_leverage_ratio": 0.5921960893280779,
      "fcf_margin_change": 0.0987535909644677
    },
    {
      "date": "2024-03-02T00:00:00",
      "quarter_label": "2024-03 (Q1)",
      "revenue": 86554000,
      "gross_profit": 47867000,
      "operating_income": -2357000,
      "net_income": -1193000,
      "opex": 50224000,
      "cogs": 38687000,
      "rd": null,
      "sga": 50224000,
      "fcf": -9815000,
      "ocf": -7739000,
      "capex": -2076000,
      "gross_margin": 0.5530304780830464,
      "op_margin": -0.02723155486748157,
      "fcf_margin": -0.11339741664163412,
      "incr_op_margin_yoy": 0.23926409383276578,
      "rev_growth_yoy": -0.19632676558524764,
      "rev_growth_yoy_accel": 0.021134955301555264,
      "fcf_margin_change": -0.17298433138472297
    },
    {
      "date": "2024-06-01T00:00:00",
      "quarter_label": "2024-06 (Q2)",
      "revenue": 83410000,
      "gross_profit": 43760000,
      "operating_income": -8462000,
      "net_income": -7201000,
      "opex": 52222000,
      "cogs": 39650000,
      "rd": null,
      "sga": 46707000,
      "fcf": 4213000,
      "ocf": 5820000,
      "capex": -1607000,
      "gross_margin": 0.5246373336530392,
      "op_margin": -0.10145066538784318,
      "fcf_margin": 0.05050953123126723,
      "incr_op_margin_yoy": 0.6395464375474896,
      "rev_growth_yoy": -0.17020662760274177,
      "rev_growth_yoy_accel": 0.02612013798250587,
      "fcf_margin_change": 0.16390694787290136
    },
    {
      "date": "2024-08-31T00:00:00",
      "quarter_label": "2024-08 (Q3)",
      "revenue": 75619000,
      "gross_profit": 40093000,
      "operating_income": -6357000,
      "net_income": -4505000,
      "opex": 46450000,
      "cogs": 35526000,
      "rd": null,
      "sga": 45210000,
      "fcf": -1441000,
      "ocf": -404000,
      "capex": -1037000,
      "gross_margin": 0.5301974371520385,
      "op_margin": -0.08406617384519764,
      "fcf_margin": -0.019056057340086485,
      "incr_op_margin_yoy": 0.22012415933781687,
      "rev_growth_yoy": -0.13297866241673068,
      "rev_growth_yoy_accel": 0.0372279651860111,
      "fcf_margin_change": -0.06956558857135371
    },
    {
      "date": "2024-11-30T00:00:00",
      "quarter_label": "2024-11 (Q4)",
      "revenue": 84340000,
      "gross_profit": 47695000,
      "operating_income": 907000,
      "net_income": 3204000,
      "opex": 46788000,
      "cogs": 36645000,
      "rd": null,
      "sga": 45386000,
      "fcf": 5882000,
      "ocf": 6373000,
      "capex": -491000,
      "gross_margin": 0.5655086554422575,
      "op_margin": 0.010754090585724449,
      "fcf_margin": 0.06974152240929571,
      "incr_op_margin_yoy": -0.523065045358039,
      "rev_growth_yoy": -0.10941690777385905,
      "rev_growth_yoy_accel": 0.02356175464287162,
      "op_leverage_ratio": 15.84909157250561,
      "fcf_margin_change": 0.0887975797493822
    },
    {
      "date": "2025-03-01T00:00:00",
      "quarter_label": "2025-03 (Q1)",
      "revenue": 82162000,
      "gross_profit": 46830000,
      "operating_income": 2455000,
      "net_income": 1854000,
      "opex": 44375000,
      "cogs": 35332000,
      "rd": null,
      "sga": 44375000,
      "fcf": -923000,
      "ocf": -52000,
      "capex": -871000,
      "gross_margin": 0.569971519680631,
      "op_margin": 0.029879993184197075,
      "fcf_margin": -0.011233903751125825,
      "incr_op_margin_yoy": -1.0956284153005464,
      "rev_growth_yoy": -0.05074288883240521,
      "rev_growth_yoy_accel": 0.05867401894145385,
      "fcf_margin_change": -0.08097542616042153
    },
    {
      "date": "2025-05-31T00:00:00",
      "quarter_label": "2025-05 (Q2)",
      "revenue": 84348000,
      "gross_profit": 46909000,
      "operating_income": 2497000,
      "net_income": 1918000,
      "opex": 44412000,
      "cogs": 37439000,
      "rd": null,
      "sga": 44412000,
      "fcf": 5551000,
      "ocf": 6955000,
      "capex": -1404000,
      "gross_margin": 0.5561364821928202,
      "op_margin": 0.029603547209181014,
      "fcf_margin": 0.06581068905012567,
      "rev_growth_yoy": 0.011245653998321545,
      "rev_growth_yoy_accel": 0.06198854283072675,
      "op_leverage_ratio": Infinity,
      "fcf_margin_change": 0.0770445928012515
    },
    {
      "date": "2025-08-30T00:00:00",
      "quarter_label": "2025-08 (Q3)",
      "revenue": 80103000,
      "gross_profit": 44994000,
      "operating_income": 593000,
      "net_income": 801000,
      "opex": 44401000,
      "cogs": 35109000,
      "rd": null,
      "sga": 44401000,
      "fcf": -2639000,
      "ocf": -1177000,
      "capex": -1462000,
      "gross_margin": 0.5617018089210142,
      "op_margin": 0.007402968677827297,
      "fcf_margin": -0.03294508320537308,
      "incr_op_margin_yoy": 1.5499553969669937,
      "rev_growth_yoy": 0.059297266559991534,
      "rev_growth_yoy_accel": 0.04805161256166999,
      "fcf_margin_change": -0.09875577225549875
    }
  ],
  "signals": [
    {
      "quarter": "2025-08 (Q3)",
      "signal": "OP MARGIN TURNED POSITIVE (YoY)",
      "detail": "Op margin: -8.4% (year-ago) -> +0.7%",
      "severity": "HIGH"
    },
    {
      "quarter": "2025-05 (Q2)",
      "signal": "FCF TURNED POSITIVE",
      "detail": "FCF margin: -1.1% -> +6.6%",
      "severity": "HIGH"
    },
    {
      "quarter": "2025-05 (Q2)",
      "signal": "OPERATING LEVERAGE",
      "detail": "Rev growth +2.7% vs OpEx growth +0.1% (leverage: 31.9x)",
      "severity": "MEDIUM"
    },
    {
      "quarter": "2025-05 (Q2)",
      "signal": "YoY REVENUE GROWTH ACCELERATION",
      "detail": "YoY growth: +1.1% vs prior quarter YoY: -5.1% (accel: +6.2%)",
      "severity": "MEDIUM"
    },
    {
      "quarter": "2025-05 (Q2)",
      "signal": "OP MARGIN TURNED POSITIVE (YoY)",
      "detail": "Op margin: -10.1% (year-ago) -> +3.0%",
      "severity": "HIGH"
    },
    {
      "quarter": "2025-03 (Q1)",
      "signal": "YoY REVENUE GROWTH ACCELERATION",
      "detail": "YoY growth: -5.1% vs prior quarter YoY: -10.9% (accel: +5.9%)",
      "severity": "MEDIUM"
    },
    {
      "quarter": "2025-03 (Q1)",
      "signal": "OP MARGIN TURNED POSITIVE (YoY)",
      "detail": "Op margin: -2.7% (year-ago) -> +3.0%",
      "severity": "HIGH"
    },
    {
      "quarter": "2024-11 (Q4)",
      "signal": "FCF TURNED POSITIVE",
      "detail": "FCF margin: -1.9% -> +7.0%",
      "severity": "HIGH"
    },
    {
      "quarter": "2024-11 (Q4)",
      "signal": "OPERATING LEVERAGE",
      "detail": "Rev growth +11.5% vs OpEx growth +0.7% (leverage: 15.8x)",
      "severity": "MEDIUM"
    },
    {
      "quarter": "2024-11 (Q4)",
      "signal": "OP MARGIN TURNED POSITIVE (YoY)",
      "detail": "Op margin: -4.8% (year-ago) -> +1.1%",
      "severity": "HIGH"
    },
    {
      "quarter": "2024-11 (Q4)",
      "signal": "OP MARGIN TURNED POSITIVE (QoQ)",
      "detail": "Op margin: -8.4% -> +1.1%",
      "severity": "HIGH"
    },
    {
      "quarter": "2024-06 (Q2)",
      "signal": "FCF TURNED POSITIVE",
      "detail": "FCF margin: -11.3% -> +5.1%",
      "severity": "HIGH"
    },
    {
      "quarter": "2023-11 (Q4)",
      "signal": "FCF TURNED POSITIVE",
      "detail": "FCF margin: -3.9% -> +6.0%",
      "severity": "HIGH"
    },
    {
      "quarter": "2023-11 (Q4)",
      "signal": "GROSS MARGIN INFLECTION",
      "detail": "GM: +52.6% -> +51.6% -> +54.3% (reversal +2.6%)",
      "severity": "MEDIUM"
    },
    {
      "quarter": "2023-05 (Q2)",
      "signal": "FCF TURNED POSITIVE",
      "detail": "FCF margin: -2.6% -> +1.8%",
      "severity": "HIGH"
    },
    {
      "quarter": "2023-05 (Q2)",
      "signal": "YoY REVENUE GROWTH DECELERATION",
      "detail": "YoY growth: -21.9% vs prior quarter YoY: -8.6% (decel: -13.3%)",
      "severity": "WARNING"
    },
    {
      "quarter": "2023-05 (Q2)",
      "signal": "INCREMENTAL MARGIN (YoY)",
      "detail": "YoY Incr OPM: +30.3% vs year-ago OPM: +8.6%",
      "severity": "HIGH"
    },
    {
      "quarter": "2023-02 (Q1)",
      "signal": "INCREMENTAL MARGIN (YoY)",
      "detail": "YoY Incr OPM: +37.1% vs year-ago OPM: +5.5%",
      "severity": "HIGH"
    },
    {
      "quarter": "2022-11 (Q4)",
      "signal": "FCF TURNED POSITIVE",
      "detail": "FCF margin: -6.8% -> +4.4%",
      "severity": "HIGH"
    },
    {
      "quarter": "2022-11 (Q4)",
      "signal": "YoY REVENUE GROWTH DECELERATION",
      "detail": "YoY growth: -6.8% vs prior quarter YoY: -0.8% (decel: -6.1%)",
      "severity": "WARNING"
    },
    {
      "quarter": "2022-08 (Q3)",
      "signal": "FCF MARGIN EXPANSION",
      "detail": "FCF margin: -17.1% -> -6.8% (+10.4%)",
      "severity": "MEDIUM"
    },
    {
      "quarter": "2022-05 (Q2)",
      "signal": "INCREMENTAL MARGIN (YoY)",
      "detail": "YoY Incr OPM: +56.7% vs year-ago OPM: +6.8%",
      "severity": "HIGH"
    },
    {
      "quarter": "2022-02 (Q1)",
      "signal": "FCF TURNED POSITIVE",
      "detail": "FCF margin: -2.1% -> +0.4%",
      "severity": "HIGH"
    },
    {
      "quarter": "2022-02 (Q1)",
      "signal": "YoY REVENUE GROWTH DECELERATION",
      "detail": "YoY growth: +3.7% vs prior quarter YoY: +9.7% (decel: -6.0%)",
      "severity": "WARNING"
    },
    {
      "quarter": "2021-11 (Q4)",
      "signal": "OPERATING LEVERAGE",
      "detail": "Rev growth +9.2% vs OpEx growth +5.7% (leverage: 1.6x)",
      "severity": "MEDIUM"
    },
    {
      "quarter": "2021-05 (Q2)",
      "signal": "OPERATING LEVERAGE",
      "detail": "Rev growth +9.1% vs OpEx growth +2.8% (leverage: 3.3x)",
      "severity": "MEDIUM"
    }
  ],
  "data_quality": {
    "n_quarters": 20,
    "coverage": {
      "revenue": [
        20,
        20
      ],
      "gross_profit": [
        20,
        20
      ],
      "op_income": [
        20,
        20
      ],
      "fcf": [
        20,
        20
      ]
    },
    "gaps": [],
    "warnings": []
  },
  "market_cap": null,
  "source": "SEC EDGAR",
  "last_updated": "2026-02-02T23:12:46.286315"
}