{
  "ticker": "BSQKZ",
  "name": "Block, Inc.",
  "quarters": [
    {
      "date": "2020-12-31T00:00:00",
      "quarter_label": "2020-12 (Q4)",
      "revenue": 3158970000,
      "gross_profit": 803690000,
      "operating_income": 45183000,
      "net_income": 293959000,
      "opex": 758507000,
      "cogs": 2355280000,
      "rd": 253448000,
      "sga": null,
      "fcf": -139816000,
      "ocf": -87767000,
      "capex": -52049000,
      "gross_margin": 0.2544152049560458,
      "op_margin": 0.014303079801327648,
      "fcf_margin": -0.044259996137981684
    },
    {
      "date": "2021-03-31T00:00:00",
      "quarter_label": "2021-03 (Q1)",
      "revenue": 5057270000,
      "gross_profit": 963501000,
      "operating_income": 67736000,
      "net_income": 39008000,
      "opex": 895765000,
      "cogs": 4093769000,
      "rd": 308678000,
      "sga": null,
      "fcf": -63342000,
      "ocf": -29193000,
      "capex": -34149000,
      "gross_margin": 0.19051800675067773,
      "op_margin": 0.013393787557318473,
      "fcf_margin": -0.012524939344745287,
      "op_leverage_ratio": 3.3207889316557244,
      "fcf_margin_change": 0.0317350567932364
    },
    {
      "date": "2021-06-30T00:00:00",
      "quarter_label": "2021-06 (Q2)",
      "revenue": 4680672000,
      "gross_profit": 1141064000,
      "operating_income": 124994000,
      "net_income": 204021000,
      "opex": 1016070000,
      "cogs": 3539608000,
      "rd": 326510000,
      "sga": null,
      "fcf": 242868000,
      "ocf": 275347000,
      "capex": -32479000,
      "gross_margin": 0.24378208940938395,
      "op_margin": 0.026704285196655523,
      "fcf_margin": 0.05188742129335275,
      "fcf_margin_change": 0.06441236063809803
    },
    {
      "date": "2021-09-30T00:00:00",
      "quarter_label": "2021-09 (Q3)",
      "revenue": 3844727000,
      "gross_profit": 1133215000,
      "operating_income": 22996000,
      "net_income": 84000,
      "opex": 1110219000,
      "cogs": 2711512000,
      "rd": 366587000,
      "sga": null,
      "fcf": 375922000,
      "ocf": 407322000,
      "capex": -31400000,
      "gross_margin": 0.2947452445908383,
      "op_margin": 0.005981178897747487,
      "fcf_margin": 0.09777599293786009,
      "fcf_margin_change": 0.04588857164450734
    },
    {
      "date": "2021-12-31T00:00:00",
      "quarter_label": "2021-12 (Q4)",
      "revenue": 4078534000,
      "gross_profit": 1182043000,
      "operating_income": -54614000,
      "net_income": -76829000,
      "opex": 1236657000,
      "cogs": 2896491000,
      "rd": 395841000,
      "sga": null,
      "fcf": 158062000,
      "ocf": 194354000,
      "capex": -36292000,
      "gross_margin": 0.28982055807307233,
      "op_margin": -0.013390595738566848,
      "fcf_margin": 0.03875461133828969,
      "incr_op_margin_yoy": -0.10852643209173043,
      "rev_growth_yoy": 0.29109614842812687,
      "op_leverage_ratio": 0.5339776009388355,
      "fcf_margin_change": -0.0590213815995704
    },
    {
      "date": "2022-03-31T00:00:00",
      "quarter_label": "2022-03 (Q1)",
      "revenue": 3960645000,
      "gross_profit": 1294960000,
      "operating_income": -226789000,
      "net_income": -204199000,
      "opex": 1521749000,
      "cogs": 2665685000,
      "rd": 484761000,
      "sga": null,
      "fcf": 188236000,
      "ocf": 229423000,
      "capex": -41187000,
      "gross_margin": 0.3269568466752259,
      "op_margin": -0.05726062295408955,
      "fcf_margin": 0.04752660235895921,
      "incr_op_margin_yoy": 0.2685740339678559,
      "rev_growth_yoy": -0.21684129975263333,
      "rev_growth_yoy_accel": -0.5079374481807601,
      "fcf_margin_change": 0.008771991020669521
    },
    {
      "date": "2022-06-30T00:00:00",
      "quarter_label": "2022-06 (Q2)",
      "revenue": 4404499000,
      "gross_profit": 1469648000,
      "operating_income": -213773000,
      "net_income": -208014000,
      "opex": 1683421000,
      "cogs": 2934851000,
      "rd": 524827000,
      "sga": null,
      "fcf": -158859000,
      "ocf": -114626000,
      "capex": -44233000,
      "gross_margin": 0.33366973179015363,
      "op_margin": -0.0485351455409571,
      "fcf_margin": -0.036067439225210406,
      "incr_op_margin_yoy": 1.2266477896101358,
      "rev_growth_yoy": -0.05900285258185149,
      "rev_growth_yoy_accel": 0.15783844717078183,
      "op_leverage_ratio": 1.0548299072495557,
      "fcf_margin_change": -0.08359404158416961
    },
    {
      "date": "2022-09-30T00:00:00",
      "quarter_label": "2022-09 (Q3)",
      "revenue": 4515541000,
      "gross_profit": 1567089000,
      "operating_income": -48789000,
      "net_income": -14711000,
      "opex": 1615878000,
      "cogs": 2948452000,
      "rd": 548037000,
      "sga": null,
      "fcf": -20552000,
      "ocf": 15737000,
      "capex": -36289000,
      "gross_margin": 0.34704346610959796,
      "op_margin": -0.010804685418646404,
      "fcf_margin": -0.00455139262382957,
      "incr_op_margin_yoy": -0.107011779718372,
      "rev_growth_yoy": 0.1744763672427197,
      "rev_growth_yoy_accel": 0.2334792198245712,
      "op_leverage_ratio": Infinity,
      "fcf_margin_change": 0.03151604660138083
    },
    {
      "date": "2022-12-31T00:00:00",
      "quarter_label": "2022-12 (Q4)",
      "revenue": 4650902000,
      "gross_profit": 1660195000,
      "operating_income": -135181000,
      "net_income": -113823000,
      "opex": 1795376000,
      "cogs": 2990707000,
      "rd": 604524000,
      "sga": null,
      "fcf": -3737000,
      "ocf": 45369000,
      "capex": -49106000,
      "gross_margin": 0.35696193985596775,
      "op_margin": -0.029065544705091616,
      "fcf_margin": -0.0008035000522479296,
      "incr_op_margin_yoy": -0.14076083918038745,
      "rev_growth_yoy": 0.14033669941209267,
      "rev_growth_yoy_accel": -0.034139667830627024,
      "op_leverage_ratio": 0.2698563975031181,
      "fcf_margin_change": 0.0037478925715816406
    },
    {
      "date": "2023-03-31T00:00:00",
      "quarter_label": "2023-03 (Q1)",
      "revenue": 4990131000,
      "gross_profit": 1714584000,
      "operating_income": -6172000,
      "net_income": -16838000,
      "opex": 1720756000,
      "cogs": 3275547000,
      "rd": 626937000,
      "sga": null,
      "fcf": 262148000,
      "ocf": 294401000,
      "capex": -32253000,
      "gross_margin": 0.3435949877868938,
      "op_margin": -0.0012368412773131607,
      "fcf_margin": 0.05253329020821297,
      "incr_op_margin_yoy": 0.2142982031810049,
      "rev_growth_yoy": 0.25992887522108143,
      "rev_growth_yoy_accel": 0.11959217580898876,
      "op_leverage_ratio": Infinity,
      "fcf_margin_change": 0.0533367902604609
    },
    {
      "date": "2023-06-30T00:00:00",
      "quarter_label": "2023-06 (Q2)",
      "revenue": 5534957000,
      "gross_profit": 1866101000,
      "operating_income": -132107000,
      "net_income": -122506000,
      "opex": 1998208000,
      "cogs": 3668856000,
      "rd": 694672000,
      "sga": null,
      "fcf": 83796000,
      "ocf": 113318000,
      "capex": -29522000,
      "gross_margin": 0.33714823800799176,
      "op_margin": -0.02386775543152368,
      "fcf_margin": 0.015139413007183253,
      "incr_op_margin_yoy": 0.0722415162703966,
      "rev_growth_yoy": 0.2566598380428739,
      "rev_growth_yoy_accel": -0.0032690371782075345,
      "op_leverage_ratio": 0.6771381936397489,
      "fcf_margin_change": -0.03739387720102972
    },
    {
      "date": "2023-09-30T00:00:00",
      "quarter_label": "2023-09 (Q3)",
      "revenue": 5617493000,
      "gross_profit": 1898449000,
      "operating_income": -9908000,
      "net_income": -28954000,
      "opex": 1908357000,
      "cogs": 3719044000,
      "rd": 713788000,
      "sga": null,
      "fcf": 453483000,
      "ocf": 491165000,
      "capex": -37682000,
      "gross_margin": 0.33795306910039763,
      "op_margin": -0.0017637761186351279,
      "fcf_margin": 0.08072693637535464,
      "incr_op_margin_yoy": 0.035283751016378206,
      "rev_growth_yoy": 0.24403543229925273,
      "rev_growth_yoy_accel": -0.01262440574362117,
      "op_leverage_ratio": Infinity,
      "fcf_margin_change": 0.06558752336817138
    },
    {
      "date": "2023-12-31T00:00:00",
      "quarter_label": "2023-12 (Q4)",
      "revenue": 5773042000,
      "gross_profit": 2025752000,
      "operating_income": -130652000,
      "net_income": 178070000,
      "opex": 2156404000,
      "cogs": 3747290000,
      "rd": 685422000,
      "sga": null,
      "fcf": -849617000,
      "ocf": -797923000,
      "capex": -51694000,
      "gross_margin": 0.3508985384135435,
      "op_margin": -0.022631396064674396,
      "fcf_margin": -0.1471697243844753,
      "incr_op_margin_yoy": 0.004036038283993085,
      "rev_growth_yoy": 0.24127362821233386,
      "rev_growth_yoy_accel": -0.0027618040869188676,
      "op_leverage_ratio": 0.21303468922008864,
      "fcf_margin_change": -0.22789666075982992
    },
    {
      "date": "2024-03-31T00:00:00",
      "quarter_label": "2024-03 (Q1)",
      "revenue": 5957128000,
      "gross_profit": 2094473000,
      "operating_income": 249743000,
      "net_income": 472005000,
      "opex": 1844730000,
      "cogs": 3862655000,
      "rd": 720574000,
      "sga": null,
      "fcf": 457397000,
      "ocf": 489395000,
      "capex": -31998000,
      "gross_margin": 0.35159106871633444,
      "op_margin": 0.04192338992883819,
      "fcf_margin": 0.0767814624765491,
      "incr_op_margin_yoy": 0.26464921814648856,
      "rev_growth_yoy": 0.19378188668794466,
      "rev_growth_yoy_accel": -0.0474917415243892,
      "op_leverage_ratio": Infinity,
      "fcf_margin_change": 0.2239511868610244
    },
    {
      "date": "2024-06-30T00:00:00",
      "quarter_label": "2024-06 (Q2)",
      "revenue": 6155563000,
      "gross_profit": 2233480000,
      "operating_income": 306562000,
      "net_income": 195268000,
      "opex": 1926918000,
      "cogs": 3922083000,
      "rd": 713163000,
      "sga": null,
      "fcf": 481035000,
      "ocf": 519392000,
      "capex": -38357000,
      "gross_margin": 0.3628392723784973,
      "op_margin": 0.04980243074435271,
      "fcf_margin": 0.07814638563523758,
      "incr_op_margin_yoy": 0.706839766292946,
      "rev_growth_yoy": 0.11212480964170092,
      "rev_growth_yoy_accel": -0.08165707704624374,
      "op_leverage_ratio": 0.7476627468754176,
      "fcf_margin_change": 0.001364923158688483
    },
    {
      "date": "2024-09-30T00:00:00",
      "quarter_label": "2024-09 (Q3)",
      "revenue": 5975801000,
      "gross_profit": 2249685000,
      "operating_income": 323009000,
      "net_income": 283754000,
      "opex": 1926676000,
      "cogs": 3726116000,
      "rd": 710983000,
      "sga": null,
      "fcf": 628164000,
      "ocf": 684763000,
      "capex": -56599000,
      "gross_margin": 0.37646584951540385,
      "op_margin": 0.05405283743551701,
      "fcf_margin": 0.10511795824526285,
      "incr_op_margin_yoy": 0.929136385456088,
      "rev_growth_yoy": 0.06378432514290627,
      "rev_growth_yoy_accel": -0.04834048449879465,
      "fcf_margin_change": 0.026971572610025266
    },
    {
      "date": "2024-12-31T00:00:00",
      "quarter_label": "2024-12 (Q4)",
      "revenue": 6032561000,
      "gross_profit": 2311398000,
      "operating_income": 13013000,
      "net_income": 1946020000,
      "opex": 2298385000,
      "cogs": 3721163000,
      "rd": 769695000,
      "sga": null,
      "fcf": -13193000,
      "ocf": 13800000,
      "capex": -26993000,
      "gross_margin": 0.3831536887898854,
      "op_margin": 0.002157126964816435,
      "fcf_margin": -0.0021869650385632237,
      "incr_op_margin_yoy": 0.553581818672236,
      "rev_growth_yoy": 0.044953596388178016,
      "rev_growth_yoy_accel": -0.018830728754728257,
      "fcf_margin_change": -0.10730492328382607
    },
    {
      "date": "2025-03-31T00:00:00",
      "quarter_label": "2025-03 (Q1)",
      "revenue": 5771796000,
      "gross_profit": 2289603000,
      "operating_income": 329302000,
      "net_income": 189872000,
      "opex": 1960301000,
      "cogs": 3482193000,
      "rd": 760699000,
      "sga": null,
      "fcf": 101454000,
      "ocf": 133336000,
      "capex": -31882000,
      "gross_margin": 0.39668813658694796,
      "op_margin": 0.05705364500062026,
      "fcf_margin": 0.017577544320693247,
      "incr_op_margin_yoy": -0.4292782681889798,
      "rev_growth_yoy": -0.03111096488106349,
      "rev_growth_yoy_accel": -0.0760645612692415,
      "fcf_margin_change": 0.01976450935925647
    },
    {
      "date": "2025-06-30T00:00:00",
      "quarter_label": "2025-06 (Q2)",
      "revenue": 6054457000,
      "gross_profit": 2536530000,
      "operating_income": 484293000,
      "net_income": 538458000,
      "opex": 2052237000,
      "cogs": 3517927000,
      "rd": 725288000,
      "sga": null,
      "fcf": 343012000,
      "ocf": 374322000,
      "capex": -31310000,
      "gross_margin": 0.41895251712911663,
      "op_margin": 0.07998950194872967,
      "fcf_margin": 0.056654461333196356,
      "incr_op_margin_yoy": -1.7578679801396555,
      "rev_growth_yoy": -0.016425142590531523,
      "rev_growth_yoy_accel": 0.014685822290531968,
      "op_leverage_ratio": 1.0442201643130327,
      "fcf_margin_change": 0.03907691701250311
    },
    {
      "date": "2025-09-30T00:00:00",
      "quarter_label": "2025-09 (Q3)",
      "revenue": 6114952000,
      "gross_profit": 2661570000,
      "operating_income": 409440000,
      "net_income": 461544000,
      "opex": 2252130000,
      "cogs": 3453382000,
      "rd": 711235000,
      "sga": null,
      "fcf": 1400410000,
      "ocf": 1451056000,
      "capex": -50646000,
      "gross_margin": 0.4352560739642764,
      "op_margin": 0.06695718952495457,
      "fcf_margin": 0.22901406257972262,
      "incr_op_margin_yoy": 0.6211310015738298,
      "rev_growth_yoy": 0.023285748638550714,
      "rev_growth_yoy_accel": 0.03971089122908224,
      "fcf_margin_change": 0.17235960124652627
    }
  ],
  "signals": [
    {
      "quarter": "2025-09 (Q3)",
      "signal": "FCF MARGIN EXPANSION",
      "detail": "FCF margin: +5.7% -> +22.9% (+17.2%)",
      "severity": "MEDIUM"
    },
    {
      "quarter": "2025-09 (Q3)",
      "signal": "INCREMENTAL MARGIN (YoY)",
      "detail": "YoY Incr OPM: +62.1% vs year-ago OPM: +5.4%",
      "severity": "HIGH"
    },
    {
      "quarter": "2025-03 (Q1)",
      "signal": "FCF TURNED POSITIVE",
      "detail": "FCF margin: -0.2% -> +1.8%",
      "severity": "HIGH"
    },
    {
      "quarter": "2025-03 (Q1)",
      "signal": "YoY REVENUE GROWTH DECELERATION",
      "detail": "YoY growth: -3.1% vs prior quarter YoY: +4.5% (decel: -7.6%)",
      "severity": "WARNING"
    },
    {
      "quarter": "2024-12 (Q4)",
      "signal": "OP MARGIN TURNED POSITIVE (YoY)",
      "detail": "Op margin: -2.3% (year-ago) -> +0.2%",
      "severity": "HIGH"
    },
    {
      "quarter": "2024-09 (Q3)",
      "signal": "OP MARGIN TURNED POSITIVE (YoY)",
      "detail": "Op margin: -0.2% (year-ago) -> +5.4%",
      "severity": "HIGH"
    },
    {
      "quarter": "2024-06 (Q2)",
      "signal": "YoY REVENUE GROWTH DECELERATION",
      "detail": "YoY growth: +11.2% vs prior quarter YoY: +19.4% (decel: -8.2%)",
      "severity": "WARNING"
    },
    {
      "quarter": "2024-06 (Q2)",
      "signal": "OP MARGIN TURNED POSITIVE (YoY)",
      "detail": "Op margin: -2.4% (year-ago) -> +5.0%",
      "severity": "HIGH"
    },
    {
      "quarter": "2024-03 (Q1)",
      "signal": "FCF TURNED POSITIVE",
      "detail": "FCF margin: -14.7% -> +7.7%",
      "severity": "HIGH"
    },
    {
      "quarter": "2024-03 (Q1)",
      "signal": "OP MARGIN TURNED POSITIVE (YoY)",
      "detail": "Op margin: -0.1% (year-ago) -> +4.2%",
      "severity": "HIGH"
    },
    {
      "quarter": "2024-03 (Q1)",
      "signal": "OP MARGIN TURNED POSITIVE (QoQ)",
      "detail": "Op margin: -2.3% -> +4.2%",
      "severity": "HIGH"
    },
    {
      "quarter": "2023-09 (Q3)",
      "signal": "FCF MARGIN EXPANSION",
      "detail": "FCF margin: +1.5% -> +8.1% (+6.6%)",
      "severity": "MEDIUM"
    },
    {
      "quarter": "2023-03 (Q1)",
      "signal": "FCF TURNED POSITIVE",
      "detail": "FCF margin: -0.1% -> +5.3%",
      "severity": "HIGH"
    },
    {
      "quarter": "2023-03 (Q1)",
      "signal": "YoY REVENUE GROWTH ACCELERATION",
      "detail": "YoY growth: +26.0% vs prior quarter YoY: +14.0% (accel: +12.0%)",
      "severity": "MEDIUM"
    },
    {
      "quarter": "2022-09 (Q3)",
      "signal": "YoY REVENUE GROWTH ACCELERATION",
      "detail": "YoY growth: +17.4% vs prior quarter YoY: -5.9% (accel: +23.3%)",
      "severity": "HIGH"
    },
    {
      "quarter": "2022-06 (Q2)",
      "signal": "YoY REVENUE GROWTH ACCELERATION",
      "detail": "YoY growth: -5.9% vs prior quarter YoY: -21.7% (accel: +15.8%)",
      "severity": "HIGH"
    },
    {
      "quarter": "2022-03 (Q1)",
      "signal": "GROSS MARGIN INFLECTION",
      "detail": "GM: +29.5% -> +29.0% -> +32.7% (reversal +3.7%)",
      "severity": "MEDIUM"
    },
    {
      "quarter": "2022-03 (Q1)",
      "signal": "YoY REVENUE GROWTH DECELERATION",
      "detail": "YoY growth: -21.7% vs prior quarter YoY: +29.1% (decel: -50.8%)",
      "severity": "WARNING"
    },
    {
      "quarter": "2021-06 (Q2)",
      "signal": "FCF TURNED POSITIVE",
      "detail": "FCF margin: -1.3% -> +5.2%",
      "severity": "HIGH"
    },
    {
      "quarter": "2021-06 (Q2)",
      "signal": "GROSS MARGIN INFLECTION",
      "detail": "GM: +25.4% -> +19.1% -> +24.4% (reversal +5.3%)",
      "severity": "HIGH"
    },
    {
      "quarter": "2021-03 (Q1)",
      "signal": "OPERATING LEVERAGE",
      "detail": "Rev growth +60.1% vs OpEx growth +18.1% (leverage: 3.3x)",
      "severity": "MEDIUM"
    }
  ],
  "data_quality": {
    "n_quarters": 20,
    "coverage": {
      "revenue": [
        20,
        20
      ],
      "gross_profit": [
        20,
        20
      ],
      "op_income": [
        20,
        20
      ],
      "fcf": [
        20,
        20
      ]
    },
    "gaps": [],
    "warnings": []
  },
  "market_cap": null,
  "source": "SEC EDGAR",
  "last_updated": "2026-02-03T00:53:20.340376"
}