{
  "ticker": "BSY",
  "name": "BENTLEY SYSTEMS, INCORPORATED",
  "quarters": [
    {
      "date": "2020-12-31T00:00:00",
      "quarter_label": "2020-12 (Q4)",
      "revenue": 219567000,
      "gross_profit": 169004000,
      "operating_income": 54275000,
      "net_income": 51932000,
      "opex": 114729000,
      "cogs": 50563000,
      "rd": 45945000,
      "sga": null,
      "fcf": 79401000,
      "ocf": 82315000,
      "capex": -2914000,
      "gross_margin": 0.7697149389480205,
      "op_margin": 0.24719106240919628,
      "fcf_margin": 0.36162538086324447
    },
    {
      "date": "2021-03-31T00:00:00",
      "quarter_label": "2021-03 (Q1)",
      "revenue": 222005000,
      "gross_profit": 172716000,
      "operating_income": 55647000,
      "net_income": 57006000,
      "opex": 117069000,
      "cogs": 49289000,
      "rd": 47803000,
      "sga": null,
      "fcf": 130143000,
      "ocf": 132798000,
      "capex": -2655000,
      "gross_margin": 0.77798247787212,
      "op_margin": 0.25065651674511835,
      "fcf_margin": 0.5862165266548051,
      "op_leverage_ratio": 0.5444073551289117,
      "fcf_margin_change": 0.2245911457915606
    },
    {
      "date": "2021-06-30T00:00:00",
      "quarter_label": "2021-06 (Q2)",
      "revenue": 222931000,
      "gross_profit": 169480000,
      "operating_income": 32223000,
      "net_income": 44910000,
      "opex": 137257000,
      "cogs": 53451000,
      "rd": 52776000,
      "sga": null,
      "fcf": 14129000,
      "ocf": 16224000,
      "capex": -2095000,
      "gross_margin": 0.760235229734761,
      "op_margin": 0.1445424817544442,
      "fcf_margin": 0.06337835473756454,
      "fcf_margin_change": -0.5228381719172406
    },
    {
      "date": "2021-09-30T00:00:00",
      "quarter_label": "2021-09 (Q3)",
      "revenue": 248480000,
      "gross_profit": 194248000,
      "operating_income": -40448000,
      "net_income": -50128000,
      "opex": 234696000,
      "cogs": 54232000,
      "rd": 57334000,
      "sga": null,
      "fcf": 51993000,
      "ocf": 58395000,
      "capex": -6402000,
      "gross_margin": 0.7817450096587251,
      "op_margin": -0.16278171281390857,
      "fcf_margin": 0.20924420476497102,
      "op_leverage_ratio": 0.16143776124702752,
      "fcf_margin_change": 0.14586585002740649
    },
    {
      "date": "2021-12-31T00:00:00",
      "quarter_label": "2021-12 (Q4)",
      "revenue": 271630000,
      "gross_profit": 212063000,
      "operating_income": 47167000,
      "net_income": 41404000,
      "opex": 164896000,
      "cogs": 59567000,
      "rd": 63002000,
      "sga": null,
      "fcf": 74220000,
      "ocf": 80607000,
      "capex": -6387000,
      "gross_margin": 0.7807053712771049,
      "op_margin": 0.17364429554909253,
      "fcf_margin": 0.2732393329160991,
      "incr_op_margin_yoy": -0.13652690010179974,
      "rev_growth_yoy": 0.23711668875559624,
      "op_leverage_ratio": Infinity,
      "fcf_margin_change": 0.06399512815112807
    },
    {
      "date": "2022-03-31T00:00:00",
      "quarter_label": "2022-03 (Q1)",
      "revenue": 275517000,
      "gross_profit": 219732000,
      "operating_income": 56592000,
      "net_income": 56388000,
      "opex": 163140000,
      "cogs": 55785000,
      "rd": 61273000,
      "sga": null,
      "fcf": 97555000,
      "ocf": 101731000,
      "capex": -4176000,
      "gross_margin": 0.7975261054671763,
      "op_margin": 0.2054029333943096,
      "fcf_margin": 0.3540797845504996,
      "incr_op_margin_yoy": 0.017659590372252953,
      "rev_growth_yoy": 0.2410396162248598,
      "rev_growth_yoy_accel": 0.003922927469263565,
      "op_leverage_ratio": Infinity,
      "fcf_margin_change": 0.08084045163440051
    },
    {
      "date": "2022-06-30T00:00:00",
      "quarter_label": "2022-06 (Q2)",
      "revenue": 268285000,
      "gross_profit": 208591000,
      "operating_income": 55717000,
      "net_income": 55673000,
      "opex": 152874000,
      "cogs": 59694000,
      "rd": 64866000,
      "sga": null,
      "fcf": 64586000,
      "ocf": 66999000,
      "capex": -2413000,
      "gross_margin": 0.7774978101645638,
      "op_margin": 0.20767840169968504,
      "fcf_margin": 0.24073653018245522,
      "incr_op_margin_yoy": 0.5180138466287427,
      "rev_growth_yoy": 0.20344411499522275,
      "rev_growth_yoy_accel": -0.03759550122963706,
      "fcf_margin_change": -0.11334325436804438
    },
    {
      "date": "2022-09-30T00:00:00",
      "quarter_label": "2022-09 (Q3)",
      "revenue": 268332000,
      "gross_profit": 209149000,
      "operating_income": 55544000,
      "net_income": 36997000,
      "opex": 153605000,
      "cogs": 59183000,
      "rd": 63827000,
      "sga": null,
      "fcf": 63075000,
      "ocf": 69468000,
      "capex": -6393000,
      "gross_margin": 0.7794411400801992,
      "op_margin": 0.20699730184994708,
      "fcf_margin": 0.23506327981753947,
      "incr_op_margin_yoy": 4.835381825508765,
      "rev_growth_yoy": 0.07989375402446877,
      "rev_growth_yoy_accel": -0.12355036097075398,
      "fcf_margin_change": -0.005673250364915755
    },
    {
      "date": "2022-12-31T00:00:00",
      "quarter_label": "2022-12 (Q4)",
      "revenue": 286948000,
      "gross_profit": 224597000,
      "operating_income": 40759000,
      "net_income": 25722000,
      "opex": 183838000,
      "cogs": 62351000,
      "rd": 67890000,
      "sga": null,
      "fcf": 30562000,
      "ocf": 36126000,
      "capex": -5564000,
      "gross_margin": 0.7827097592595174,
      "op_margin": 0.14204315764528766,
      "fcf_margin": 0.10650710233212986,
      "incr_op_margin_yoy": -0.418331374853114,
      "rev_growth_yoy": 0.056392887383573245,
      "rev_growth_yoy_accel": -0.023500866640895526,
      "op_leverage_ratio": 0.35248286615600083,
      "fcf_margin_change": -0.1285561774854096
    },
    {
      "date": "2023-03-31T00:00:00",
      "quarter_label": "2023-03 (Q1)",
      "revenue": 314411000,
      "gross_profit": 247227000,
      "operating_income": 65785000,
      "net_income": 45490000,
      "opex": 181442000,
      "cogs": 67184000,
      "rd": 67800000,
      "sga": null,
      "fcf": 171939000,
      "ocf": 176223000,
      "capex": -4284000,
      "gross_margin": 0.7863179087245675,
      "op_margin": 0.2092325014073935,
      "fcf_margin": 0.5468606378275569,
      "incr_op_margin_yoy": 0.23636036406643698,
      "rev_growth_yoy": 0.1411673326872752,
      "rev_growth_yoy_accel": 0.08477444530370194,
      "op_leverage_ratio": Infinity,
      "fcf_margin_change": 0.44035353549542705
    },
    {
      "date": "2023-06-30T00:00:00",
      "quarter_label": "2023-06 (Q2)",
      "revenue": 296749000,
      "gross_profit": 230323000,
      "operating_income": 53305000,
      "net_income": 48685000,
      "opex": 177018000,
      "cogs": 66426000,
      "rd": 70117000,
      "sga": null,
      "fcf": 73627000,
      "ocf": 80596000,
      "capex": -6969000,
      "gross_margin": 0.7761542583125807,
      "op_margin": 0.17962992293150104,
      "fcf_margin": 0.2481120408156388,
      "incr_op_margin_yoy": -0.08473861720067453,
      "rev_growth_yoy": 0.1060961291164247,
      "rev_growth_yoy_accel": -0.03507120357085049,
      "fcf_margin_change": -0.2987485970119181
    },
    {
      "date": "2023-09-30T00:00:00",
      "quarter_label": "2023-09 (Q3)",
      "revenue": 306612000,
      "gross_profit": 241936000,
      "operating_income": 73679000,
      "net_income": 53027000,
      "opex": 168257000,
      "cogs": 64676000,
      "rd": 65465000,
      "sga": null,
      "fcf": 65171000,
      "ocf": 72824000,
      "capex": -7653000,
      "gross_margin": 0.7890623980796577,
      "op_margin": 0.24030044486191016,
      "fcf_margin": 0.2125520201427211,
      "incr_op_margin_yoy": 0.4737460815047022,
      "rev_growth_yoy": 0.14265909395823084,
      "rev_growth_yoy_accel": 0.03656296484180614,
      "op_leverage_ratio": Infinity,
      "fcf_margin_change": -0.03556002067291772
    },
    {
      "date": "2023-12-31T00:00:00",
      "quarter_label": "2023-12 (Q4)",
      "revenue": 310641000,
      "gross_profit": 242844000,
      "operating_income": 37773000,
      "net_income": 179585000,
      "opex": 205071000,
      "cogs": 67797000,
      "rd": 71237000,
      "sga": null,
      "fcf": 80957000,
      "ocf": 87053000,
      "capex": -6096000,
      "gross_margin": 0.7817512820265193,
      "op_margin": 0.12159695597168435,
      "fcf_margin": 0.2606127330262264,
      "incr_op_margin_yoy": -0.1260287848731693,
      "rev_growth_yoy": 0.08256896719963198,
      "rev_growth_yoy_accel": -0.06009012675859886,
      "op_leverage_ratio": 0.060057638656877944,
      "fcf_margin_change": 0.0480607128835053
    },
    {
      "date": "2024-03-31T00:00:00",
      "quarter_label": "2024-03 (Q1)",
      "revenue": 337763000,
      "gross_profit": 275933000,
      "operating_income": 91931000,
      "net_income": 70310000,
      "opex": 184002000,
      "cogs": 61830000,
      "rd": 68371000,
      "sga": null,
      "fcf": 201370000,
      "ocf": 204969000,
      "capex": -3599000,
      "gross_margin": 0.8169426491356365,
      "op_margin": 0.27217605243913634,
      "fcf_margin": 0.5961872674034752,
      "incr_op_margin_yoy": 1.119647139431312,
      "rev_growth_yoy": 0.07427221057787418,
      "rev_growth_yoy_accel": -0.0082967566217578,
      "op_leverage_ratio": Infinity,
      "fcf_margin_change": 0.33557453437724877
    },
    {
      "date": "2024-06-30T00:00:00",
      "quarter_label": "2024-06 (Q2)",
      "revenue": 330337000,
      "gross_profit": 267144000,
      "operating_income": 80177000,
      "net_income": 72046000,
      "opex": 186967000,
      "cogs": 63193000,
      "rd": 65709000,
      "sga": null,
      "fcf": 59496000,
      "ocf": 62586000,
      "capex": -3090000,
      "gross_margin": 0.8087014170377523,
      "op_margin": 0.24271274486357872,
      "fcf_margin": 0.1801069816581249,
      "incr_op_margin_yoy": 0.8000476360604978,
      "rev_growth_yoy": 0.11318656507688316,
      "rev_growth_yoy_accel": 0.03891435449900897,
      "fcf_margin_change": -0.4160802857453503
    },
    {
      "date": "2024-09-30T00:00:00",
      "quarter_label": "2024-09 (Q3)",
      "revenue": 335173000,
      "gross_profit": 270341000,
      "operating_income": 68630000,
      "net_income": 42338000,
      "opex": 201711000,
      "cogs": 64832000,
      "rd": 70068000,
      "sga": null,
      "fcf": 84295000,
      "ocf": 86105000,
      "capex": -1810000,
      "gross_margin": 0.8065715317164569,
      "op_margin": 0.2047599299466246,
      "fcf_margin": 0.2514969881225516,
      "incr_op_margin_yoy": -0.17677952452645215,
      "rev_growth_yoy": 0.09315030070577798,
      "rev_growth_yoy_accel": -0.020036264371105172,
      "op_leverage_ratio": 0.18564305606581008,
      "fcf_margin_change": 0.07139000646442673
    },
    {
      "date": "2024-12-31T00:00:00",
      "quarter_label": "2024-12 (Q4)",
      "revenue": 349822000,
      "gross_profit": 281910000,
      "operating_income": 61412000,
      "net_income": 50093000,
      "opex": 220498000,
      "cogs": 67912000,
      "rd": 77099000,
      "sga": null,
      "fcf": 76085000,
      "ocf": 81632000,
      "capex": -5547000,
      "gross_margin": 0.8058669837803225,
      "op_margin": 0.17555213794444033,
      "fcf_margin": 0.21749632670329483,
      "incr_op_margin_yoy": 0.6033281437431408,
      "rev_growth_yoy": 0.12612951928431856,
      "rev_growth_yoy_accel": 0.03297921857854058,
      "op_leverage_ratio": 0.469257367026469,
      "fcf_margin_change": -0.034000661419256784
    },
    {
      "date": "2025-03-31T00:00:00",
      "quarter_label": "2025-03 (Q1)",
      "revenue": 370542000,
      "gross_profit": 304883000,
      "operating_income": 115184000,
      "net_income": 91368000,
      "opex": 189699000,
      "cogs": 65659000,
      "rd": 72450000,
      "sga": null,
      "fcf": 216371000,
      "ocf": 219415000,
      "capex": -3044000,
      "gross_margin": 0.822802813176374,
      "op_margin": 0.3108527508352629,
      "fcf_margin": 0.5839311063253289,
      "incr_op_margin_yoy": 0.7093871075993776,
      "rev_growth_yoy": 0.09704733792629744,
      "rev_growth_yoy_accel": -0.029082181358021125,
      "op_leverage_ratio": Infinity,
      "fcf_margin_change": 0.366434779622034
    },
    {
      "date": "2025-06-30T00:00:00",
      "quarter_label": "2025-06 (Q2)",
      "revenue": 364106000,
      "gross_profit": 295330000,
      "operating_income": 84430000,
      "net_income": 70482000,
      "opex": 210900000,
      "cogs": 68776000,
      "rd": 75385000,
      "sga": null,
      "fcf": 56994000,
      "ocf": 61085000,
      "capex": -4091000,
      "gross_margin": 0.8111099514976408,
      "op_margin": 0.23188302307569775,
      "fcf_margin": 0.156531339774681,
      "incr_op_margin_yoy": 0.12594391305635347,
      "rev_growth_yoy": 0.10222590869324356,
      "rev_growth_yoy_accel": 0.005178570766946125,
      "fcf_margin_change": -0.4273997665506478
    },
    {
      "date": "2025-09-30T00:00:00",
      "quarter_label": "2025-09 (Q3)",
      "revenue": 375549000,
      "gross_profit": 303354000,
      "operating_income": 84497000,
      "net_income": 57373000,
      "opex": 218857000,
      "cogs": 72195000,
      "rd": 78751000,
      "sga": null,
      "fcf": 110675000,
      "ocf": 116376000,
      "capex": -5701000,
      "gross_margin": 0.8077614372558575,
      "op_margin": 0.22499593927823,
      "fcf_margin": 0.29470188976671485,
      "incr_op_margin_yoy": 0.39298097879928673,
      "rev_growth_yoy": 0.12046316379899336,
      "rev_growth_yoy_accel": 0.01823725510574979,
      "op_leverage_ratio": 0.8329890337982021,
      "fcf_margin_change": 0.13817054999203385
    }
  ],
  "signals": [
    {
      "quarter": "2025-09 (Q3)",
      "signal": "FCF MARGIN EXPANSION",
      "detail": "FCF margin: +15.7% -> +29.5% (+13.8%)",
      "severity": "MEDIUM"
    },
    {
      "quarter": "2025-09 (Q3)",
      "signal": "INCREMENTAL MARGIN (YoY)",
      "detail": "YoY Incr OPM: +39.3% vs year-ago OPM: +20.5%",
      "severity": "MEDIUM"
    },
    {
      "quarter": "2025-03 (Q1)",
      "signal": "FCF MARGIN EXPANSION",
      "detail": "FCF margin: +21.7% -> +58.4% (+36.6%)",
      "severity": "MEDIUM"
    },
    {
      "quarter": "2025-03 (Q1)",
      "signal": "INCREMENTAL MARGIN (YoY)",
      "detail": "YoY Incr OPM: +70.9% vs year-ago OPM: +27.2%",
      "severity": "HIGH"
    },
    {
      "quarter": "2024-12 (Q4)",
      "signal": "INCREMENTAL MARGIN (YoY)",
      "detail": "YoY Incr OPM: +60.3% vs year-ago OPM: +12.2%",
      "severity": "HIGH"
    },
    {
      "quarter": "2024-09 (Q3)",
      "signal": "FCF MARGIN EXPANSION",
      "detail": "FCF margin: +18.0% -> +25.1% (+7.1%)",
      "severity": "MEDIUM"
    },
    {
      "quarter": "2024-06 (Q2)",
      "signal": "INCREMENTAL MARGIN (YoY)",
      "detail": "YoY Incr OPM: +80.0% vs year-ago OPM: +18.0%",
      "severity": "HIGH"
    },
    {
      "quarter": "2024-03 (Q1)",
      "signal": "FCF MARGIN EXPANSION",
      "detail": "FCF margin: +26.1% -> +59.6% (+33.6%)",
      "severity": "MEDIUM"
    },
    {
      "quarter": "2024-03 (Q1)",
      "signal": "GROSS MARGIN INFLECTION",
      "detail": "GM: +78.9% -> +78.2% -> +81.7% (reversal +3.5%)",
      "severity": "MEDIUM"
    },
    {
      "quarter": "2024-03 (Q1)",
      "signal": "INCREMENTAL MARGIN (YoY)",
      "detail": "YoY Incr OPM: +112.0% vs year-ago OPM: +20.9%",
      "severity": "HIGH"
    },
    {
      "quarter": "2023-12 (Q4)",
      "signal": "YoY REVENUE GROWTH DECELERATION",
      "detail": "YoY growth: +8.3% vs prior quarter YoY: +14.3% (decel: -6.0%)",
      "severity": "WARNING"
    },
    {
      "quarter": "2023-09 (Q3)",
      "signal": "INCREMENTAL MARGIN (YoY)",
      "detail": "YoY Incr OPM: +47.4% vs year-ago OPM: +20.7%",
      "severity": "HIGH"
    },
    {
      "quarter": "2023-03 (Q1)",
      "signal": "FCF MARGIN EXPANSION",
      "detail": "FCF margin: +10.7% -> +54.7% (+44.0%)",
      "severity": "MEDIUM"
    },
    {
      "quarter": "2023-03 (Q1)",
      "signal": "YoY REVENUE GROWTH ACCELERATION",
      "detail": "YoY growth: +14.1% vs prior quarter YoY: +5.6% (accel: +8.5%)",
      "severity": "MEDIUM"
    },
    {
      "quarter": "2022-09 (Q3)",
      "signal": "YoY REVENUE GROWTH DECELERATION",
      "detail": "YoY growth: +8.0% vs prior quarter YoY: +20.3% (decel: -12.4%)",
      "severity": "WARNING"
    },
    {
      "quarter": "2022-09 (Q3)",
      "signal": "OP MARGIN TURNED POSITIVE (YoY)",
      "detail": "Op margin: -16.3% (year-ago) -> +20.7%",
      "severity": "HIGH"
    },
    {
      "quarter": "2022-06 (Q2)",
      "signal": "INCREMENTAL MARGIN (YoY)",
      "detail": "YoY Incr OPM: +51.8% vs year-ago OPM: +14.5%",
      "severity": "HIGH"
    },
    {
      "quarter": "2022-03 (Q1)",
      "signal": "FCF MARGIN EXPANSION",
      "detail": "FCF margin: +27.3% -> +35.4% (+8.1%)",
      "severity": "MEDIUM"
    },
    {
      "quarter": "2021-12 (Q4)",
      "signal": "FCF MARGIN EXPANSION",
      "detail": "FCF margin: +20.9% -> +27.3% (+6.4%)",
      "severity": "MEDIUM"
    },
    {
      "quarter": "2021-12 (Q4)",
      "signal": "OP MARGIN TURNED POSITIVE (QoQ)",
      "detail": "Op margin: -16.3% -> +17.4%",
      "severity": "HIGH"
    },
    {
      "quarter": "2021-09 (Q3)",
      "signal": "FCF MARGIN EXPANSION",
      "detail": "FCF margin: +6.3% -> +20.9% (+14.6%)",
      "severity": "MEDIUM"
    },
    {
      "quarter": "2021-09 (Q3)",
      "signal": "GROSS MARGIN INFLECTION",
      "detail": "GM: +77.8% -> +76.0% -> +78.2% (reversal +2.2%)",
      "severity": "MEDIUM"
    },
    {
      "quarter": "2021-03 (Q1)",
      "signal": "FCF MARGIN EXPANSION",
      "detail": "FCF margin: +36.2% -> +58.6% (+22.5%)",
      "severity": "MEDIUM"
    }
  ],
  "data_quality": {
    "n_quarters": 20,
    "coverage": {
      "revenue": [
        20,
        20
      ],
      "gross_profit": [
        20,
        20
      ],
      "op_income": [
        20,
        20
      ],
      "fcf": [
        20,
        20
      ]
    },
    "gaps": [],
    "warnings": []
  },
  "market_cap": null,
  "source": "SEC EDGAR",
  "last_updated": "2026-02-02T20:34:35.644098"
}