{
  "ticker": "BTM",
  "name": "Bitcoin Depot Inc.",
  "quarters": [
    {
      "date": "2022-06-30T00:00:00",
      "quarter_label": "2022-06 (Q2)",
      "revenue": 167867000,
      "gross_profit": 18654000,
      "operating_income": -527741,
      "net_income": -135890,
      "opex": 12043000,
      "cogs": 149213000,
      "rd": null,
      "sga": 7241000,
      "fcf": 12210101,
      "ocf": 12210101,
      "capex": null,
      "gross_margin": 0.11112368720475138,
      "op_margin": -0.0031438043212781547,
      "fcf_margin": 0.07273675588412255
    },
    {
      "date": "2022-09-30T00:00:00",
      "quarter_label": "2022-09 (Q3)",
      "revenue": 174776000,
      "gross_profit": 21319000,
      "operating_income": -3642168,
      "net_income": -2350020,
      "opex": 16455000,
      "cogs": 153457000,
      "rd": null,
      "sga": 11692000,
      "fcf": 10602000,
      "ocf": 10869000,
      "capex": -267000,
      "gross_margin": 0.12197899025037763,
      "op_margin": -0.020839062571520118,
      "fcf_margin": 0.06066050258616744,
      "op_leverage_ratio": 0.11234378357027357,
      "fcf_margin_change": -0.012076253297955114
    },
    {
      "date": "2022-12-31T00:00:00",
      "quarter_label": "2022-12 (Q4)",
      "revenue": 149663000,
      "gross_profit": 19067000,
      "operating_income": -896686,
      "net_income": 1197785,
      "opex": 14787000,
      "cogs": 130596000,
      "rd": null,
      "sga": 10369000,
      "fcf": 9121000,
      "ocf": 9264000,
      "capex": -143000,
      "gross_margin": 0.12739955767290512,
      "op_margin": -0.0059913672718039865,
      "fcf_margin": 0.06094358659120825,
      "fcf_margin_change": 0.00028308400504081094
    },
    {
      "date": "2023-03-31T00:00:00",
      "quarter_label": "2023-03 (Q1)",
      "revenue": 163603000,
      "gross_profit": 22303000,
      "operating_income": -2125298,
      "net_income": 325823,
      "opex": 13632000,
      "cogs": 141300000,
      "rd": null,
      "sga": 10836000,
      "fcf": 10010000,
      "ocf": 10010000,
      "capex": null,
      "gross_margin": 0.13632390604084277,
      "op_margin": -0.012990580857319241,
      "fcf_margin": 0.061184697102131376,
      "op_leverage_ratio": Infinity,
      "fcf_margin_change": 0.00024111051092312596
    },
    {
      "date": "2023-06-30T00:00:00",
      "quarter_label": "2023-06 (Q2)",
      "revenue": 197474000,
      "gross_profit": 30232000,
      "operating_income": 10565000,
      "net_income": -10699000,
      "opex": 19667000,
      "cogs": 167242000,
      "rd": null,
      "sga": 16168000,
      "fcf": 16589000,
      "ocf": 16589000,
      "capex": null,
      "gross_margin": 0.15309357181198538,
      "op_margin": 0.05350071401804794,
      "fcf_margin": 0.08400599572601963,
      "incr_op_margin_yoy": 0.3746661600297227,
      "rev_growth_yoy": 0.17637177050879566,
      "op_leverage_ratio": 0.46764797567713234,
      "fcf_margin_change": 0.022821298623888257
    },
    {
      "date": "2023-09-30T00:00:00",
      "quarter_label": "2023-09 (Q3)",
      "revenue": 179483000,
      "gross_profit": 26938000,
      "operating_income": 7436000,
      "net_income": -7098000,
      "opex": 19502000,
      "cogs": 152545000,
      "rd": null,
      "sga": 16242000,
      "fcf": 6984000,
      "ocf": 6971000,
      "capex": 13000,
      "gross_margin": 0.1500866377317072,
      "op_margin": 0.04143010758679095,
      "fcf_margin": 0.03891176323105809,
      "incr_op_margin_yoy": 2.3535517314637775,
      "rev_growth_yoy": 0.02693161532475855,
      "rev_growth_yoy_accel": -0.1494401551840371,
      "fcf_margin_change": -0.04509423249496154
    },
    {
      "date": "2023-12-31T00:00:00",
      "quarter_label": "2023-12 (Q4)",
      "revenue": 148406000,
      "gross_profit": 21555000,
      "operating_income": 3796000,
      "net_income": -8308000,
      "opex": 17759000,
      "cogs": 126851000,
      "rd": null,
      "sga": 14525000,
      "fcf": 7513000,
      "ocf": 7530000,
      "capex": -17000,
      "gross_margin": 0.14524345376871556,
      "op_margin": 0.02557848065442098,
      "fcf_margin": 0.05062463781787798,
      "incr_op_margin_yoy": -3.733242641209228,
      "rev_growth_yoy": -0.008398869460053587,
      "rev_growth_yoy_accel": -0.035330484784812134,
      "fcf_margin_change": 0.01171287458681989
    },
    {
      "date": "2024-03-31T00:00:00",
      "quarter_label": "2024-03 (Q1)",
      "revenue": 138539000,
      "gross_profit": 17252000,
      "operating_income": 699000,
      "net_income": -1538000,
      "opex": 16553000,
      "cogs": 121287000,
      "rd": null,
      "sga": 13606000,
      "fcf": 789000,
      "ocf": 1347000,
      "capex": -558000,
      "gross_margin": 0.12452811121777983,
      "op_margin": 0.005045510650430565,
      "fcf_margin": 0.005695147214863684,
      "incr_op_margin_yoy": -0.11268345036706033,
      "rev_growth_yoy": -0.15320012469209,
      "rev_growth_yoy_accel": -0.1448012552320364,
      "fcf_margin_change": -0.044929490603014294
    },
    {
      "date": "2024-06-30T00:00:00",
      "quarter_label": "2024-06 (Q2)",
      "revenue": 163066000,
      "gross_profit": 26358000,
      "operating_income": 7604000,
      "net_income": -2561000,
      "opex": 18754000,
      "cogs": 136708000,
      "rd": null,
      "sga": 15762000,
      "fcf": 7618000,
      "ocf": 10128000,
      "capex": -2510000,
      "gross_margin": 0.1616400721180381,
      "op_margin": 0.046631425312450174,
      "fcf_margin": 0.046717280119706134,
      "incr_op_margin_yoy": 0.08605556847244827,
      "rev_growth_yoy": -0.17424065952986215,
      "rev_growth_yoy_accel": -0.021040534837772157,
      "op_leverage_ratio": 1.3314628551182988,
      "fcf_margin_change": 0.04102213290484245
    },
    {
      "date": "2024-09-30T00:00:00",
      "quarter_label": "2024-09 (Q3)",
      "revenue": 135271000,
      "gross_profit": 22418000,
      "operating_income": 5479000,
      "net_income": -939000,
      "opex": 16939000,
      "cogs": 112853000,
      "rd": null,
      "sga": 14694000,
      "fcf": -1040000,
      "ocf": 5778000,
      "capex": -6818000,
      "gross_margin": 0.16572657849797814,
      "op_margin": 0.04050387740166037,
      "fcf_margin": -0.007688270213127722,
      "incr_op_margin_yoy": 0.0442640007237854,
      "rev_growth_yoy": -0.24632973596385174,
      "rev_growth_yoy_accel": -0.0720890764339896,
      "fcf_margin_change": -0.054405550332833855
    },
    {
      "date": "2024-12-31T00:00:00",
      "quarter_label": "2024-12 (Q4)",
      "revenue": 136827000,
      "gross_profit": 25412000,
      "operating_income": 10428000,
      "net_income": -6648000,
      "opex": 14984000,
      "cogs": 111415000,
      "rd": null,
      "sga": 13096000,
      "fcf": 4427000,
      "ocf": 5291000,
      "capex": -864000,
      "gross_margin": 0.18572357794879665,
      "op_margin": 0.07621302813041286,
      "fcf_margin": 0.03235472531006307,
      "incr_op_margin_yoy": -0.5727610329043958,
      "rev_growth_yoy": -0.07802245192242901,
      "rev_growth_yoy_accel": 0.16830728404142273,
      "op_leverage_ratio": Infinity,
      "fcf_margin_change": 0.040042995523190794
    },
    {
      "date": "2025-03-31T00:00:00",
      "quarter_label": "2025-03 (Q1)",
      "revenue": 164226000,
      "gross_profit": 33135000,
      "operating_income": 17798000,
      "net_income": 4193000,
      "opex": 15337000,
      "cogs": 131091000,
      "rd": null,
      "sga": 13440000,
      "fcf": 15865000,
      "ocf": 16250000,
      "capex": -385000,
      "gross_margin": 0.20176464140879033,
      "op_margin": 0.10837504414648107,
      "fcf_margin": 0.09660467891807631,
      "incr_op_margin_yoy": 0.6656674582473625,
      "rev_growth_yoy": 0.18541349367326168,
      "rev_growth_yoy_accel": 0.2634359455956907,
      "op_leverage_ratio": 8.4999420806626,
      "fcf_margin_change": 0.06424995360801324
    },
    {
      "date": "2025-06-30T00:00:00",
      "quarter_label": "2025-06 (Q2)",
      "revenue": 172108000,
      "gross_profit": 32726000,
      "operating_income": 15748000,
      "net_income": 6070000,
      "opex": 16978000,
      "cogs": 139382000,
      "rd": null,
      "sga": 15109000,
      "fcf": 9764000,
      "ocf": 10153000,
      "capex": -389000,
      "gross_margin": 0.19014804657540613,
      "op_margin": 0.09150068561600855,
      "fcf_margin": 0.056731819555163036,
      "incr_op_margin_yoy": 0.9006856890068569,
      "rev_growth_yoy": 0.05544994051488354,
      "rev_growth_yoy_accel": -0.12996355315837815,
      "op_leverage_ratio": 0.44856599976936107,
      "fcf_margin_change": -0.03987285936291327
    },
    {
      "date": "2025-09-30T00:00:00",
      "quarter_label": "2025-09 (Q3)",
      "revenue": 162482000,
      "gross_profit": 30125000,
      "operating_income": 11782000,
      "net_income": 5544000,
      "opex": 18343000,
      "cogs": 132357000,
      "rd": null,
      "sga": 16443000,
      "fcf": 2549000,
      "ocf": 6630000,
      "capex": -4081000,
      "gross_margin": 0.1854051525707463,
      "op_margin": 0.07251264755480608,
      "fcf_margin": 0.01568789158183676,
      "incr_op_margin_yoy": 0.2316342655543714,
      "rev_growth_yoy": 0.20115915458597924,
      "rev_growth_yoy_accel": 0.14570921407109572,
      "fcf_margin_change": -0.041043927973326275
    }
  ],
  "signals": [
    {
      "quarter": "2025-09 (Q3)",
      "signal": "YoY REVENUE GROWTH ACCELERATION",
      "detail": "YoY growth: +20.1% vs prior quarter YoY: +5.5% (accel: +14.6%)",
      "severity": "MEDIUM"
    },
    {
      "quarter": "2025-09 (Q3)",
      "signal": "INCREMENTAL MARGIN (YoY)",
      "detail": "YoY Incr OPM: +23.2% vs year-ago OPM: +4.1%",
      "severity": "MEDIUM"
    },
    {
      "quarter": "2025-06 (Q2)",
      "signal": "YoY REVENUE GROWTH DECELERATION",
      "detail": "YoY growth: +5.5% vs prior quarter YoY: +18.5% (decel: -13.0%)",
      "severity": "WARNING"
    },
    {
      "quarter": "2025-06 (Q2)",
      "signal": "INCREMENTAL MARGIN (YoY)",
      "detail": "YoY Incr OPM: +90.1% vs year-ago OPM: +4.7%",
      "severity": "HIGH"
    },
    {
      "quarter": "2025-03 (Q1)",
      "signal": "FCF MARGIN EXPANSION",
      "detail": "FCF margin: +3.2% -> +9.7% (+6.4%)",
      "severity": "MEDIUM"
    },
    {
      "quarter": "2025-03 (Q1)",
      "signal": "OPERATING LEVERAGE",
      "detail": "Rev growth +20.0% vs OpEx growth +2.4% (leverage: 8.5x)",
      "severity": "MEDIUM"
    },
    {
      "quarter": "2025-03 (Q1)",
      "signal": "YoY REVENUE GROWTH ACCELERATION",
      "detail": "YoY growth: +18.5% vs prior quarter YoY: -7.8% (accel: +26.3%)",
      "severity": "HIGH"
    },
    {
      "quarter": "2025-03 (Q1)",
      "signal": "INCREMENTAL MARGIN (YoY)",
      "detail": "YoY Incr OPM: +66.6% vs year-ago OPM: +0.5%",
      "severity": "HIGH"
    },
    {
      "quarter": "2024-12 (Q4)",
      "signal": "FCF TURNED POSITIVE",
      "detail": "FCF margin: -0.8% -> +3.2%",
      "severity": "HIGH"
    },
    {
      "quarter": "2024-12 (Q4)",
      "signal": "YoY REVENUE GROWTH ACCELERATION",
      "detail": "YoY growth: -7.8% vs prior quarter YoY: -24.6% (accel: +16.8%)",
      "severity": "HIGH"
    },
    {
      "quarter": "2024-09 (Q3)",
      "signal": "YoY REVENUE GROWTH DECELERATION",
      "detail": "YoY growth: -24.6% vs prior quarter YoY: -17.4% (decel: -7.2%)",
      "severity": "WARNING"
    },
    {
      "quarter": "2024-06 (Q2)",
      "signal": "GROSS MARGIN INFLECTION",
      "detail": "GM: +14.5% -> +12.5% -> +16.2% (reversal +3.7%)",
      "severity": "MEDIUM"
    },
    {
      "quarter": "2024-03 (Q1)",
      "signal": "YoY REVENUE GROWTH DECELERATION",
      "detail": "YoY growth: -15.3% vs prior quarter YoY: -0.8% (decel: -14.5%)",
      "severity": "WARNING"
    },
    {
      "quarter": "2024-03 (Q1)",
      "signal": "OP MARGIN TURNED POSITIVE (YoY)",
      "detail": "Op margin: -1.3% (year-ago) -> +0.5%",
      "severity": "HIGH"
    },
    {
      "quarter": "2023-12 (Q4)",
      "signal": "OP MARGIN TURNED POSITIVE (YoY)",
      "detail": "Op margin: -0.6% (year-ago) -> +2.6%",
      "severity": "HIGH"
    },
    {
      "quarter": "2023-09 (Q3)",
      "signal": "YoY REVENUE GROWTH DECELERATION",
      "detail": "YoY growth: +2.7% vs prior quarter YoY: +17.6% (decel: -14.9%)",
      "severity": "WARNING"
    },
    {
      "quarter": "2023-09 (Q3)",
      "signal": "OP MARGIN TURNED POSITIVE (YoY)",
      "detail": "Op margin: -2.1% (year-ago) -> +4.1%",
      "severity": "HIGH"
    },
    {
      "quarter": "2023-06 (Q2)",
      "signal": "OP MARGIN TURNED POSITIVE (YoY)",
      "detail": "Op margin: -0.3% (year-ago) -> +5.4%",
      "severity": "HIGH"
    },
    {
      "quarter": "2023-06 (Q2)",
      "signal": "OP MARGIN TURNED POSITIVE (QoQ)",
      "detail": "Op margin: -1.3% -> +5.4%",
      "severity": "HIGH"
    }
  ],
  "data_quality": {
    "n_quarters": 14,
    "coverage": {
      "revenue": [
        14,
        14
      ],
      "gross_profit": [
        14,
        14
      ],
      "op_income": [
        14,
        14
      ],
      "fcf": [
        14,
        14
      ]
    },
    "gaps": [],
    "warnings": []
  },
  "market_cap": null,
  "source": "SEC EDGAR",
  "last_updated": "2026-02-02T23:27:45.108087",
  "sector": "Financial Services",
  "industry": "Capital Markets"
}