{
  "ticker": "BTMD",
  "name": "biote Corp.",
  "quarters": [
    {
      "date": "2021-06-30T00:00:00",
      "quarter_label": "2021-06 (Q2)",
      "revenue": 34750000,
      "gross_profit": 23110000,
      "operating_income": -503093,
      "net_income": 13238824,
      "opex": 23613093,
      "cogs": 11640000,
      "rd": null,
      "sga": 11327000,
      "fcf": 17944996,
      "ocf": 17944996,
      "capex": null,
      "gross_margin": 0.6650359712230216,
      "op_margin": -0.014477496402877698,
      "fcf_margin": 0.516402762589928
    },
    {
      "date": "2021-09-30T00:00:00",
      "quarter_label": "2021-09 (Q3)",
      "revenue": 35567000,
      "gross_profit": 23277000,
      "operating_income": -289115,
      "net_income": 2995085,
      "opex": 23566115,
      "cogs": 12290000,
      "rd": null,
      "sga": 12311000,
      "fcf": 6569000,
      "ocf": 6322000,
      "capex": 247000,
      "gross_margin": 0.6544549723057891,
      "op_margin": -0.008128742935867518,
      "fcf_margin": 0.18469367672280484,
      "op_leverage_ratio": Infinity,
      "fcf_margin_change": -0.33170908586712317
    },
    {
      "date": "2021-12-31T00:00:00",
      "quarter_label": "2021-12 (Q4)",
      "revenue": 37536000,
      "gross_profit": 24010000,
      "operating_income": -2425810,
      "net_income": -1177625,
      "opex": 26435810,
      "cogs": 13526000,
      "rd": null,
      "sga": 15953000,
      "fcf": 9406000,
      "ocf": 10080000,
      "capex": -674000,
      "gross_margin": 0.639652600170503,
      "op_margin": -0.06462622549019607,
      "fcf_margin": 0.25058610400682013,
      "op_leverage_ratio": 0.45462229794832615,
      "fcf_margin_change": 0.06589242728401529
    },
    {
      "date": "2022-03-31T00:00:00",
      "quarter_label": "2022-03 (Q1)",
      "revenue": 37143000,
      "gross_profit": 24866000,
      "operating_income": -1240366,
      "net_income": 1174482,
      "opex": 26106366,
      "cogs": 12277000,
      "rd": null,
      "sga": 15103000,
      "fcf": 6707000,
      "ocf": 6969000,
      "capex": -262000,
      "gross_margin": 0.6694666558974773,
      "op_margin": -0.03339434079099696,
      "fcf_margin": 0.1805723824139138,
      "fcf_margin_change": -0.07001372159290634
    },
    {
      "date": "2022-06-30T00:00:00",
      "quarter_label": "2022-06 (Q2)",
      "revenue": 41359000,
      "gross_profit": 27822000,
      "operating_income": -85603000,
      "net_income": 115456000,
      "opex": 113425000,
      "cogs": 13537000,
      "rd": null,
      "sga": 111948000,
      "fcf": -28636000,
      "ocf": -28570000,
      "capex": -66000,
      "gross_margin": 0.6726951812181146,
      "op_margin": -2.069755071447569,
      "fcf_margin": -0.6923765081360768,
      "incr_op_margin_yoy": -12.87636662127402,
      "rev_growth_yoy": 0.19018705035971223,
      "op_leverage_ratio": 0.03393619238292949,
      "fcf_margin_change": -0.8729488905499906
    },
    {
      "date": "2022-09-30T00:00:00",
      "quarter_label": "2022-09 (Q3)",
      "revenue": 41970000,
      "gross_profit": 28633000,
      "operating_income": 7815000,
      "net_income": -13236000,
      "opex": 20818000,
      "cogs": 13337000,
      "rd": null,
      "sga": 19612000,
      "fcf": 6393000,
      "ocf": 6393000,
      "capex": null,
      "gross_margin": 0.6822253990945913,
      "op_margin": 0.18620443173695497,
      "fcf_margin": 0.1523230879199428,
      "incr_op_margin_yoy": 1.2656746837419959,
      "rev_growth_yoy": 0.18002642899316781,
      "rev_growth_yoy_accel": -0.010160621366544415,
      "op_leverage_ratio": Infinity,
      "fcf_margin_change": 0.8446995960560195
    },
    {
      "date": "2022-12-31T00:00:00",
      "quarter_label": "2022-12 (Q4)",
      "revenue": 44485000,
      "gross_profit": 29061000,
      "operating_income": 7303000,
      "net_income": -103189000,
      "opex": 21758000,
      "cogs": 15424000,
      "rd": null,
      "sga": 20296000,
      "fcf": 6046000,
      "ocf": 6051000,
      "capex": -5000,
      "gross_margin": 0.6532763852984151,
      "op_margin": 0.16416769697650893,
      "fcf_margin": 0.13591098122962797,
      "incr_op_margin_yoy": 1.4000302201755648,
      "rev_growth_yoy": 0.18512894288150042,
      "rev_growth_yoy_accel": 0.005102513888332605,
      "op_leverage_ratio": 1.3271199286217612,
      "fcf_margin_change": -0.016412106690314843
    },
    {
      "date": "2023-03-31T00:00:00",
      "quarter_label": "2023-03 (Q1)",
      "revenue": 44843000,
      "gross_profit": 30966000,
      "operating_income": 7881000,
      "net_income": -6805000,
      "opex": 23085000,
      "cogs": 13877000,
      "rd": null,
      "sga": 23085000,
      "fcf": 12930000,
      "ocf": 12992000,
      "capex": -62000,
      "gross_margin": 0.6905425595968155,
      "op_margin": 0.17574649332114264,
      "fcf_margin": 0.2883393171732489,
      "incr_op_margin_yoy": 1.184592987012987,
      "rev_growth_yoy": 0.20730689497348087,
      "rev_growth_yoy_accel": 0.022177952091980452,
      "fcf_margin_change": 0.15242833594362093
    },
    {
      "date": "2023-06-30T00:00:00",
      "quarter_label": "2023-06 (Q2)",
      "revenue": 49257000,
      "gross_profit": 33429000,
      "operating_income": 7669000,
      "net_income": -5143000,
      "opex": 25760000,
      "cogs": 15828000,
      "rd": null,
      "sga": 25760000,
      "fcf": 6770000,
      "ocf": 6775000,
      "capex": -5000,
      "gross_margin": 0.6786649613252939,
      "op_margin": 0.1556936070000203,
      "fcf_margin": 0.13744239397446048,
      "incr_op_margin_yoy": 11.809572043555331,
      "rev_growth_yoy": 0.19096206387968762,
      "rev_growth_yoy_accel": -0.016344831093793255,
      "op_leverage_ratio": 0.8494616211367552,
      "fcf_margin_change": -0.15089692319878842
    },
    {
      "date": "2023-09-30T00:00:00",
      "quarter_label": "2023-09 (Q3)",
      "revenue": 45557000,
      "gross_profit": 31390000,
      "operating_income": 7599000,
      "net_income": 7530000,
      "opex": 23791000,
      "cogs": 14167000,
      "rd": null,
      "sga": 23791000,
      "fcf": -291000,
      "ocf": 160000,
      "capex": -451000,
      "gross_margin": 0.689026933292359,
      "op_margin": 0.16680202822837326,
      "fcf_margin": -0.006387602344315912,
      "incr_op_margin_yoy": -0.06021745190967382,
      "rev_growth_yoy": 0.085465808911127,
      "rev_growth_yoy_accel": -0.10549625496856062,
      "fcf_margin_change": -0.14382999631877638
    },
    {
      "date": "2023-12-31T00:00:00",
      "quarter_label": "2023-12 (Q4)",
      "revenue": 45703000,
      "gross_profit": 31698000,
      "operating_income": 5508000,
      "net_income": 7734000,
      "opex": 26190000,
      "cogs": 14005000,
      "rd": null,
      "sga": 26190000,
      "fcf": 7115000,
      "ocf": 6956000,
      "capex": 159000,
      "gross_margin": 0.6935649738529199,
      "op_margin": 0.12051725269675952,
      "fcf_margin": 0.1556790582675098,
      "incr_op_margin_yoy": -1.473727422003284,
      "rev_growth_yoy": 0.02738001573564123,
      "rev_growth_yoy_accel": -0.05808579317548577,
      "fcf_margin_change": 0.1620666606118257
    },
    {
      "date": "2024-03-31T00:00:00",
      "quarter_label": "2024-03 (Q1)",
      "revenue": 46804000,
      "gross_profit": 33437000,
      "operating_income": 10427000,
      "net_income": -2070000,
      "opex": 23010000,
      "cogs": 13367000,
      "rd": null,
      "sga": 23010000,
      "fcf": 6668000,
      "ocf": 7372000,
      "capex": -704000,
      "gross_margin": 0.7144047517306213,
      "op_margin": 0.22278010426459277,
      "fcf_margin": 0.14246645585847365,
      "incr_op_margin_yoy": 1.298317185109638,
      "rev_growth_yoy": 0.043730348103382916,
      "rev_growth_yoy_accel": 0.016350332367741686,
      "op_leverage_ratio": Infinity,
      "fcf_margin_change": -0.013212602409036156
    },
    {
      "date": "2024-06-30T00:00:00",
      "quarter_label": "2024-06 (Q2)",
      "revenue": 49169000,
      "gross_profit": 33882000,
      "operating_income": 6233000,
      "net_income": -6322000,
      "opex": 27649000,
      "cogs": 15287000,
      "rd": null,
      "sga": 27649000,
      "fcf": 7441000,
      "ocf": 9947000,
      "capex": -2506000,
      "gross_margin": 0.689092721023409,
      "op_margin": 0.12676686530130774,
      "fcf_margin": 0.15133519087229758,
      "rev_growth_yoy": -0.001786548104837891,
      "rev_growth_yoy_accel": -0.04551689620822081,
      "op_leverage_ratio": 0.2506342511871433,
      "fcf_margin_change": 0.00886873501382393
    },
    {
      "date": "2024-09-30T00:00:00",
      "quarter_label": "2024-09 (Q3)",
      "revenue": 51384000,
      "gross_profit": 36212000,
      "operating_income": 12184000,
      "net_income": 10702000,
      "opex": 24028000,
      "cogs": 15172000,
      "rd": null,
      "sga": 24028000,
      "fcf": 14006000,
      "ocf": 15556000,
      "capex": -1550000,
      "gross_margin": 0.7047329908142612,
      "op_margin": 0.2371166121749961,
      "fcf_margin": 0.2725751206601277,
      "incr_op_margin_yoy": 0.7868542989531492,
      "rev_growth_yoy": 0.12790570055095815,
      "rev_growth_yoy_accel": 0.12969224865579604,
      "op_leverage_ratio": Infinity,
      "fcf_margin_change": 0.1212399297878301
    },
    {
      "date": "2024-12-31T00:00:00",
      "quarter_label": "2024-12 (Q4)",
      "revenue": 49834000,
      "gross_profit": 35530000,
      "operating_income": 2767000,
      "net_income": 3703000,
      "opex": 32763000,
      "cogs": 14304000,
      "rd": null,
      "sga": 32763000,
      "fcf": 10698000,
      "ocf": 12368000,
      "capex": -1670000,
      "gross_margin": 0.7129670506080186,
      "op_margin": 0.05552434081149416,
      "fcf_margin": 0.21467271340851626,
      "incr_op_margin_yoy": -0.663519728879206,
      "rev_growth_yoy": 0.09038793952256964,
      "rev_growth_yoy_accel": -0.03751776102838851,
      "fcf_margin_change": -0.057902407251611415
    },
    {
      "date": "2025-03-31T00:00:00",
      "quarter_label": "2025-03 (Q1)",
      "revenue": 48992000,
      "gross_profit": 36382000,
      "operating_income": 9690000,
      "net_income": 13718000,
      "opex": 26692000,
      "cogs": 12610000,
      "rd": null,
      "sga": 26692000,
      "fcf": 4837000,
      "ocf": 6467000,
      "capex": -1630000,
      "gross_margin": 0.742611038536904,
      "op_margin": 0.19778739386022207,
      "fcf_margin": 0.09873040496407577,
      "incr_op_margin_yoy": -0.33683729433272397,
      "rev_growth_yoy": 0.04674814118451415,
      "rev_growth_yoy_accel": -0.043639798338055494,
      "fcf_margin_change": -0.11594230844444049
    },
    {
      "date": "2025-06-30T00:00:00",
      "quarter_label": "2025-06 (Q2)",
      "revenue": 48863000,
      "gross_profit": 34988000,
      "operating_income": 10765000,
      "net_income": 3185000,
      "opex": 24223000,
      "cogs": 13875000,
      "rd": null,
      "sga": 24223000,
      "fcf": 5277000,
      "ocf": 7086000,
      "capex": -1809000,
      "gross_margin": 0.716042813580828,
      "op_margin": 0.2203098458956675,
      "fcf_margin": 0.10799582506190779,
      "rev_growth_yoy": -0.006223433464174581,
      "rev_growth_yoy_accel": -0.05297157464868873,
      "fcf_margin_change": 0.009265420097832017
    },
    {
      "date": "2025-09-30T00:00:00",
      "quarter_label": "2025-09 (Q3)",
      "revenue": 47956000,
      "gross_profit": 34418000,
      "operating_income": 8267000,
      "net_income": 8188000,
      "opex": 26151000,
      "cogs": 13538000,
      "rd": null,
      "sga": 26151000,
      "fcf": 13573000,
      "ocf": 14072000,
      "capex": -499000,
      "gross_margin": 0.7176995579281008,
      "op_margin": 0.17238718825590124,
      "fcf_margin": 0.2830302777546084,
      "incr_op_margin_yoy": 1.1426487747957994,
      "rev_growth_yoy": -0.06671337381286004,
      "rev_growth_yoy_accel": -0.060489940348685454,
      "fcf_margin_change": 0.17503445269270057
    }
  ],
  "signals": [
    {
      "quarter": "2025-09 (Q3)",
      "signal": "FCF MARGIN EXPANSION",
      "detail": "FCF margin: +10.8% -> +28.3% (+17.5%)",
      "severity": "MEDIUM"
    },
    {
      "quarter": "2025-09 (Q3)",
      "signal": "YoY REVENUE GROWTH DECELERATION",
      "detail": "YoY growth: -6.7% vs prior quarter YoY: -0.6% (decel: -6.0%)",
      "severity": "WARNING"
    },
    {
      "quarter": "2025-09 (Q3)",
      "signal": "INCREMENTAL MARGIN (YoY)",
      "detail": "YoY Incr OPM: +114.3% vs year-ago OPM: +23.7%",
      "severity": "HIGH"
    },
    {
      "quarter": "2025-06 (Q2)",
      "signal": "YoY REVENUE GROWTH DECELERATION",
      "detail": "YoY growth: -0.6% vs prior quarter YoY: +4.7% (decel: -5.3%)",
      "severity": "WARNING"
    },
    {
      "quarter": "2024-09 (Q3)",
      "signal": "FCF MARGIN EXPANSION",
      "detail": "FCF margin: +15.1% -> +27.3% (+12.1%)",
      "severity": "MEDIUM"
    },
    {
      "quarter": "2024-09 (Q3)",
      "signal": "YoY REVENUE GROWTH ACCELERATION",
      "detail": "YoY growth: +12.8% vs prior quarter YoY: -0.2% (accel: +13.0%)",
      "severity": "MEDIUM"
    },
    {
      "quarter": "2024-09 (Q3)",
      "signal": "INCREMENTAL MARGIN (YoY)",
      "detail": "YoY Incr OPM: +78.7% vs year-ago OPM: +16.7%",
      "severity": "HIGH"
    },
    {
      "quarter": "2024-03 (Q1)",
      "signal": "INCREMENTAL MARGIN (YoY)",
      "detail": "YoY Incr OPM: +129.8% vs year-ago OPM: +17.6%",
      "severity": "HIGH"
    },
    {
      "quarter": "2023-12 (Q4)",
      "signal": "FCF TURNED POSITIVE",
      "detail": "FCF margin: -0.6% -> +15.6%",
      "severity": "HIGH"
    },
    {
      "quarter": "2023-12 (Q4)",
      "signal": "YoY REVENUE GROWTH DECELERATION",
      "detail": "YoY growth: +2.7% vs prior quarter YoY: +8.5% (decel: -5.8%)",
      "severity": "WARNING"
    },
    {
      "quarter": "2023-09 (Q3)",
      "signal": "YoY REVENUE GROWTH DECELERATION",
      "detail": "YoY growth: +8.5% vs prior quarter YoY: +19.1% (decel: -10.5%)",
      "severity": "WARNING"
    },
    {
      "quarter": "2023-06 (Q2)",
      "signal": "OP MARGIN TURNED POSITIVE (YoY)",
      "detail": "Op margin: -207.0% (year-ago) -> +15.6%",
      "severity": "HIGH"
    },
    {
      "quarter": "2023-03 (Q1)",
      "signal": "FCF MARGIN EXPANSION",
      "detail": "FCF margin: +13.6% -> +28.8% (+15.2%)",
      "severity": "MEDIUM"
    },
    {
      "quarter": "2023-03 (Q1)",
      "signal": "GROSS MARGIN INFLECTION",
      "detail": "GM: +68.2% -> +65.3% -> +69.1% (reversal +3.7%)",
      "severity": "MEDIUM"
    },
    {
      "quarter": "2023-03 (Q1)",
      "signal": "OP MARGIN TURNED POSITIVE (YoY)",
      "detail": "Op margin: -3.3% (year-ago) -> +17.6%",
      "severity": "HIGH"
    },
    {
      "quarter": "2022-12 (Q4)",
      "signal": "OP MARGIN TURNED POSITIVE (YoY)",
      "detail": "Op margin: -6.5% (year-ago) -> +16.4%",
      "severity": "HIGH"
    },
    {
      "quarter": "2022-09 (Q3)",
      "signal": "FCF TURNED POSITIVE",
      "detail": "FCF margin: -69.2% -> +15.2%",
      "severity": "HIGH"
    },
    {
      "quarter": "2022-09 (Q3)",
      "signal": "OP MARGIN TURNED POSITIVE (YoY)",
      "detail": "Op margin: -0.8% (year-ago) -> +18.6%",
      "severity": "HIGH"
    },
    {
      "quarter": "2022-09 (Q3)",
      "signal": "OP MARGIN TURNED POSITIVE (QoQ)",
      "detail": "Op margin: -207.0% -> +18.6%",
      "severity": "HIGH"
    },
    {
      "quarter": "2022-03 (Q1)",
      "signal": "GROSS MARGIN INFLECTION",
      "detail": "GM: +65.4% -> +64.0% -> +66.9% (reversal +3.0%)",
      "severity": "MEDIUM"
    },
    {
      "quarter": "2021-12 (Q4)",
      "signal": "FCF MARGIN EXPANSION",
      "detail": "FCF margin: +18.5% -> +25.1% (+6.6%)",
      "severity": "MEDIUM"
    }
  ],
  "data_quality": {
    "n_quarters": 18,
    "coverage": {
      "revenue": [
        18,
        18
      ],
      "gross_profit": [
        18,
        18
      ],
      "op_income": [
        18,
        18
      ],
      "fcf": [
        18,
        18
      ]
    },
    "gaps": [],
    "warnings": []
  },
  "market_cap": null,
  "source": "SEC EDGAR",
  "last_updated": "2026-02-02T23:20:20.044483",
  "sector": "Healthcare",
  "industry": "Medical Care Facilities"
}