{
  "ticker": "BV",
  "name": "BrightView Holdings, Inc.",
  "quarters": [
    {
      "date": "2021-03-31T00:00:00",
      "quarter_label": "2021-03 (Q1)",
      "revenue": 651900000,
      "gross_profit": 158100000,
      "operating_income": 17700000,
      "net_income": 6300000,
      "opex": 140400000,
      "cogs": 493800000,
      "rd": null,
      "sga": 127900000,
      "fcf": 60100000,
      "ocf": 78300000,
      "capex": -18200000,
      "gross_margin": 0.24252185918085595,
      "op_margin": 0.027151403589507593,
      "fcf_margin": 0.09219205399601166
    },
    {
      "date": "2021-06-30T00:00:00",
      "quarter_label": "2021-06 (Q2)",
      "revenue": 673600000,
      "gross_profit": 179000000,
      "operating_income": 43300000,
      "net_income": 25200000,
      "opex": 135700000,
      "cogs": 494600000,
      "rd": null,
      "sga": 123100000,
      "fcf": 33200000,
      "ocf": 50000000,
      "capex": -16800000,
      "gross_margin": 0.26573634204275537,
      "op_margin": 0.06428147268408552,
      "fcf_margin": 0.04928741092636579,
      "op_leverage_ratio": null,
      "fcf_margin_change": -0.042904643069645865
    },
    {
      "date": "2021-09-30T00:00:00",
      "quarter_label": "2021-09 (Q3)",
      "revenue": 673700000,
      "gross_profit": 180100000,
      "operating_income": 33200000,
      "net_income": 26800000,
      "opex": 146900000,
      "cogs": 493600000,
      "rd": null,
      "sga": 133600000,
      "fcf": -1500000,
      "ocf": 15000000,
      "capex": -16500000,
      "gross_margin": 0.2673296719608134,
      "op_margin": 0.04928009499777349,
      "fcf_margin": -0.002226510316164465,
      "fcf_margin_change": -0.05151392124253026
    },
    {
      "date": "2021-12-31T00:00:00",
      "quarter_label": "2021-12 (Q4)",
      "revenue": 591800000,
      "gross_profit": 139900000,
      "operating_income": -8400000,
      "net_income": -12800000,
      "opex": 148300000,
      "cogs": 451900000,
      "rd": null,
      "sga": 134900000,
      "fcf": -51000000,
      "ocf": -22400000,
      "capex": -28600000,
      "gross_margin": 0.23639743156471782,
      "op_margin": -0.014193984454207503,
      "fcf_margin": -0.0861777627576884,
      "fcf_margin_change": -0.08395125244152393
    },
    {
      "date": "2022-03-31T00:00:00",
      "quarter_label": "2022-03 (Q1)",
      "revenue": 711900000,
      "gross_profit": 157100000,
      "operating_income": 11700000,
      "net_income": 700000,
      "opex": 145400000,
      "cogs": 554800000,
      "rd": null,
      "sga": 133400000,
      "fcf": 29000000,
      "ocf": 64700000,
      "capex": -35700000,
      "gross_margin": 0.220677061385026,
      "op_margin": 0.01643489254108723,
      "fcf_margin": 0.04073605843517348,
      "incr_op_margin_yoy": -0.1,
      "rev_growth_yoy": 0.09203865623561897,
      "op_leverage_ratio": null,
      "fcf_margin_change": 0.12691382119286188
    },
    {
      "date": "2022-06-30T00:00:00",
      "quarter_label": "2022-06 (Q2)",
      "revenue": 747400000,
      "gross_profit": 189200000,
      "operating_income": 44700000,
      "net_income": 10800000,
      "opex": 144500000,
      "cogs": 558200000,
      "rd": null,
      "sga": 131300000,
      "fcf": -500000,
      "ocf": 23400000,
      "capex": -23900000,
      "gross_margin": 0.25314423334225317,
      "op_margin": 0.05980733208455981,
      "fcf_margin": -0.000668985817500669,
      "incr_op_margin_yoy": 0.018970189701897018,
      "rev_growth_yoy": 0.10956057007125891,
      "rev_growth_yoy_accel": 0.017521913835639946,
      "op_leverage_ratio": null,
      "fcf_margin_change": -0.04140504425267415
    },
    {
      "date": "2022-09-30T00:00:00",
      "quarter_label": "2022-09 (Q3)",
      "revenue": 723400000,
      "gross_profit": 188600000,
      "operating_income": 40400000,
      "net_income": 15300000,
      "opex": 148200000,
      "cogs": 534800000,
      "rd": null,
      "sga": 135400000,
      "fcf": 22000000,
      "ocf": 41200000,
      "capex": -19200000,
      "gross_margin": 0.26071329831351947,
      "op_margin": 0.05584738733757257,
      "fcf_margin": 0.030411943599668232,
      "incr_op_margin_yoy": 0.1448692152917505,
      "rev_growth_yoy": 0.0737717084755826,
      "rev_growth_yoy_accel": -0.035788861595676305,
      "fcf_margin_change": 0.0310809294171689
    },
    {
      "date": "2022-12-31T00:00:00",
      "quarter_label": "2022-12 (Q4)",
      "revenue": 655900000,
      "gross_profit": 147600000,
      "operating_income": -1900000,
      "net_income": -18900000,
      "opex": 149500000,
      "cogs": 508300000,
      "rd": null,
      "sga": 137600000,
      "fcf": -56800000,
      "ocf": -29600000,
      "capex": -27200000,
      "gross_margin": 0.22503430400975757,
      "op_margin": -0.0028967830461960665,
      "fcf_margin": -0.08659856685470346,
      "incr_op_margin_yoy": 0.10140405616224649,
      "rev_growth_yoy": 0.10831361946603582,
      "rev_growth_yoy_accel": 0.034541910990453215,
      "fcf_margin_change": -0.11701051045437169
    },
    {
      "date": "2023-03-31T00:00:00",
      "quarter_label": "2023-03 (Q1)",
      "revenue": 650400000,
      "gross_profit": 147100000,
      "operating_income": -2600000,
      "net_income": -22000000,
      "opex": 149700000,
      "cogs": 503300000,
      "rd": null,
      "sga": 138700000,
      "fcf": 69100000,
      "ocf": 84600000,
      "capex": -15500000,
      "gross_margin": 0.22616851168511684,
      "op_margin": -0.003997539975399754,
      "fcf_margin": 0.10624231242312424,
      "incr_op_margin_yoy": 0.23252032520325203,
      "rev_growth_yoy": -0.08638853771597134,
      "rev_growth_yoy_accel": -0.19470215718200717,
      "fcf_margin_change": 0.1928408792778277
    },
    {
      "date": "2023-06-30T00:00:00",
      "quarter_label": "2023-06 (Q2)",
      "revenue": 766000000,
      "gross_profit": 198600000,
      "operating_income": 51200000,
      "net_income": 16800000,
      "opex": 147400000,
      "cogs": 567400000,
      "rd": null,
      "sga": 136600000,
      "fcf": 19100000,
      "ocf": 34300000,
      "capex": -15200000,
      "gross_margin": 0.25926892950391645,
      "op_margin": 0.06684073107049608,
      "fcf_margin": 0.024934725848563967,
      "incr_op_margin_yoy": 0.34946236559139787,
      "rev_growth_yoy": 0.024886272411024885,
      "rev_growth_yoy_accel": 0.11127481012699622,
      "op_leverage_ratio": null,
      "fcf_margin_change": -0.08130758657456028
    },
    {
      "date": "2023-09-30T00:00:00",
      "quarter_label": "2023-09 (Q3)",
      "revenue": 743700000,
      "gross_profit": 185600000,
      "operating_income": 54400000,
      "net_income": 16400000,
      "opex": 131200000,
      "cogs": 558100000,
      "rd": null,
      "sga": 120400000,
      "fcf": 27200000,
      "ocf": 40600000,
      "capex": -13400000,
      "gross_margin": 0.24956299583165253,
      "op_margin": 0.07314777464031195,
      "fcf_margin": 0.03657388732015598,
      "incr_op_margin_yoy": 0.6896551724137931,
      "rev_growth_yoy": 0.028061929776057506,
      "rev_growth_yoy_accel": 0.0031756573650326206,
      "fcf_margin_change": 0.01163916147159201
    },
    {
      "date": "2023-12-31T00:00:00",
      "quarter_label": "2023-12 (Q4)",
      "revenue": 626700000,
      "gross_profit": 133800000,
      "operating_income": -6200000,
      "net_income": -16400000,
      "opex": 140000000,
      "cogs": 492900000,
      "rd": null,
      "sga": 129900000,
      "fcf": 16100000,
      "ocf": 26200000,
      "capex": -10100000,
      "gross_margin": 0.2134992819530876,
      "op_margin": -0.009893090793042923,
      "fcf_margin": 0.02569012286580501,
      "incr_op_margin_yoy": 0.14726027397260275,
      "rev_growth_yoy": -0.044518981552065864,
      "rev_growth_yoy_accel": -0.07258091132812337,
      "fcf_margin_change": -0.010883764454350967
    },
    {
      "date": "2024-03-31T00:00:00",
      "quarter_label": "2024-03 (Q1)",
      "revenue": 672900000,
      "gross_profit": 152000000,
      "operating_income": 62200000,
      "net_income": 33700000,
      "opex": 89800000,
      "cogs": 520900000,
      "rd": null,
      "sga": 125000000,
      "fcf": 70700000,
      "ocf": 83300000,
      "capex": -12600000,
      "gross_margin": 0.22588794768910686,
      "op_margin": 0.09243572596225294,
      "fcf_margin": 0.10506761777381483,
      "incr_op_margin_yoy": 2.88,
      "rev_growth_yoy": 0.03459409594095941,
      "rev_growth_yoy_accel": 0.07911307749302528,
      "op_leverage_ratio": null,
      "fcf_margin_change": 0.07937749490800983
    },
    {
      "date": "2024-06-30T00:00:00",
      "quarter_label": "2024-06 (Q2)",
      "revenue": 738800000,
      "gross_profit": 177600000,
      "operating_income": 49000000,
      "net_income": 23500000,
      "opex": 128600000,
      "cogs": 561200000,
      "rd": null,
      "sga": 120100000,
      "fcf": 19300000,
      "ocf": 42600000,
      "capex": -23300000,
      "gross_margin": 0.24038982133188955,
      "op_margin": 0.06632376827287494,
      "fcf_margin": 0.026123443421765025,
      "incr_op_margin_yoy": 0.08088235294117647,
      "rev_growth_yoy": -0.035509138381201046,
      "rev_growth_yoy_accel": -0.07010323432216045,
      "op_leverage_ratio": 0.22666240752061012,
      "fcf_margin_change": -0.07894417435204981
    },
    {
      "date": "2024-09-30T00:00:00",
      "quarter_label": "2024-09 (Q3)",
      "revenue": 728700000,
      "gross_profit": 182200000,
      "operating_income": 51900000,
      "net_income": 25600000,
      "opex": 130300000,
      "cogs": 546500000,
      "rd": null,
      "sga": 121500000,
      "fcf": 21100000,
      "ocf": 53500000,
      "capex": -32400000,
      "gross_margin": 0.2500343076711953,
      "op_margin": 0.07122272540139975,
      "fcf_margin": 0.0289556744888157,
      "incr_op_margin_yoy": 0.16666666666666666,
      "rev_growth_yoy": -0.02016942315449778,
      "rev_growth_yoy_accel": 0.015339715226703264,
      "fcf_margin_change": 0.002832231067050675
    },
    {
      "date": "2024-12-31T00:00:00",
      "quarter_label": "2024-12 (Q4)",
      "revenue": 599200000,
      "gross_profit": 126800000,
      "operating_income": -600000,
      "net_income": -10400000,
      "opex": 127400000,
      "cogs": 472400000,
      "rd": null,
      "sga": 119300000,
      "fcf": 1800000,
      "ocf": 60500000,
      "capex": -58700000,
      "gross_margin": 0.2116154873164219,
      "op_margin": -0.0010013351134846463,
      "fcf_margin": 0.0030040053404539386,
      "incr_op_margin_yoy": -0.20363636363636364,
      "rev_growth_yoy": -0.043880644646561356,
      "rev_growth_yoy_accel": -0.023711221492063575,
      "fcf_margin_change": -0.02595166914836176
    },
    {
      "date": "2025-03-31T00:00:00",
      "quarter_label": "2025-03 (Q1)",
      "revenue": 662600000,
      "gross_profit": 147500000,
      "operating_income": 22300000,
      "net_income": 6400000,
      "opex": 125200000,
      "cogs": 515100000,
      "rd": null,
      "sga": 118100000,
      "fcf": 57600000,
      "ocf": 91200000,
      "capex": -33600000,
      "gross_margin": 0.22260790824026563,
      "op_margin": 0.03365529731361304,
      "fcf_margin": 0.08693027467552068,
      "incr_op_margin_yoy": 3.8737864077669903,
      "rev_growth_yoy": -0.015306880665775003,
      "rev_growth_yoy_accel": 0.028573763980786353,
      "op_leverage_ratio": null,
      "fcf_margin_change": 0.08392626933506675
    },
    {
      "date": "2025-06-30T00:00:00",
      "quarter_label": "2025-06 (Q2)",
      "revenue": 708300000,
      "gross_profit": 170900000,
      "operating_income": 57600000,
      "net_income": 32300000,
      "opex": 113300000,
      "cogs": 537400000,
      "rd": null,
      "sga": 106200000,
      "fcf": -47800000,
      "ocf": 55700000,
      "capex": -103500000,
      "gross_margin": 0.24128194267965553,
      "op_margin": 0.08132147395171538,
      "fcf_margin": -0.0674855287307638,
      "incr_op_margin_yoy": -0.2819672131147541,
      "rev_growth_yoy": -0.041283161884136436,
      "rev_growth_yoy_accel": -0.025976281218361433,
      "op_leverage_ratio": null,
      "fcf_margin_change": -0.15441580340628447
    },
    {
      "date": "2025-09-30T00:00:00",
      "quarter_label": "2025-09 (Q3)",
      "revenue": 702800000,
      "gross_profit": 176500000,
      "operating_income": 55200000,
      "net_income": 27700000,
      "opex": 121300000,
      "cogs": 526300000,
      "rd": null,
      "sga": 114300000,
      "fcf": 26000000,
      "ocf": 84400000,
      "capex": -58400000,
      "gross_margin": 0.25113830392714853,
      "op_margin": 0.07854297097324986,
      "fcf_margin": 0.03699487763232783,
      "incr_op_margin_yoy": -0.1274131274131274,
      "rev_growth_yoy": -0.03554274735830932,
      "rev_growth_yoy_accel": 0.005740414525827117,
      "fcf_margin_change": 0.10448040636309164
    },
    {
      "date": "2025-12-31T00:00:00",
      "quarter_label": "2025-12 (Q4)",
      "revenue": 614700000,
      "gross_profit": 114300000,
      "operating_income": -7100000,
      "net_income": -15200000,
      "opex": 121400000,
      "cogs": 500400000,
      "rd": null,
      "sga": 115200000,
      "fcf": -18600000,
      "ocf": 36100000,
      "capex": -54700000,
      "gross_margin": 0.18594436310395315,
      "op_margin": -0.011550349764112575,
      "fcf_margin": -0.030258662762323085,
      "incr_op_margin_yoy": -0.41935483870967744,
      "rev_growth_yoy": 0.025867823765020028,
      "rev_growth_yoy_accel": 0.061410571123329344,
      "fcf_margin_change": -0.06725354039465092
    }
  ],
  "signals": [
    {
      "quarter": "2025-12 (Q4)",
      "signal": "YoY REVENUE GROWTH ACCELERATION",
      "detail": "YoY growth: +2.6% vs prior quarter YoY: -3.6% (accel: +6.1%)",
      "severity": "MEDIUM"
    },
    {
      "quarter": "2025-09 (Q3)",
      "signal": "FCF TURNED POSITIVE",
      "detail": "FCF margin: -6.7% -> +3.7%",
      "severity": "HIGH"
    },
    {
      "quarter": "2025-03 (Q1)",
      "signal": "FCF MARGIN EXPANSION",
      "detail": "FCF margin: +0.3% -> +8.7% (+8.4%)",
      "severity": "MEDIUM"
    },
    {
      "quarter": "2025-03 (Q1)",
      "signal": "INCREMENTAL MARGIN (YoY)",
      "detail": "YoY Incr OPM: +387.4% vs year-ago OPM: +9.2%",
      "severity": "HIGH"
    },
    {
      "quarter": "2025-03 (Q1)",
      "signal": "OP MARGIN TURNED POSITIVE (QoQ)",
      "detail": "Op margin: -0.1% -> +3.4%",
      "severity": "HIGH"
    },
    {
      "quarter": "2024-06 (Q2)",
      "signal": "YoY REVENUE GROWTH DECELERATION",
      "detail": "YoY growth: -3.6% vs prior quarter YoY: +3.5% (decel: -7.0%)",
      "severity": "WARNING"
    },
    {
      "quarter": "2024-03 (Q1)",
      "signal": "FCF MARGIN EXPANSION",
      "detail": "FCF margin: +2.6% -> +10.5% (+7.9%)",
      "severity": "MEDIUM"
    },
    {
      "quarter": "2024-03 (Q1)",
      "signal": "YoY REVENUE GROWTH ACCELERATION",
      "detail": "YoY growth: +3.5% vs prior quarter YoY: -4.5% (accel: +7.9%)",
      "severity": "MEDIUM"
    },
    {
      "quarter": "2024-03 (Q1)",
      "signal": "OP MARGIN TURNED POSITIVE (YoY)",
      "detail": "Op margin: -0.4% (year-ago) -> +9.2%",
      "severity": "HIGH"
    },
    {
      "quarter": "2024-03 (Q1)",
      "signal": "OP MARGIN TURNED POSITIVE (QoQ)",
      "detail": "Op margin: -1.0% -> +9.2%",
      "severity": "HIGH"
    },
    {
      "quarter": "2023-12 (Q4)",
      "signal": "YoY REVENUE GROWTH DECELERATION",
      "detail": "YoY growth: -4.5% vs prior quarter YoY: +2.8% (decel: -7.3%)",
      "severity": "WARNING"
    },
    {
      "quarter": "2023-09 (Q3)",
      "signal": "INCREMENTAL MARGIN (YoY)",
      "detail": "YoY Incr OPM: +69.0% vs year-ago OPM: +5.6%",
      "severity": "HIGH"
    },
    {
      "quarter": "2023-06 (Q2)",
      "signal": "YoY REVENUE GROWTH ACCELERATION",
      "detail": "YoY growth: +2.5% vs prior quarter YoY: -8.6% (accel: +11.1%)",
      "severity": "MEDIUM"
    },
    {
      "quarter": "2023-06 (Q2)",
      "signal": "INCREMENTAL MARGIN (YoY)",
      "detail": "YoY Incr OPM: +34.9% vs year-ago OPM: +6.0%",
      "severity": "HIGH"
    },
    {
      "quarter": "2023-06 (Q2)",
      "signal": "OP MARGIN TURNED POSITIVE (QoQ)",
      "detail": "Op margin: -0.4% -> +6.7%",
      "severity": "HIGH"
    },
    {
      "quarter": "2023-03 (Q1)",
      "signal": "FCF TURNED POSITIVE",
      "detail": "FCF margin: -8.7% -> +10.6%",
      "severity": "HIGH"
    },
    {
      "quarter": "2023-03 (Q1)",
      "signal": "YoY REVENUE GROWTH DECELERATION",
      "detail": "YoY growth: -8.6% vs prior quarter YoY: +10.8% (decel: -19.5%)",
      "severity": "WARNING"
    },
    {
      "quarter": "2022-09 (Q3)",
      "signal": "FCF TURNED POSITIVE",
      "detail": "FCF margin: -0.1% -> +3.0%",
      "severity": "HIGH"
    },
    {
      "quarter": "2022-06 (Q2)",
      "signal": "GROSS MARGIN INFLECTION",
      "detail": "GM: +23.6% -> +22.1% -> +25.3% (reversal +3.2%)",
      "severity": "MEDIUM"
    },
    {
      "quarter": "2022-03 (Q1)",
      "signal": "FCF TURNED POSITIVE",
      "detail": "FCF margin: -8.6% -> +4.1%",
      "severity": "HIGH"
    },
    {
      "quarter": "2022-03 (Q1)",
      "signal": "OP MARGIN TURNED POSITIVE (QoQ)",
      "detail": "Op margin: -1.4% -> +1.6%",
      "severity": "HIGH"
    }
  ],
  "data_quality": {
    "n_quarters": 20,
    "coverage": {
      "revenue": [
        20,
        20
      ],
      "gross_profit": [
        20,
        20
      ],
      "op_income": [
        20,
        20
      ],
      "fcf": [
        20,
        20
      ]
    },
    "gaps": [],
    "warnings": []
  },
  "market_cap": null,
  "source": "SEC EDGAR",
  "last_updated": "2026-02-04T13:46:11.733554",
  "sector": "Industrials",
  "industry": "Specialty Business Services"
}