{
  "ticker": "BVS",
  "name": "BIOVENTUS INC.",
  "quarters": [
    {
      "date": "2020-12-31T00:00:00",
      "quarter_label": "2020-12 (Q4)",
      "revenue": 98591000,
      "gross_profit": 73470000,
      "operating_income": 5908000,
      "net_income": 2776000,
      "opex": 67562000,
      "cogs": 25121000,
      "rd": 2891000,
      "sga": 61974000,
      "fcf": 11199000,
      "ocf": 25447000,
      "capex": -14248000,
      "gross_margin": 0.7451998661135397,
      "op_margin": 0.059924333864145814,
      "fcf_margin": 0.11359049000415859
    },
    {
      "date": "2021-04-03T00:00:00",
      "quarter_label": "2021-04 (Q2)",
      "revenue": 81778000,
      "gross_profit": 59556000,
      "operating_income": 21998000,
      "net_income": 24936000,
      "opex": 37558000,
      "cogs": 22222000,
      "rd": 947000,
      "sga": 34686000,
      "fcf": -19412000,
      "ocf": -18042000,
      "capex": -1370000,
      "gross_margin": 0.728264325368681,
      "op_margin": 0.26899655163980535,
      "fcf_margin": -0.23737435496099196,
      "fcf_margin_change": -0.35096484496515057
    },
    {
      "date": "2021-07-03T00:00:00",
      "quarter_label": "2021-07 (Q3)",
      "revenue": 109816000,
      "gross_profit": 76313000,
      "operating_income": -5740000,
      "net_income": -4126000,
      "opex": 82053000,
      "cogs": 33503000,
      "rd": 4836000,
      "sga": 69050000,
      "fcf": 16057000,
      "ocf": 17329000,
      "capex": -1272000,
      "gross_margin": 0.6949169519924236,
      "op_margin": -0.05226925038245793,
      "fcf_margin": 0.14621730895315802,
      "op_leverage_ratio": 0.2894021764200521,
      "fcf_margin_change": 0.38359166391415
    },
    {
      "date": "2021-10-02T00:00:00",
      "quarter_label": "2021-10 (Q4)",
      "revenue": 108890000,
      "gross_profit": 79069000,
      "operating_income": -1047000,
      "net_income": -1071000,
      "opex": 80116000,
      "cogs": 29821000,
      "rd": 6153000,
      "sga": 69636000,
      "fcf": 8661000,
      "ocf": 10587000,
      "capex": -1926000,
      "gross_margin": 0.7261364679952246,
      "op_margin": -0.00961520800808155,
      "fcf_margin": 0.07953898429607861,
      "fcf_margin_change": -0.0666783246570794
    },
    {
      "date": "2021-12-31T00:00:00",
      "quarter_label": "2021-12 (Q4)",
      "revenue": 130414000,
      "gross_profit": 87768000,
      "operating_income": -3150000,
      "net_income": -364000,
      "opex": 90918000,
      "cogs": 42646000,
      "rd": 7103000,
      "sga": 80881000,
      "fcf": 4165000,
      "ocf": 13117000,
      "capex": -8952000,
      "gross_margin": 0.6729952305734047,
      "op_margin": -0.024153848513196435,
      "fcf_margin": 0.03193675525633751,
      "incr_op_margin_yoy": -0.28463689784118407,
      "rev_growth_yoy": 0.32277794119138664,
      "op_leverage_ratio": 1.4660543486664652,
      "fcf_margin_change": -0.0476022290397411
    },
    {
      "date": "2022-04-02T00:00:00",
      "quarter_label": "2022-04 (Q2)",
      "revenue": 117290000,
      "gross_profit": 75702000,
      "operating_income": -21450000,
      "net_income": -11277000,
      "opex": 97152000,
      "cogs": 41588000,
      "rd": 6928000,
      "sga": 86124000,
      "fcf": -23979000,
      "ocf": -21019000,
      "capex": -2960000,
      "gross_margin": 0.6454258675078864,
      "op_margin": -0.18288004092420496,
      "fcf_margin": -0.20444198141359024,
      "incr_op_margin_yoy": -1.2234737553503041,
      "rev_growth_yoy": 0.43424881997603265,
      "rev_growth_yoy_accel": 0.11147087878464601,
      "fcf_margin_change": -0.23637873666992776
    },
    {
      "date": "2022-07-02T00:00:00",
      "quarter_label": "2022-07 (Q3)",
      "revenue": 140331000,
      "gross_profit": 96654000,
      "operating_income": -3308000,
      "net_income": -7252000,
      "opex": 99962000,
      "cogs": 43677000,
      "rd": 6366000,
      "sga": 89620000,
      "fcf": 909000,
      "ocf": 2939000,
      "capex": -2030000,
      "gross_margin": 0.6887572952519401,
      "op_margin": -0.023572838503253025,
      "fcf_margin": 0.006477542381939842,
      "incr_op_margin_yoy": 0.07969850893003441,
      "rev_growth_yoy": 0.27787389815691704,
      "rev_growth_yoy_accel": -0.1563749218191156,
      "op_leverage_ratio": 6.79181367835723,
      "fcf_margin_change": 0.21091952379553008
    },
    {
      "date": "2022-10-01T00:00:00",
      "quarter_label": "2022-10 (Q4)",
      "revenue": 128662000,
      "gross_profit": 84535000,
      "operating_income": -200855000,
      "net_income": -108245000,
      "opex": 285390000,
      "cogs": 44127000,
      "rd": 5840000,
      "sga": 79194000,
      "fcf": -2350000,
      "ocf": -701000,
      "capex": -1649000,
      "gross_margin": 0.6570316021824626,
      "op_margin": -1.5611058432171114,
      "fcf_margin": -0.018264911162581027,
      "incr_op_margin_yoy": -10.105603884280802,
      "rev_growth_yoy": 0.18157773900266325,
      "rev_growth_yoy_accel": -0.0962961591542538,
      "fcf_margin_change": -0.02474245354452087
    },
    {
      "date": "2022-12-31T00:00:00",
      "quarter_label": "2022-12 (Q4)",
      "revenue": 125834000,
      "gross_profit": 74189000,
      "operating_income": -25435000,
      "net_income": -31930000,
      "opex": 99624000,
      "cogs": 51645000,
      "rd": 6807000,
      "sga": 77668000,
      "fcf": 10405000,
      "ocf": 5244000,
      "capex": 5161000,
      "gross_margin": 0.5895783333598232,
      "op_margin": -0.20213137943640033,
      "fcf_margin": 0.08268830363812642,
      "incr_op_margin_yoy": 4.865720524017467,
      "rev_growth_yoy": -0.03511892894934593,
      "rev_growth_yoy_accel": -0.21669666795200918,
      "fcf_margin_change": 0.10095321480070744
    },
    {
      "date": "2023-04-01T00:00:00",
      "quarter_label": "2023-04 (Q2)",
      "revenue": 119059000,
      "gross_profit": 73919000,
      "operating_income": -92058000,
      "net_income": -139150000,
      "opex": 165977000,
      "cogs": 45140000,
      "rd": 3771000,
      "sga": 80858000,
      "fcf": -1070000,
      "ocf": 2490000,
      "capex": -3560000,
      "gross_margin": 0.6208602457605052,
      "op_margin": -0.7732132808103546,
      "fcf_margin": -0.008987140829336715,
      "incr_op_margin_yoy": -39.91407574901074,
      "rev_growth_yoy": 0.015082274703725808,
      "rev_growth_yoy_accel": 0.050201203653071735,
      "fcf_margin_change": -0.09167544446746313
    },
    {
      "date": "2023-07-01T00:00:00",
      "quarter_label": "2023-07 (Q3)",
      "revenue": 137069000,
      "gross_profit": 89123000,
      "operating_income": 6750000,
      "net_income": -3681000,
      "opex": 82373000,
      "cogs": 47946000,
      "rd": 3398000,
      "sga": 74844000,
      "fcf": 9398000,
      "ocf": 10795000,
      "capex": -1397000,
      "gross_margin": 0.6502053710175167,
      "op_margin": 0.049245270630120595,
      "fcf_margin": 0.06856400790842568,
      "incr_op_margin_yoy": -3.0833844267320663,
      "rev_growth_yoy": -0.02324504207908445,
      "rev_growth_yoy_accel": -0.03832731678281026,
      "op_leverage_ratio": Infinity,
      "fcf_margin_change": 0.0775511487377624
    },
    {
      "date": "2023-09-30T00:00:00",
      "quarter_label": "2023-09 (Q3)",
      "revenue": 120794000,
      "gross_profit": 78850000,
      "operating_income": 2418000,
      "net_income": -7303000,
      "opex": 76432000,
      "cogs": 41944000,
      "rd": 3015000,
      "sga": 69820000,
      "fcf": -10351000,
      "ocf": -8315000,
      "capex": -2036000,
      "gross_margin": 0.6527642101428879,
      "op_margin": 0.020017550540589766,
      "fcf_margin": -0.08569134228521284,
      "incr_op_margin_yoy": -25.835409252669038,
      "rev_growth_yoy": -0.06115247703284575,
      "rev_growth_yoy_accel": -0.037907434953761296,
      "fcf_margin_change": -0.1542553501936385
    },
    {
      "date": "2023-12-31T00:00:00",
      "quarter_label": "2023-12 (Q4)",
      "revenue": 135423000,
      "gross_profit": 86301000,
      "operating_income": 1165000,
      "net_income": -6096000,
      "opex": 85136000,
      "cogs": 49122000,
      "rd": 3262000,
      "sga": 78357000,
      "fcf": 10005000,
      "ocf": 10374000,
      "capex": -369000,
      "gross_margin": 0.6372698876852528,
      "op_margin": 0.008602674582604136,
      "fcf_margin": 0.07387962163000376,
      "incr_op_margin_yoy": 2.77401188862238,
      "rev_growth_yoy": 0.07620356978241175,
      "rev_growth_yoy_accel": 0.13735604681525748,
      "op_leverage_ratio": 1.0634709194993128,
      "fcf_margin_change": 0.1595709639152166
    },
    {
      "date": "2024-03-30T00:00:00",
      "quarter_label": "2024-03 (Q1)",
      "revenue": 129457000,
      "gross_profit": 88380000,
      "operating_income": 5327000,
      "net_income": -4570000,
      "opex": 83053000,
      "cogs": 41077000,
      "rd": 2597000,
      "sga": 78406000,
      "fcf": -6296000,
      "ocf": -6005000,
      "capex": -291000,
      "gross_margin": 0.6826977297481017,
      "op_margin": 0.041148798442726155,
      "fcf_margin": -0.04863390932896638,
      "incr_op_margin_yoy": 9.365743412194654,
      "rev_growth_yoy": 0.08733485078826464,
      "rev_growth_yoy_accel": 0.011131281005852894,
      "fcf_margin_change": -0.12251353095897013
    },
    {
      "date": "2024-06-29T00:00:00",
      "quarter_label": "2024-06 (Q2)",
      "revenue": 151217000,
      "gross_profit": 103639000,
      "operating_income": -29368000,
      "net_income": -23992000,
      "opex": 133007000,
      "cogs": 47578000,
      "rd": 3988000,
      "sga": 94785000,
      "fcf": 15085000,
      "ocf": 15162000,
      "capex": -77000,
      "gross_margin": 0.6853660633394394,
      "op_margin": -0.19421096834350635,
      "fcf_margin": 0.09975730241970149,
      "incr_op_margin_yoy": -2.5528696635566863,
      "rev_growth_yoy": 0.10321808724073277,
      "rev_growth_yoy_accel": 0.015883236452468127,
      "op_leverage_ratio": 0.27945919736567587,
      "fcf_margin_change": 0.14839121174866787
    },
    {
      "date": "2024-09-28T00:00:00",
      "quarter_label": "2024-09 (Q3)",
      "revenue": 138964000,
      "gross_profit": 93551000,
      "operating_income": 4074000,
      "net_income": -4824000,
      "opex": 89477000,
      "cogs": 45413000,
      "rd": 3808000,
      "sga": 81090000,
      "fcf": 10252000,
      "ocf": 10316000,
      "capex": -64000,
      "gross_margin": 0.6732031317463516,
      "op_margin": 0.02931694539592988,
      "fcf_margin": 0.07377450274891338,
      "incr_op_margin_yoy": 0.09113924050632911,
      "rev_growth_yoy": 0.15042137854529197,
      "rev_growth_yoy_accel": 0.047203291304559206,
      "fcf_margin_change": -0.025982799670788106
    },
    {
      "date": "2024-12-31T00:00:00",
      "quarter_label": "2024-12 (Q4)",
      "revenue": 153642000,
      "gross_profit": 102656000,
      "operating_income": 7988000,
      "net_income": -156000,
      "opex": 94668000,
      "cogs": 50986000,
      "rd": 3246000,
      "sga": 86613000,
      "fcf": 18748000,
      "ocf": 19322000,
      "capex": -574000,
      "gross_margin": 0.6681506358938312,
      "op_margin": 0.05199099204644563,
      "fcf_margin": 0.12202392574946955,
      "incr_op_margin_yoy": 0.3744991492398046,
      "rev_growth_yoy": 0.13453401563988393,
      "rev_growth_yoy_accel": -0.015887362905408042,
      "op_leverage_ratio": 1.820643699335675,
      "fcf_margin_change": 0.048249423000556166
    },
    {
      "date": "2025-03-29T00:00:00",
      "quarter_label": "2025-03 (Q1)",
      "revenue": 123876000,
      "gross_profit": 83056000,
      "operating_income": 4869000,
      "net_income": -2637000,
      "opex": 78187000,
      "cogs": 40820000,
      "rd": 3011000,
      "sga": 73502000,
      "fcf": -20157000,
      "ocf": -19331000,
      "capex": -826000,
      "gross_margin": 0.6704769285414447,
      "op_margin": 0.03930543446672479,
      "fcf_margin": -0.16271917078368692,
      "incr_op_margin_yoy": 0.08206414621035657,
      "rev_growth_yoy": -0.04311083989278293,
      "rev_growth_yoy_accel": -0.17764485553266685,
      "fcf_margin_change": -0.28474309653315644
    },
    {
      "date": "2025-06-28T00:00:00",
      "quarter_label": "2025-06 (Q2)",
      "revenue": 147660000,
      "gross_profit": 102090000,
      "operating_income": 18368000,
      "net_income": 7459000,
      "opex": 83722000,
      "cogs": 45570000,
      "rd": 3172000,
      "sga": 79110000,
      "fcf": 25255000,
      "ocf": 25938000,
      "capex": -683000,
      "gross_margin": 0.6913856156034133,
      "op_margin": 0.12439387782744142,
      "fcf_margin": 0.17103480969795476,
      "incr_op_margin_yoy": -13.420298003935901,
      "rev_growth_yoy": -0.023522487551002863,
      "rev_growth_yoy_accel": 0.019588352341780066,
      "op_leverage_ratio": 2.7121558834820485,
      "fcf_margin_change": 0.3337539804816417
    },
    {
      "date": "2025-09-27T00:00:00",
      "quarter_label": "2025-09 (Q3)",
      "revenue": 138651000,
      "gross_profit": 94229000,
      "operating_income": 11252000,
      "net_income": 3155000,
      "opex": 82977000,
      "cogs": 44422000,
      "rd": 2923000,
      "sga": 78657000,
      "fcf": 29625000,
      "ocf": 30098000,
      "capex": -473000,
      "gross_margin": 0.6796128408738488,
      "op_margin": 0.0811533995427368,
      "fcf_margin": 0.21366596706839475,
      "rev_growth_yoy": -0.002252381911862065,
      "rev_growth_yoy_accel": 0.021270105639140797,
      "fcf_margin_change": 0.04263115737043999
    }
  ],
  "signals": [
    {
      "quarter": "2025-06 (Q2)",
      "signal": "FCF TURNED POSITIVE",
      "detail": "FCF margin: -16.3% -> +17.1%",
      "severity": "HIGH"
    },
    {
      "quarter": "2025-06 (Q2)",
      "signal": "OPERATING LEVERAGE",
      "detail": "Rev growth +19.2% vs OpEx growth +7.1% (leverage: 2.7x)",
      "severity": "MEDIUM"
    },
    {
      "quarter": "2025-06 (Q2)",
      "signal": "OP MARGIN TURNED POSITIVE (YoY)",
      "detail": "Op margin: -19.4% (year-ago) -> +12.4%",
      "severity": "HIGH"
    },
    {
      "quarter": "2025-03 (Q1)",
      "signal": "YoY REVENUE GROWTH DECELERATION",
      "detail": "YoY growth: -4.3% vs prior quarter YoY: +13.5% (decel: -17.8%)",
      "severity": "WARNING"
    },
    {
      "quarter": "2024-12 (Q4)",
      "signal": "OPERATING LEVERAGE",
      "detail": "Rev growth +10.6% vs OpEx growth +5.8% (leverage: 1.8x)",
      "severity": "MEDIUM"
    },
    {
      "quarter": "2024-12 (Q4)",
      "signal": "INCREMENTAL MARGIN (YoY)",
      "detail": "YoY Incr OPM: +37.4% vs year-ago OPM: +0.9%",
      "severity": "HIGH"
    },
    {
      "quarter": "2024-09 (Q3)",
      "signal": "OP MARGIN TURNED POSITIVE (QoQ)",
      "detail": "Op margin: -19.4% -> +2.9%",
      "severity": "HIGH"
    },
    {
      "quarter": "2024-06 (Q2)",
      "signal": "FCF TURNED POSITIVE",
      "detail": "FCF margin: -4.9% -> +10.0%",
      "severity": "HIGH"
    },
    {
      "quarter": "2024-03 (Q1)",
      "signal": "GROSS MARGIN INFLECTION",
      "detail": "GM: +65.3% -> +63.7% -> +68.3% (reversal +4.5%)",
      "severity": "MEDIUM"
    },
    {
      "quarter": "2024-03 (Q1)",
      "signal": "OP MARGIN TURNED POSITIVE (YoY)",
      "detail": "Op margin: -77.3% (year-ago) -> +4.1%",
      "severity": "HIGH"
    },
    {
      "quarter": "2023-12 (Q4)",
      "signal": "FCF TURNED POSITIVE",
      "detail": "FCF margin: -8.6% -> +7.4%",
      "severity": "HIGH"
    },
    {
      "quarter": "2023-12 (Q4)",
      "signal": "YoY REVENUE GROWTH ACCELERATION",
      "detail": "YoY growth: +7.6% vs prior quarter YoY: -6.1% (accel: +13.7%)",
      "severity": "MEDIUM"
    },
    {
      "quarter": "2023-12 (Q4)",
      "signal": "OP MARGIN TURNED POSITIVE (YoY)",
      "detail": "Op margin: -20.2% (year-ago) -> +0.9%",
      "severity": "HIGH"
    },
    {
      "quarter": "2023-09 (Q3)",
      "signal": "OP MARGIN TURNED POSITIVE (YoY)",
      "detail": "Op margin: -156.1% (year-ago) -> +2.0%",
      "severity": "HIGH"
    },
    {
      "quarter": "2023-07 (Q3)",
      "signal": "FCF TURNED POSITIVE",
      "detail": "FCF margin: -0.9% -> +6.9%",
      "severity": "HIGH"
    },
    {
      "quarter": "2023-07 (Q3)",
      "signal": "OP MARGIN TURNED POSITIVE (YoY)",
      "detail": "Op margin: -2.4% (year-ago) -> +4.9%",
      "severity": "HIGH"
    },
    {
      "quarter": "2023-07 (Q3)",
      "signal": "OP MARGIN TURNED POSITIVE (QoQ)",
      "detail": "Op margin: -77.3% -> +4.9%",
      "severity": "HIGH"
    },
    {
      "quarter": "2023-04 (Q2)",
      "signal": "GROSS MARGIN INFLECTION",
      "detail": "GM: +65.7% -> +59.0% -> +62.1% (reversal +3.1%)",
      "severity": "MEDIUM"
    },
    {
      "quarter": "2023-04 (Q2)",
      "signal": "YoY REVENUE GROWTH ACCELERATION",
      "detail": "YoY growth: +1.5% vs prior quarter YoY: -3.5% (accel: +5.0%)",
      "severity": "MEDIUM"
    },
    {
      "quarter": "2022-12 (Q4)",
      "signal": "FCF TURNED POSITIVE",
      "detail": "FCF margin: -1.8% -> +8.3%",
      "severity": "HIGH"
    },
    {
      "quarter": "2022-12 (Q4)",
      "signal": "YoY REVENUE GROWTH DECELERATION",
      "detail": "YoY growth: -3.5% vs prior quarter YoY: +18.2% (decel: -21.7%)",
      "severity": "WARNING"
    },
    {
      "quarter": "2022-10 (Q4)",
      "signal": "YoY REVENUE GROWTH DECELERATION",
      "detail": "YoY growth: +18.2% vs prior quarter YoY: +27.8% (decel: -9.6%)",
      "severity": "WARNING"
    },
    {
      "quarter": "2022-07 (Q3)",
      "signal": "FCF TURNED POSITIVE",
      "detail": "FCF margin: -20.4% -> +0.6%",
      "severity": "HIGH"
    },
    {
      "quarter": "2022-07 (Q3)",
      "signal": "OPERATING LEVERAGE",
      "detail": "Rev growth +19.6% vs OpEx growth +2.9% (leverage: 6.8x)",
      "severity": "MEDIUM"
    },
    {
      "quarter": "2022-07 (Q3)",
      "signal": "GROSS MARGIN INFLECTION",
      "detail": "GM: +67.3% -> +64.5% -> +68.9% (reversal +4.3%)",
      "severity": "MEDIUM"
    },
    {
      "quarter": "2022-07 (Q3)",
      "signal": "YoY REVENUE GROWTH DECELERATION",
      "detail": "YoY growth: +27.8% vs prior quarter YoY: +43.4% (decel: -15.6%)",
      "severity": "WARNING"
    },
    {
      "quarter": "2022-04 (Q2)",
      "signal": "YoY REVENUE GROWTH ACCELERATION",
      "detail": "YoY growth: +43.4% vs prior quarter YoY: +32.3% (accel: +11.1%)",
      "severity": "MEDIUM"
    },
    {
      "quarter": "2021-10 (Q4)",
      "signal": "GROSS MARGIN INFLECTION",
      "detail": "GM: +72.8% -> +69.5% -> +72.6% (reversal +3.1%)",
      "severity": "MEDIUM"
    },
    {
      "quarter": "2021-07 (Q3)",
      "signal": "FCF TURNED POSITIVE",
      "detail": "FCF margin: -23.7% -> +14.6%",
      "severity": "HIGH"
    }
  ],
  "data_quality": {
    "n_quarters": 20,
    "coverage": {
      "revenue": [
        20,
        20
      ],
      "gross_profit": [
        20,
        20
      ],
      "op_income": [
        20,
        20
      ],
      "fcf": [
        20,
        20
      ]
    },
    "gaps": [],
    "warnings": []
  },
  "market_cap": null,
  "source": "SEC EDGAR",
  "last_updated": "2026-02-02T22:22:31.779091",
  "sector": "Healthcare",
  "industry": "Medical Devices"
}