{
  "ticker": "BW-PA",
  "name": "BABCOCK & WILCOX ENTERPRISES, INC.",
  "quarters": [
    {
      "date": "2020-12-31T00:00:00",
      "quarter_label": "2020-12 (Q4)",
      "revenue": 149853000,
      "gross_profit": 42079000,
      "operating_income": 2190000,
      "net_income": 4588000,
      "opex": 147663000,
      "cogs": 107774000,
      "rd": 452000,
      "sga": 33870000,
      "fcf": 20534000,
      "ocf": 26490000,
      "capex": -5956000,
      "gross_margin": 0.2808018524820991,
      "op_margin": 0.014614322035594884,
      "fcf_margin": 0.13702762040132663
    },
    {
      "date": "2021-03-31T00:00:00",
      "quarter_label": "2021-03 (Q1)",
      "revenue": 168248000,
      "gross_profit": 36863000,
      "operating_income": -6462000,
      "net_income": -15464000,
      "opex": 174710000,
      "cogs": 131385000,
      "rd": 588000,
      "sga": 40457000,
      "fcf": -55364000,
      "ocf": -53954000,
      "capex": -1410000,
      "gross_margin": 0.2190991869145547,
      "op_margin": -0.03840758879748942,
      "fcf_margin": -0.32906186106224145,
      "op_leverage_ratio": 0.6701730153494004,
      "fcf_margin_change": -0.4660894814635681
    },
    {
      "date": "2021-06-30T00:00:00",
      "quarter_label": "2021-06 (Q2)",
      "revenue": 202860000,
      "gross_profit": 44061000,
      "operating_income": 2784000,
      "net_income": 3126000,
      "opex": 200076000,
      "cogs": 158799000,
      "rd": 609000,
      "sga": 33704000,
      "fcf": -32879000,
      "ocf": -32121000,
      "capex": -758000,
      "gross_margin": 0.21719905353445726,
      "op_margin": 0.013723750369713102,
      "fcf_margin": -0.16207729468599033,
      "op_leverage_ratio": 1.4169109620538793,
      "fcf_margin_change": 0.16698456637625111
    },
    {
      "date": "2021-09-30T00:00:00",
      "quarter_label": "2021-09 (Q3)",
      "revenue": 159960000,
      "gross_profit": 45317000,
      "operating_income": 14761000,
      "net_income": 13643000,
      "opex": 145199000,
      "cogs": 114643000,
      "rd": null,
      "sga": 38206000,
      "fcf": -23804000,
      "ocf": -21759000,
      "capex": -2045000,
      "gross_margin": 0.2833020755188797,
      "op_margin": 0.09227931982995749,
      "fcf_margin": -0.1488122030507627,
      "fcf_margin_change": 0.013265091635227627
    },
    {
      "date": "2021-12-31T00:00:00",
      "quarter_label": "2021-12 (Q4)",
      "revenue": 192295000,
      "gross_profit": 53287000,
      "operating_income": 9738000,
      "net_income": 29589000,
      "opex": 182557000,
      "cogs": 139008000,
      "rd": null,
      "sga": 42530000,
      "fcf": -5828000,
      "ocf": -3362000,
      "capex": -2466000,
      "gross_margin": 0.27711068930549415,
      "op_margin": 0.050640942302191946,
      "fcf_margin": -0.030307600301619907,
      "incr_op_margin_yoy": 0.1778427029828943,
      "rev_growth_yoy": 0.28322422640854705,
      "op_leverage_ratio": 0.7856723645082264,
      "fcf_margin_change": 0.11850460274914279
    },
    {
      "date": "2022-03-31T00:00:00",
      "quarter_label": "2022-03 (Q1)",
      "revenue": 204049000,
      "gross_profit": 40989000,
      "operating_income": -6783000,
      "net_income": -8264000,
      "opex": 210832000,
      "cogs": 163060000,
      "rd": null,
      "sga": 43044000,
      "fcf": -43003000,
      "ocf": -41999000,
      "capex": -1004000,
      "gross_margin": 0.20087822042744635,
      "op_margin": -0.03324201539826218,
      "fcf_margin": -0.21074839866894715,
      "incr_op_margin_yoy": -0.008966229993575598,
      "rev_growth_yoy": 0.21278707622081688,
      "rev_growth_yoy_accel": -0.07043715018773017,
      "op_leverage_ratio": 0.3946513302981445,
      "fcf_margin_change": -0.18044079836732724
    },
    {
      "date": "2022-06-30T00:00:00",
      "quarter_label": "2022-06 (Q2)",
      "revenue": 221019000,
      "gross_profit": 47679000,
      "operating_income": 3668000,
      "net_income": -2567000,
      "opex": 217351000,
      "cogs": 173340000,
      "rd": null,
      "sga": 44951000,
      "fcf": -23309000,
      "ocf": -21592000,
      "capex": -1717000,
      "gross_margin": 0.21572353508069442,
      "op_margin": 0.016595858274627975,
      "fcf_margin": -0.10546152140766178,
      "incr_op_margin_yoy": 0.048681094773941294,
      "rev_growth_yoy": 0.08951493640934635,
      "rev_growth_yoy_accel": -0.12327213981147053,
      "op_leverage_ratio": 2.6896942784642595,
      "fcf_margin_change": 0.10528687726128537
    },
    {
      "date": "2022-09-30T00:00:00",
      "quarter_label": "2022-09 (Q3)",
      "revenue": 214870000,
      "gross_profit": 38785000,
      "operating_income": -10318000,
      "net_income": -17766000,
      "opex": 225188000,
      "cogs": 176085000,
      "rd": null,
      "sga": 39356000,
      "fcf": -10015000,
      "ocf": -3789000,
      "capex": -6226000,
      "gross_margin": 0.1805044910876344,
      "op_margin": -0.04801973286173035,
      "fcf_margin": -0.04660957788430214,
      "incr_op_margin_yoy": -0.4567291932252777,
      "rev_growth_yoy": 0.3432733183295824,
      "rev_growth_yoy_accel": 0.25375838192023603,
      "fcf_margin_change": 0.058851943523359644
    },
    {
      "date": "2022-12-31T00:00:00",
      "quarter_label": "2022-12 (Q4)",
      "revenue": 249877000,
      "gross_profit": 58170000,
      "operating_income": 9252000,
      "net_income": 5736000,
      "opex": 240625000,
      "cogs": 191707000,
      "rd": null,
      "sga": 51168000,
      "fcf": 32452000,
      "ocf": 36743000,
      "capex": -4291000,
      "gross_margin": 0.2327945349111763,
      "op_margin": 0.037026216898714166,
      "fcf_margin": 0.12987189697331086,
      "incr_op_margin_yoy": -0.008440137542982182,
      "rev_growth_yoy": 0.2994461634467875,
      "rev_growth_yoy_accel": -0.04382715488279493,
      "op_leverage_ratio": 2.376629318409704,
      "fcf_margin_change": 0.176481474857613
    },
    {
      "date": "2023-03-31T00:00:00",
      "quarter_label": "2023-03 (Q1)",
      "revenue": 257247000,
      "gross_profit": 53476000,
      "operating_income": 1361000,
      "net_income": -12496000,
      "opex": 255886000,
      "cogs": 203771000,
      "rd": null,
      "sga": 51945000,
      "fcf": -15089000,
      "ocf": -12881000,
      "capex": -2208000,
      "gross_margin": 0.20787803161941637,
      "op_margin": 0.005290635070574195,
      "fcf_margin": -0.05865568889044381,
      "incr_op_margin_yoy": 0.1530884619722546,
      "rev_growth_yoy": 0.26071188783086413,
      "rev_growth_yoy_accel": -0.03873427561592335,
      "op_leverage_ratio": 0.4650492616117211,
      "fcf_margin_change": -0.18852758586375468
    },
    {
      "date": "2023-06-30T00:00:00",
      "quarter_label": "2023-06 (Q2)",
      "revenue": 305187000,
      "gross_profit": 60976000,
      "operating_income": 6978000,
      "net_income": -5088000,
      "opex": 298209000,
      "cogs": 244211000,
      "rd": null,
      "sga": 52088000,
      "fcf": -12756000,
      "ocf": -9370000,
      "capex": -3386000,
      "gross_margin": 0.19979881187599735,
      "op_margin": 0.022864669858152543,
      "fcf_margin": -0.041797324263484356,
      "incr_op_margin_yoy": 0.039326109685391124,
      "rev_growth_yoy": 0.3808179387292495,
      "rev_growth_yoy_accel": 0.12010605089838539,
      "op_leverage_ratio": 1.1267246403779665,
      "fcf_margin_change": 0.016858364626959457
    },
    {
      "date": "2023-09-30T00:00:00",
      "quarter_label": "2023-09 (Q3)",
      "revenue": 239414000,
      "gross_profit": 53380000,
      "operating_income": 5543000,
      "net_income": -116884000,
      "opex": 233871000,
      "cogs": 186034000,
      "rd": null,
      "sga": 45018000,
      "fcf": -33174000,
      "ocf": -28222000,
      "capex": -4952000,
      "gross_margin": 0.2229610632628,
      "op_margin": 0.023152363688004877,
      "fcf_margin": -0.13856332545298103,
      "incr_op_margin_yoy": 0.6462271838331161,
      "rev_growth_yoy": 0.1142272071485084,
      "rev_growth_yoy_accel": -0.2665907315807411,
      "fcf_margin_change": -0.09676600118949667
    },
    {
      "date": "2023-12-31T00:00:00",
      "quarter_label": "2023-12 (Q4)",
      "revenue": 227167000,
      "gross_profit": 55615000,
      "operating_income": 669000,
      "net_income": -62740000,
      "opex": 226498000,
      "cogs": 171552000,
      "rd": null,
      "sga": 45821000,
      "fcf": 8949000,
      "ocf": 8203000,
      "capex": 746000,
      "gross_margin": 0.24481989021292705,
      "op_margin": 0.0029449700000440207,
      "fcf_margin": 0.03939392605440051,
      "incr_op_margin_yoy": 0.37793923381770145,
      "rev_growth_yoy": -0.09088471527991772,
      "rev_growth_yoy_accel": -0.20511192242842613,
      "fcf_margin_change": 0.17795725150738154
    },
    {
      "date": "2024-03-31T00:00:00",
      "quarter_label": "2024-03 (Q1)",
      "revenue": 207556000,
      "gross_profit": 48481000,
      "operating_income": 4329000,
      "net_income": -16833000,
      "opex": 203227000,
      "cogs": 159075000,
      "rd": null,
      "sga": 41438000,
      "fcf": -18332000,
      "ocf": -14938000,
      "capex": -3394000,
      "gross_margin": 0.2335803349457496,
      "op_margin": 0.020857021719439574,
      "fcf_margin": -0.08832315134228835,
      "incr_op_margin_yoy": -0.05972912599867179,
      "rev_growth_yoy": -0.19316454613659245,
      "rev_growth_yoy_accel": -0.10227983085667473,
      "fcf_margin_change": -0.12771707739668886
    },
    {
      "date": "2024-06-30T00:00:00",
      "quarter_label": "2024-06 (Q2)",
      "revenue": 233642000,
      "gross_profit": 54490000,
      "operating_income": 42199000,
      "net_income": 25315000,
      "opex": 191443000,
      "cogs": 179152000,
      "rd": null,
      "sga": 50525000,
      "fcf": -16383000,
      "ocf": -11807000,
      "capex": -4576000,
      "gross_margin": 0.23322005461346848,
      "op_margin": 0.18061393071451196,
      "fcf_margin": -0.07012009827000283,
      "incr_op_margin_yoy": -0.4922915647494584,
      "rev_growth_yoy": -0.2344300379767159,
      "rev_growth_yoy_accel": -0.04126549184012346,
      "op_leverage_ratio": Infinity,
      "fcf_margin_change": 0.01820305307228552
    },
    {
      "date": "2024-09-30T00:00:00",
      "quarter_label": "2024-09 (Q3)",
      "revenue": 209859000,
      "gross_profit": 49821000,
      "operating_income": -1474000,
      "net_income": -5332000,
      "opex": 211333000,
      "cogs": 160038000,
      "rd": null,
      "sga": 43116000,
      "fcf": -71627000,
      "ocf": -69470000,
      "capex": -2157000,
      "gross_margin": 0.23740225580032306,
      "op_margin": -0.007023763574590558,
      "fcf_margin": -0.3413101177457245,
      "incr_op_margin_yoy": 0.23742175604804602,
      "rev_growth_yoy": -0.12344725036965257,
      "rev_growth_yoy_accel": 0.11098278760706334,
      "fcf_margin_change": -0.2711900194757217
    },
    {
      "date": "2024-12-31T00:00:00",
      "quarter_label": "2024-12 (Q4)",
      "revenue": 66276000,
      "gross_profit": 24233000,
      "operating_income": -19970000,
      "net_income": -63065000,
      "opex": 86246000,
      "cogs": 42043000,
      "rd": null,
      "sga": 6397000,
      "fcf": -23598000,
      "ocf": -22520000,
      "capex": -1078000,
      "gross_margin": 0.36563763655018405,
      "op_margin": -0.3013157100609572,
      "fcf_margin": -0.3560564910374796,
      "incr_op_margin_yoy": 0.12827939412397213,
      "rev_growth_yoy": -0.7082498778431726,
      "rev_growth_yoy_accel": -0.5848026274735201,
      "fcf_margin_change": -0.0147463732917551
    },
    {
      "date": "2025-03-31T00:00:00",
      "quarter_label": "2025-03 (Q1)",
      "revenue": 181194000,
      "gross_profit": 40061000,
      "operating_income": 5850000,
      "net_income": -22007000,
      "opex": 175344000,
      "cogs": 141133000,
      "rd": null,
      "sga": 32727000,
      "fcf": -12805000,
      "ocf": -8477000,
      "capex": -4328000,
      "gross_margin": 0.2210945174785037,
      "op_margin": 0.032285837279380114,
      "fcf_margin": -0.0706701104893098,
      "incr_op_margin_yoy": -0.05769668462180411,
      "rev_growth_yoy": -0.12701150532868238,
      "rev_growth_yoy_accel": 0.5812383725144903,
      "op_leverage_ratio": 1.6784282337289846,
      "fcf_margin_change": 0.2853863805481698
    },
    {
      "date": "2025-06-30T00:00:00",
      "quarter_label": "2025-06 (Q2)",
      "revenue": 144054000,
      "gross_profit": 43242000,
      "operating_income": 8128000,
      "net_income": -58492000,
      "opex": 135926000,
      "cogs": 100812000,
      "rd": null,
      "sga": 34008000,
      "fcf": -28058000,
      "ocf": -25310000,
      "capex": -2748000,
      "gross_margin": 0.3001790995043525,
      "op_margin": 0.05642328571230233,
      "fcf_margin": -0.19477418190400822,
      "incr_op_margin_yoy": 0.38030763048622584,
      "rev_growth_yoy": -0.3834413333219199,
      "rev_growth_yoy_accel": -0.2564298279932375,
      "fcf_margin_change": -0.12410407141469842
    },
    {
      "date": "2025-09-30T00:00:00",
      "quarter_label": "2025-09 (Q3)",
      "revenue": 149011000,
      "gross_profit": 37142000,
      "operating_income": 6500000,
      "net_income": 35092000,
      "opex": 142511000,
      "cogs": 111869000,
      "rd": null,
      "sga": 29782000,
      "fcf": -37631000,
      "ocf": -32113000,
      "capex": -5518000,
      "gross_margin": 0.24925676627899954,
      "op_margin": 0.04362094073591882,
      "fcf_margin": -0.2525384032051325,
      "incr_op_margin_yoy": -0.13104785695503549,
      "rev_growth_yoy": -0.28994705969246015,
      "rev_growth_yoy_accel": 0.09349427362945972,
      "op_leverage_ratio": 0.7102976116513465,
      "fcf_margin_change": -0.05776422130112427
    }
  ],
  "signals": [
    {
      "quarter": "2025-09 (Q3)",
      "signal": "YoY REVENUE GROWTH ACCELERATION",
      "detail": "YoY growth: -29.0% vs prior quarter YoY: -38.3% (accel: +9.3%)",
      "severity": "MEDIUM"
    },
    {
      "quarter": "2025-09 (Q3)",
      "signal": "OP MARGIN TURNED POSITIVE (YoY)",
      "detail": "Op margin: -0.7% (year-ago) -> +4.4%",
      "severity": "HIGH"
    },
    {
      "quarter": "2025-06 (Q2)",
      "signal": "GROSS MARGIN INFLECTION",
      "detail": "GM: +36.6% -> +22.1% -> +30.0% (reversal +7.9%)",
      "severity": "HIGH"
    },
    {
      "quarter": "2025-06 (Q2)",
      "signal": "YoY REVENUE GROWTH DECELERATION",
      "detail": "YoY growth: -38.3% vs prior quarter YoY: -12.7% (decel: -25.6%)",
      "severity": "WARNING"
    },
    {
      "quarter": "2025-06 (Q2)",
      "signal": "INCREMENTAL MARGIN (YoY)",
      "detail": "YoY Incr OPM: +38.0% vs year-ago OPM: +18.1%",
      "severity": "MEDIUM"
    },
    {
      "quarter": "2025-03 (Q1)",
      "signal": "FCF MARGIN EXPANSION",
      "detail": "FCF margin: -35.6% -> -7.1% (+28.5%)",
      "severity": "MEDIUM"
    },
    {
      "quarter": "2025-03 (Q1)",
      "signal": "OPERATING LEVERAGE",
      "detail": "Rev growth +173.4% vs OpEx growth +103.3% (leverage: 1.7x)",
      "severity": "MEDIUM"
    },
    {
      "quarter": "2025-03 (Q1)",
      "signal": "YoY REVENUE GROWTH ACCELERATION",
      "detail": "YoY growth: -12.7% vs prior quarter YoY: -70.8% (accel: +58.1%)",
      "severity": "HIGH"
    },
    {
      "quarter": "2025-03 (Q1)",
      "signal": "OP MARGIN TURNED POSITIVE (QoQ)",
      "detail": "Op margin: -30.1% -> +3.2%",
      "severity": "HIGH"
    },
    {
      "quarter": "2024-12 (Q4)",
      "signal": "YoY REVENUE GROWTH DECELERATION",
      "detail": "YoY growth: -70.8% vs prior quarter YoY: -12.3% (decel: -58.5%)",
      "severity": "WARNING"
    },
    {
      "quarter": "2024-09 (Q3)",
      "signal": "YoY REVENUE GROWTH ACCELERATION",
      "detail": "YoY growth: -12.3% vs prior quarter YoY: -23.4% (accel: +11.1%)",
      "severity": "MEDIUM"
    },
    {
      "quarter": "2024-03 (Q1)",
      "signal": "YoY REVENUE GROWTH DECELERATION",
      "detail": "YoY growth: -19.3% vs prior quarter YoY: -9.1% (decel: -10.2%)",
      "severity": "WARNING"
    },
    {
      "quarter": "2023-12 (Q4)",
      "signal": "FCF TURNED POSITIVE",
      "detail": "FCF margin: -13.9% -> +3.9%",
      "severity": "HIGH"
    },
    {
      "quarter": "2023-12 (Q4)",
      "signal": "YoY REVENUE GROWTH DECELERATION",
      "detail": "YoY growth: -9.1% vs prior quarter YoY: +11.4% (decel: -20.5%)",
      "severity": "WARNING"
    },
    {
      "quarter": "2023-12 (Q4)",
      "signal": "INCREMENTAL MARGIN (YoY)",
      "detail": "YoY Incr OPM: +37.8% vs year-ago OPM: +3.7%",
      "severity": "HIGH"
    },
    {
      "quarter": "2023-09 (Q3)",
      "signal": "GROSS MARGIN INFLECTION",
      "detail": "GM: +20.8% -> +20.0% -> +22.3% (reversal +2.3%)",
      "severity": "MEDIUM"
    },
    {
      "quarter": "2023-09 (Q3)",
      "signal": "YoY REVENUE GROWTH DECELERATION",
      "detail": "YoY growth: +11.4% vs prior quarter YoY: +38.1% (decel: -26.7%)",
      "severity": "WARNING"
    },
    {
      "quarter": "2023-09 (Q3)",
      "signal": "OP MARGIN TURNED POSITIVE (YoY)",
      "detail": "Op margin: -4.8% (year-ago) -> +2.3%",
      "severity": "HIGH"
    },
    {
      "quarter": "2023-06 (Q2)",
      "signal": "YoY REVENUE GROWTH ACCELERATION",
      "detail": "YoY growth: +38.1% vs prior quarter YoY: +26.1% (accel: +12.0%)",
      "severity": "MEDIUM"
    },
    {
      "quarter": "2023-03 (Q1)",
      "signal": "OP MARGIN TURNED POSITIVE (YoY)",
      "detail": "Op margin: -3.3% (year-ago) -> +0.5%",
      "severity": "HIGH"
    },
    {
      "quarter": "2022-12 (Q4)",
      "signal": "FCF TURNED POSITIVE",
      "detail": "FCF margin: -4.7% -> +13.0%",
      "severity": "HIGH"
    },
    {
      "quarter": "2022-12 (Q4)",
      "signal": "OPERATING LEVERAGE",
      "detail": "Rev growth +16.3% vs OpEx growth +6.9% (leverage: 2.4x)",
      "severity": "MEDIUM"
    },
    {
      "quarter": "2022-12 (Q4)",
      "signal": "GROSS MARGIN INFLECTION",
      "detail": "GM: +21.6% -> +18.1% -> +23.3% (reversal +5.2%)",
      "severity": "HIGH"
    },
    {
      "quarter": "2022-12 (Q4)",
      "signal": "OP MARGIN TURNED POSITIVE (QoQ)",
      "detail": "Op margin: -4.8% -> +3.7%",
      "severity": "HIGH"
    },
    {
      "quarter": "2022-09 (Q3)",
      "signal": "FCF MARGIN EXPANSION",
      "detail": "FCF margin: -10.5% -> -4.7% (+5.9%)",
      "severity": "MEDIUM"
    },
    {
      "quarter": "2022-09 (Q3)",
      "signal": "YoY REVENUE GROWTH ACCELERATION",
      "detail": "YoY growth: +34.3% vs prior quarter YoY: +9.0% (accel: +25.4%)",
      "severity": "HIGH"
    },
    {
      "quarter": "2022-06 (Q2)",
      "signal": "FCF MARGIN EXPANSION",
      "detail": "FCF margin: -21.1% -> -10.5% (+10.5%)",
      "severity": "MEDIUM"
    },
    {
      "quarter": "2022-06 (Q2)",
      "signal": "OPERATING LEVERAGE",
      "detail": "Rev growth +8.3% vs OpEx growth +3.1% (leverage: 2.7x)",
      "severity": "MEDIUM"
    },
    {
      "quarter": "2022-06 (Q2)",
      "signal": "YoY REVENUE GROWTH DECELERATION",
      "detail": "YoY growth: +9.0% vs prior quarter YoY: +21.3% (decel: -12.3%)",
      "severity": "WARNING"
    },
    {
      "quarter": "2022-06 (Q2)",
      "signal": "OP MARGIN TURNED POSITIVE (QoQ)",
      "detail": "Op margin: -3.3% -> +1.7%",
      "severity": "HIGH"
    },
    {
      "quarter": "2022-03 (Q1)",
      "signal": "YoY REVENUE GROWTH DECELERATION",
      "detail": "YoY growth: +21.3% vs prior quarter YoY: +28.3% (decel: -7.0%)",
      "severity": "WARNING"
    },
    {
      "quarter": "2021-12 (Q4)",
      "signal": "FCF MARGIN EXPANSION",
      "detail": "FCF margin: -14.9% -> -3.0% (+11.9%)",
      "severity": "MEDIUM"
    },
    {
      "quarter": "2021-12 (Q4)",
      "signal": "INCREMENTAL MARGIN (YoY)",
      "detail": "YoY Incr OPM: +17.8% vs year-ago OPM: +1.5%",
      "severity": "MEDIUM"
    },
    {
      "quarter": "2021-09 (Q3)",
      "signal": "GROSS MARGIN INFLECTION",
      "detail": "GM: +21.9% -> +21.7% -> +28.3% (reversal +6.6%)",
      "severity": "HIGH"
    },
    {
      "quarter": "2021-06 (Q2)",
      "signal": "FCF MARGIN EXPANSION",
      "detail": "FCF margin: -32.9% -> -16.2% (+16.7%)",
      "severity": "MEDIUM"
    },
    {
      "quarter": "2021-06 (Q2)",
      "signal": "OP MARGIN TURNED POSITIVE (QoQ)",
      "detail": "Op margin: -3.8% -> +1.4%",
      "severity": "HIGH"
    }
  ],
  "data_quality": {
    "n_quarters": 20,
    "coverage": {
      "revenue": [
        20,
        20
      ],
      "gross_profit": [
        20,
        20
      ],
      "op_income": [
        20,
        20
      ],
      "fcf": [
        20,
        20
      ]
    },
    "gaps": [],
    "warnings": []
  },
  "market_cap": null,
  "source": "SEC EDGAR",
  "last_updated": "2026-02-03T01:10:35.170280"
}