{
  "ticker": "BWEN",
  "name": "BROADWIND, INC.",
  "quarters": [
    {
      "date": "2020-12-31T00:00:00",
      "quarter_label": "2020-12 (Q4)",
      "revenue": 40322000,
      "gross_profit": 2674000,
      "operating_income": -1818000,
      "net_income": -1967000,
      "opex": 4492000,
      "cogs": null,
      "rd": null,
      "sga": 4309000,
      "fcf": 7855000,
      "ocf": 7805000,
      "capex": 50000,
      "gross_margin": 0.06631615495263132,
      "op_margin": -0.04508704925350925,
      "fcf_margin": 0.19480680521799515
    },
    {
      "date": "2021-03-31T00:00:00",
      "quarter_label": "2021-03 (Q1)",
      "revenue": 32728000,
      "gross_profit": 282000,
      "operating_income": -4311000,
      "net_income": -1210000,
      "opex": 4593000,
      "cogs": null,
      "rd": null,
      "sga": 4410000,
      "fcf": -9049000,
      "ocf": -8437000,
      "capex": -612000,
      "gross_margin": 0.008616475189440235,
      "op_margin": -0.13172207284282572,
      "fcf_margin": -0.276491077976045,
      "fcf_margin_change": -0.47129788319404015
    },
    {
      "date": "2021-06-30T00:00:00",
      "quarter_label": "2021-06 (Q2)",
      "revenue": 46491000,
      "gross_profit": 2198000,
      "operating_income": -2311000,
      "net_income": 10252000,
      "opex": 4509000,
      "cogs": null,
      "rd": null,
      "sga": 4325000,
      "fcf": -1703000,
      "ocf": -1550000,
      "capex": -153000,
      "gross_margin": 0.04727796777870986,
      "op_margin": -0.049708545740035706,
      "fcf_margin": -0.0366307457357338,
      "op_leverage_ratio": Infinity,
      "fcf_margin_change": 0.2398603322403112
    },
    {
      "date": "2021-09-30T00:00:00",
      "quarter_label": "2021-09 (Q3)",
      "revenue": 40389000,
      "gross_profit": 2074000,
      "operating_income": -1997000,
      "net_income": -2105000,
      "opex": 4071000,
      "cogs": null,
      "rd": null,
      "sga": 3888000,
      "fcf": -1440000,
      "ocf": -836000,
      "capex": -604000,
      "gross_margin": 0.051350615266532965,
      "op_margin": -0.04944415558691723,
      "fcf_margin": -0.03565327193047612,
      "fcf_margin_change": 0.0009774738052576795
    },
    {
      "date": "2021-12-31T00:00:00",
      "quarter_label": "2021-12 (Q4)",
      "revenue": 26011000,
      "gross_profit": 957000,
      "operating_income": -3975000,
      "net_income": -4090000,
      "opex": 4932000,
      "cogs": null,
      "rd": null,
      "sga": 4749000,
      "fcf": -2341000,
      "ocf": -2003000,
      "capex": -338000,
      "gross_margin": 0.03679212640805813,
      "op_margin": -0.15281996078582138,
      "fcf_margin": -0.09000038445273154,
      "incr_op_margin_yoy": 0.15072321990077564,
      "rev_growth_yoy": -0.3549179108179158,
      "fcf_margin_change": -0.054347112522255416
    },
    {
      "date": "2022-03-31T00:00:00",
      "quarter_label": "2022-03 (Q1)",
      "revenue": 41844000,
      "gross_profit": 2012000,
      "operating_income": -2073000,
      "net_income": -2404000,
      "opex": 4085000,
      "cogs": null,
      "rd": null,
      "sga": 3902000,
      "fcf": -6497000,
      "ocf": -6005000,
      "capex": -492000,
      "gross_margin": 0.048083357231622215,
      "op_margin": -0.04954115285345569,
      "fcf_margin": -0.15526718286970653,
      "incr_op_margin_yoy": 0.24550241333918385,
      "rev_growth_yoy": 0.278538254705451,
      "rev_growth_yoy_accel": 0.6334561655233668,
      "op_leverage_ratio": Infinity,
      "fcf_margin_change": -0.065266798416975
    },
    {
      "date": "2022-06-30T00:00:00",
      "quarter_label": "2022-06 (Q2)",
      "revenue": 50012000,
      "gross_profit": 2394000,
      "operating_income": -1912000,
      "net_income": -2703000,
      "opex": 4306000,
      "cogs": null,
      "rd": null,
      "sga": 4122000,
      "fcf": -3464000,
      "ocf": -2259000,
      "capex": -1205000,
      "gross_margin": 0.04786851155722627,
      "op_margin": -0.038230824602095495,
      "fcf_margin": -0.06926337678957051,
      "incr_op_margin_yoy": 0.11332007952286283,
      "rev_growth_yoy": 0.07573508851175496,
      "rev_growth_yoy_accel": -0.20280316619369604,
      "op_leverage_ratio": 3.608131214366137,
      "fcf_margin_change": 0.08600380608013602
    },
    {
      "date": "2022-09-30T00:00:00",
      "quarter_label": "2022-09 (Q3)",
      "revenue": 44843000,
      "gross_profit": 3748000,
      "operating_income": -520000,
      "net_income": -1772000,
      "opex": 4268000,
      "cogs": null,
      "rd": null,
      "sga": 4085000,
      "fcf": -3067000,
      "ocf": -2007000,
      "capex": -1060000,
      "gross_margin": 0.08358049193854113,
      "op_margin": -0.01159601275561403,
      "fcf_margin": -0.06839417523359276,
      "incr_op_margin_yoy": 0.33161203412662776,
      "rev_growth_yoy": 0.1102775508182921,
      "rev_growth_yoy_accel": 0.03454246230653714,
      "fcf_margin_change": 0.00086920155597775
    },
    {
      "date": "2022-12-31T00:00:00",
      "quarter_label": "2022-12 (Q4)",
      "revenue": 40060000,
      "gross_profit": 2556000,
      "operating_income": -2102000,
      "net_income": -2851000,
      "opex": 4658000,
      "cogs": null,
      "rd": null,
      "sga": 4483000,
      "fcf": 26573000,
      "ocf": 26914000,
      "capex": -341000,
      "gross_margin": 0.06380429355966051,
      "op_margin": -0.05247129306040939,
      "fcf_margin": 0.6633300049925113,
      "incr_op_margin_yoy": 0.13331909744465797,
      "rev_growth_yoy": 0.5401176425358503,
      "rev_growth_yoy_accel": 0.42984009171755816,
      "fcf_margin_change": 0.7317241802261041
    },
    {
      "date": "2023-03-31T00:00:00",
      "quarter_label": "2023-03 (Q1)",
      "revenue": 48873000,
      "gross_profit": 6976000,
      "operating_income": 1282000,
      "net_income": 769000,
      "opex": 5694000,
      "cogs": null,
      "rd": null,
      "sga": 5526000,
      "fcf": -27049000,
      "ocf": -25984000,
      "capex": -1065000,
      "gross_margin": 0.14273729871299082,
      "op_margin": 0.026231252429766948,
      "fcf_margin": -0.5534548728336709,
      "incr_op_margin_yoy": 0.47730829420970267,
      "rev_growth_yoy": 0.16798107255520506,
      "rev_growth_yoy_accel": -0.3721365699806452,
      "op_leverage_ratio": 0.9891281321261352,
      "fcf_margin_change": -1.216784877826182
    },
    {
      "date": "2023-06-30T00:00:00",
      "quarter_label": "2023-06 (Q2)",
      "revenue": 50843000,
      "gross_profit": 8333000,
      "operating_income": 2216000,
      "net_income": 1415000,
      "opex": 6117000,
      "cogs": null,
      "rd": null,
      "sga": 5952000,
      "fcf": 5625000,
      "ocf": 8537000,
      "capex": -2912000,
      "gross_margin": 0.16389670161084122,
      "op_margin": 0.043585154298526836,
      "fcf_margin": 0.11063469897527684,
      "rev_growth_yoy": 0.0166160121570823,
      "rev_growth_yoy_accel": -0.15136506039812275,
      "op_leverage_ratio": 0.5425931706334539,
      "fcf_margin_change": 0.6640895718089477
    },
    {
      "date": "2023-09-30T00:00:00",
      "quarter_label": "2023-09 (Q3)",
      "revenue": 57163000,
      "gross_profit": 10167000,
      "operating_income": 5367000,
      "net_income": 4394000,
      "opex": 4800000,
      "cogs": null,
      "rd": null,
      "sga": 4635000,
      "fcf": -6484000,
      "ocf": -5146000,
      "capex": -1338000,
      "gross_margin": 0.17785980441894234,
      "op_margin": 0.09388940398509525,
      "fcf_margin": -0.11343001591938842,
      "incr_op_margin_yoy": 0.4778409090909091,
      "rev_growth_yoy": 0.27473630220993245,
      "rev_growth_yoy_accel": 0.25812029005285014,
      "op_leverage_ratio": Infinity,
      "fcf_margin_change": -0.22406471489466526
    },
    {
      "date": "2023-12-31T00:00:00",
      "quarter_label": "2023-12 (Q4)",
      "revenue": 46598000,
      "gross_profit": 7032000,
      "operating_income": 2274000,
      "net_income": 1071000,
      "opex": 4758000,
      "cogs": null,
      "rd": null,
      "sga": 4592000,
      "fcf": 14557000,
      "ocf": 15647000,
      "capex": -1090000,
      "gross_margin": 0.15090776428172883,
      "op_margin": 0.04880037769861367,
      "fcf_margin": 0.31239538177604187,
      "incr_op_margin_yoy": 0.6693178342000612,
      "rev_growth_yoy": 0.16320519221168248,
      "rev_growth_yoy_accel": -0.11153110999824997,
      "fcf_margin_change": 0.42582539769543026
    },
    {
      "date": "2024-03-31T00:00:00",
      "quarter_label": "2024-03 (Q1)",
      "revenue": 37616000,
      "gross_profit": 6637000,
      "operating_income": 2078000,
      "net_income": 1510000,
      "opex": 4559000,
      "cogs": null,
      "rd": null,
      "sga": 4394000,
      "fcf": 4113000,
      "ocf": 5857000,
      "capex": -1744000,
      "gross_margin": 0.17644087622288387,
      "op_margin": 0.05524245002126755,
      "fcf_margin": 0.10934176945980434,
      "incr_op_margin_yoy": -0.07071155725326464,
      "rev_growth_yoy": -0.23033167597651055,
      "rev_growth_yoy_accel": -0.393536868188193,
      "fcf_margin_change": -0.20305361231623753
    },
    {
      "date": "2024-06-30T00:00:00",
      "quarter_label": "2024-06 (Q2)",
      "revenue": 36452000,
      "gross_profit": 5566000,
      "operating_income": 1257000,
      "net_income": 482000,
      "opex": 4309000,
      "cogs": null,
      "rd": null,
      "sga": 4143000,
      "fcf": -10074000,
      "ocf": -9284000,
      "capex": -790000,
      "gross_margin": 0.15269395369252717,
      "op_margin": 0.03448370459782728,
      "fcf_margin": -0.27636343684845827,
      "incr_op_margin_yoy": 0.0666388715169203,
      "rev_growth_yoy": -0.28304781385834826,
      "rev_growth_yoy_accel": -0.05271613788183771,
      "fcf_margin_change": -0.3857052063082626
    },
    {
      "date": "2024-09-30T00:00:00",
      "quarter_label": "2024-09 (Q3)",
      "revenue": 35503000,
      "gross_profit": 5197000,
      "operating_income": 1178000,
      "net_income": 74000,
      "opex": 4019000,
      "cogs": null,
      "rd": null,
      "sga": 3854000,
      "fcf": 1696000,
      "ocf": 2441000,
      "capex": -745000,
      "gross_margin": 0.14638199588767145,
      "op_margin": 0.0331802946229896,
      "fcf_margin": 0.04777061093428724,
      "incr_op_margin_yoy": 0.19339796860572483,
      "rev_growth_yoy": -0.3789164319577349,
      "rev_growth_yoy_accel": -0.09586861809938663,
      "fcf_margin_change": 0.3241340477827455
    },
    {
      "date": "2024-12-31T00:00:00",
      "quarter_label": "2024-12 (Q4)",
      "revenue": 33565000,
      "gross_profit": 3789000,
      "operating_income": -288000,
      "net_income": -914000,
      "opex": 4077000,
      "cogs": null,
      "rd": null,
      "sga": 3912000,
      "fcf": 14453000,
      "ocf": 14792000,
      "capex": -339000,
      "gross_margin": 0.11288544614926263,
      "op_margin": -0.008580366453150603,
      "fcf_margin": 0.43059734842842246,
      "incr_op_margin_yoy": 0.19657791759380036,
      "rev_growth_yoy": -0.27969011545559896,
      "rev_growth_yoy_accel": 0.09922631650213593,
      "fcf_margin_change": 0.3828267374941352
    },
    {
      "date": "2025-03-31T00:00:00",
      "quarter_label": "2025-03 (Q1)",
      "revenue": 36838000,
      "gross_profit": 4326000,
      "operating_income": 184000,
      "net_income": -370000,
      "opex": 4142000,
      "cogs": null,
      "rd": null,
      "sga": 3977000,
      "fcf": -8953000,
      "ocf": -8037000,
      "capex": -916000,
      "gross_margin": 0.11743308540094467,
      "op_margin": 0.004994842282425756,
      "fcf_margin": -0.2430370812747706,
      "rev_growth_yoy": -0.020682688217779667,
      "rev_growth_yoy_accel": 0.2590074272378193,
      "op_leverage_ratio": 6.116270840733824,
      "fcf_margin_change": -0.6736344297031931
    },
    {
      "date": "2025-06-30T00:00:00",
      "quarter_label": "2025-06 (Q2)",
      "revenue": 39235000,
      "gross_profit": 3975000,
      "operating_income": -165000,
      "net_income": -989000,
      "opex": 4140000,
      "cogs": null,
      "rd": null,
      "sga": 3974000,
      "fcf": -13661000,
      "ocf": -12461000,
      "capex": -1200000,
      "gross_margin": 0.10131260354275519,
      "op_margin": -0.004205428826303046,
      "fcf_margin": -0.34818401937046006,
      "incr_op_margin_yoy": -0.5109593963348904,
      "rev_growth_yoy": 0.07634697684626358,
      "rev_growth_yoy_accel": 0.09702966506404326,
      "op_leverage_ratio": Infinity,
      "fcf_margin_change": -0.10514693809568945
    },
    {
      "date": "2025-09-30T00:00:00",
      "quarter_label": "2025-09 (Q3)",
      "revenue": 44239000,
      "gross_profit": 4520000,
      "operating_income": 8714000,
      "net_income": 7463000,
      "opex": -4194000,
      "cogs": null,
      "rd": null,
      "sga": 3796000,
      "fcf": 3786000,
      "ocf": 4256000,
      "capex": -470000,
      "gross_margin": 0.10217229141707543,
      "op_margin": 0.19697551933814056,
      "fcf_margin": 0.08558059630642646,
      "incr_op_margin_yoy": 0.8626373626373627,
      "rev_growth_yoy": 0.24606371292566825,
      "rev_growth_yoy_accel": 0.16971673607940468,
      "op_leverage_ratio": Infinity,
      "fcf_margin_change": 0.4337646156768865
    }
  ],
  "signals": [
    {
      "quarter": "2025-09 (Q3)",
      "signal": "FCF TURNED POSITIVE",
      "detail": "FCF margin: -34.8% -> +8.6%",
      "severity": "HIGH"
    },
    {
      "quarter": "2025-09 (Q3)",
      "signal": "YoY REVENUE GROWTH ACCELERATION",
      "detail": "YoY growth: +24.6% vs prior quarter YoY: +7.6% (accel: +17.0%)",
      "severity": "HIGH"
    },
    {
      "quarter": "2025-09 (Q3)",
      "signal": "INCREMENTAL MARGIN (YoY)",
      "detail": "YoY Incr OPM: +86.3% vs year-ago OPM: +3.3%",
      "severity": "HIGH"
    },
    {
      "quarter": "2025-09 (Q3)",
      "signal": "OP MARGIN TURNED POSITIVE (QoQ)",
      "detail": "Op margin: -0.4% -> +19.7%",
      "severity": "HIGH"
    },
    {
      "quarter": "2025-06 (Q2)",
      "signal": "YoY REVENUE GROWTH ACCELERATION",
      "detail": "YoY growth: +7.6% vs prior quarter YoY: -2.1% (accel: +9.7%)",
      "severity": "MEDIUM"
    },
    {
      "quarter": "2025-03 (Q1)",
      "signal": "OPERATING LEVERAGE",
      "detail": "Rev growth +9.8% vs OpEx growth +1.6% (leverage: 6.1x)",
      "severity": "MEDIUM"
    },
    {
      "quarter": "2025-03 (Q1)",
      "signal": "YoY REVENUE GROWTH ACCELERATION",
      "detail": "YoY growth: -2.1% vs prior quarter YoY: -28.0% (accel: +25.9%)",
      "severity": "HIGH"
    },
    {
      "quarter": "2025-03 (Q1)",
      "signal": "OP MARGIN TURNED POSITIVE (QoQ)",
      "detail": "Op margin: -0.9% -> +0.5%",
      "severity": "HIGH"
    },
    {
      "quarter": "2024-12 (Q4)",
      "signal": "FCF MARGIN EXPANSION",
      "detail": "FCF margin: +4.8% -> +43.1% (+38.3%)",
      "severity": "MEDIUM"
    },
    {
      "quarter": "2024-12 (Q4)",
      "signal": "YoY REVENUE GROWTH ACCELERATION",
      "detail": "YoY growth: -28.0% vs prior quarter YoY: -37.9% (accel: +9.9%)",
      "severity": "MEDIUM"
    },
    {
      "quarter": "2024-09 (Q3)",
      "signal": "FCF TURNED POSITIVE",
      "detail": "FCF margin: -27.6% -> +4.8%",
      "severity": "HIGH"
    },
    {
      "quarter": "2024-09 (Q3)",
      "signal": "YoY REVENUE GROWTH DECELERATION",
      "detail": "YoY growth: -37.9% vs prior quarter YoY: -28.3% (decel: -9.6%)",
      "severity": "WARNING"
    },
    {
      "quarter": "2024-06 (Q2)",
      "signal": "YoY REVENUE GROWTH DECELERATION",
      "detail": "YoY growth: -28.3% vs prior quarter YoY: -23.0% (decel: -5.3%)",
      "severity": "WARNING"
    },
    {
      "quarter": "2024-03 (Q1)",
      "signal": "GROSS MARGIN INFLECTION",
      "detail": "GM: +17.8% -> +15.1% -> +17.6% (reversal +2.6%)",
      "severity": "MEDIUM"
    },
    {
      "quarter": "2024-03 (Q1)",
      "signal": "YoY REVENUE GROWTH DECELERATION",
      "detail": "YoY growth: -23.0% vs prior quarter YoY: +16.3% (decel: -39.4%)",
      "severity": "WARNING"
    },
    {
      "quarter": "2023-12 (Q4)",
      "signal": "FCF TURNED POSITIVE",
      "detail": "FCF margin: -11.3% -> +31.2%",
      "severity": "HIGH"
    },
    {
      "quarter": "2023-12 (Q4)",
      "signal": "YoY REVENUE GROWTH DECELERATION",
      "detail": "YoY growth: +16.3% vs prior quarter YoY: +27.5% (decel: -11.2%)",
      "severity": "WARNING"
    },
    {
      "quarter": "2023-12 (Q4)",
      "signal": "OP MARGIN TURNED POSITIVE (YoY)",
      "detail": "Op margin: -5.2% (year-ago) -> +4.9%",
      "severity": "HIGH"
    },
    {
      "quarter": "2023-09 (Q3)",
      "signal": "YoY REVENUE GROWTH ACCELERATION",
      "detail": "YoY growth: +27.5% vs prior quarter YoY: +1.7% (accel: +25.8%)",
      "severity": "HIGH"
    },
    {
      "quarter": "2023-09 (Q3)",
      "signal": "OP MARGIN TURNED POSITIVE (YoY)",
      "detail": "Op margin: -1.2% (year-ago) -> +9.4%",
      "severity": "HIGH"
    },
    {
      "quarter": "2023-06 (Q2)",
      "signal": "FCF TURNED POSITIVE",
      "detail": "FCF margin: -55.3% -> +11.1%",
      "severity": "HIGH"
    },
    {
      "quarter": "2023-06 (Q2)",
      "signal": "YoY REVENUE GROWTH DECELERATION",
      "detail": "YoY growth: +1.7% vs prior quarter YoY: +16.8% (decel: -15.1%)",
      "severity": "WARNING"
    },
    {
      "quarter": "2023-06 (Q2)",
      "signal": "OP MARGIN TURNED POSITIVE (YoY)",
      "detail": "Op margin: -3.8% (year-ago) -> +4.4%",
      "severity": "HIGH"
    },
    {
      "quarter": "2023-03 (Q1)",
      "signal": "GROSS MARGIN INFLECTION",
      "detail": "GM: +8.4% -> +6.4% -> +14.3% (reversal +7.9%)",
      "severity": "HIGH"
    },
    {
      "quarter": "2023-03 (Q1)",
      "signal": "YoY REVENUE GROWTH DECELERATION",
      "detail": "YoY growth: +16.8% vs prior quarter YoY: +54.0% (decel: -37.2%)",
      "severity": "WARNING"
    },
    {
      "quarter": "2023-03 (Q1)",
      "signal": "OP MARGIN TURNED POSITIVE (YoY)",
      "detail": "Op margin: -5.0% (year-ago) -> +2.6%",
      "severity": "HIGH"
    },
    {
      "quarter": "2023-03 (Q1)",
      "signal": "OP MARGIN TURNED POSITIVE (QoQ)",
      "detail": "Op margin: -5.2% -> +2.6%",
      "severity": "HIGH"
    },
    {
      "quarter": "2022-12 (Q4)",
      "signal": "FCF TURNED POSITIVE",
      "detail": "FCF margin: -6.8% -> +66.3%",
      "severity": "HIGH"
    },
    {
      "quarter": "2022-12 (Q4)",
      "signal": "YoY REVENUE GROWTH ACCELERATION",
      "detail": "YoY growth: +54.0% vs prior quarter YoY: +11.0% (accel: +43.0%)",
      "severity": "HIGH"
    },
    {
      "quarter": "2022-09 (Q3)",
      "signal": "GROSS MARGIN INFLECTION",
      "detail": "GM: +4.8% -> +4.8% -> +8.4% (reversal +3.6%)",
      "severity": "MEDIUM"
    },
    {
      "quarter": "2022-06 (Q2)",
      "signal": "FCF MARGIN EXPANSION",
      "detail": "FCF margin: -15.5% -> -6.9% (+8.6%)",
      "severity": "MEDIUM"
    },
    {
      "quarter": "2022-06 (Q2)",
      "signal": "OPERATING LEVERAGE",
      "detail": "Rev growth +19.5% vs OpEx growth +5.4% (leverage: 3.6x)",
      "severity": "MEDIUM"
    },
    {
      "quarter": "2022-06 (Q2)",
      "signal": "YoY REVENUE GROWTH DECELERATION",
      "detail": "YoY growth: +7.6% vs prior quarter YoY: +27.9% (decel: -20.3%)",
      "severity": "WARNING"
    },
    {
      "quarter": "2022-03 (Q1)",
      "signal": "YoY REVENUE GROWTH ACCELERATION",
      "detail": "YoY growth: +27.9% vs prior quarter YoY: -35.5% (accel: +63.3%)",
      "severity": "HIGH"
    },
    {
      "quarter": "2021-06 (Q2)",
      "signal": "FCF MARGIN EXPANSION",
      "detail": "FCF margin: -27.6% -> -3.7% (+24.0%)",
      "severity": "MEDIUM"
    },
    {
      "quarter": "2021-06 (Q2)",
      "signal": "GROSS MARGIN INFLECTION",
      "detail": "GM: +6.6% -> +0.9% -> +4.7% (reversal +3.9%)",
      "severity": "MEDIUM"
    }
  ],
  "data_quality": {
    "n_quarters": 20,
    "coverage": {
      "revenue": [
        20,
        20
      ],
      "gross_profit": [
        20,
        20
      ],
      "op_income": [
        20,
        20
      ],
      "fcf": [
        20,
        20
      ]
    },
    "gaps": [],
    "warnings": []
  },
  "market_cap": null,
  "source": "SEC EDGAR",
  "last_updated": "2026-02-02T23:29:44.864490",
  "sector": "Industrials",
  "industry": "Specialty Industrial Machinery"
}