{
  "ticker": "BWMN",
  "name": "BOWMAN CONSULTING GROUP LTD.",
  "quarters": [
    {
      "date": "2020-12-31T00:00:00",
      "quarter_label": "2020-12 (Q4)",
      "revenue": 29894000,
      "gross_profit": 14964000,
      "operating_income": 787000,
      "net_income": 196000,
      "opex": 14177000,
      "cogs": 14930000,
      "rd": null,
      "sga": 12914000,
      "fcf": 1847000,
      "ocf": 1841000,
      "capex": 6000,
      "gross_margin": 0.5005686759884926,
      "op_margin": 0.026326353114337325,
      "fcf_margin": 0.0617849735732923
    },
    {
      "date": "2021-03-31T00:00:00",
      "quarter_label": "2021-03 (Q1)",
      "revenue": 31802000,
      "gross_profit": 15646000,
      "operating_income": 1495000,
      "net_income": 981000,
      "opex": 14151000,
      "cogs": 16156000,
      "rd": null,
      "sga": 12749000,
      "fcf": -393000,
      "ocf": 45000,
      "capex": -438000,
      "gross_margin": 0.49198163637507075,
      "op_margin": 0.04700962203634992,
      "fcf_margin": -0.01235771335136155,
      "op_leverage_ratio": Infinity,
      "fcf_margin_change": -0.07414268692465385
    },
    {
      "date": "2021-06-30T00:00:00",
      "quarter_label": "2021-06 (Q2)",
      "revenue": 36524000,
      "gross_profit": 18336000,
      "operating_income": -321000,
      "net_income": -439000,
      "opex": 18657000,
      "cogs": 18188000,
      "rd": null,
      "sga": 17204000,
      "fcf": -836000,
      "ocf": -517000,
      "capex": -319000,
      "gross_margin": 0.5020260650531158,
      "op_margin": -0.00878874164932647,
      "fcf_margin": -0.022889059248713175,
      "op_leverage_ratio": 0.4663022307384465,
      "fcf_margin_change": -0.010531345897351625
    },
    {
      "date": "2021-09-30T00:00:00",
      "quarter_label": "2021-09 (Q3)",
      "revenue": 39715000,
      "gross_profit": 20217000,
      "operating_income": 292000,
      "net_income": 357000,
      "opex": 19925000,
      "cogs": 19498000,
      "rd": null,
      "sga": 18373000,
      "fcf": 3850000,
      "ocf": 3702000,
      "capex": 148000,
      "gross_margin": 0.5090519954677074,
      "op_margin": 0.007352385748457761,
      "fcf_margin": 0.09694070250535063,
      "op_leverage_ratio": 1.2854968834286222,
      "fcf_margin_change": 0.1198297617540638
    },
    {
      "date": "2021-12-31T00:00:00",
      "quarter_label": "2021-12 (Q4)",
      "revenue": 41929000,
      "gross_profit": 21237000,
      "operating_income": -1306000,
      "net_income": -600000,
      "opex": 22543000,
      "cogs": 20692000,
      "rd": null,
      "sga": 20701000,
      "fcf": 1191000,
      "ocf": 1487000,
      "capex": -296000,
      "gross_margin": 0.5064990817811061,
      "op_margin": -0.031147892866512438,
      "fcf_margin": 0.028405161105678648,
      "incr_op_margin_yoy": -0.1739094308267553,
      "rev_growth_yoy": 0.4025891483240784,
      "op_leverage_ratio": 0.424279196301917,
      "fcf_margin_change": -0.06853554139967198
    },
    {
      "date": "2022-03-31T00:00:00",
      "quarter_label": "2022-03 (Q1)",
      "revenue": 52461000,
      "gross_profit": 27042000,
      "operating_income": 1838000,
      "net_income": 1457000,
      "opex": 25204000,
      "cogs": 25419000,
      "rd": null,
      "sga": 22821000,
      "fcf": 2216000,
      "ocf": 2414000,
      "capex": -198000,
      "gross_margin": 0.5154686338422828,
      "op_margin": 0.03503555021825737,
      "fcf_margin": 0.04224090276586417,
      "incr_op_margin_yoy": 0.01660293334624135,
      "rev_growth_yoy": 0.6496132318722093,
      "rev_growth_yoy_accel": 0.24702408354813093,
      "op_leverage_ratio": 2.1279586384775344,
      "fcf_margin_change": 0.01383574166018552
    },
    {
      "date": "2022-06-30T00:00:00",
      "quarter_label": "2022-06 (Q2)",
      "revenue": 62399000,
      "gross_profit": 31345000,
      "operating_income": 484000,
      "net_income": -320000,
      "opex": 30861000,
      "cogs": 31054000,
      "rd": null,
      "sga": 28065000,
      "fcf": 1684000,
      "ocf": 1854000,
      "capex": -170000,
      "gross_margin": 0.5023317681373098,
      "op_margin": 0.007756534559848716,
      "fcf_margin": 0.026987611980961234,
      "incr_op_margin_yoy": 0.03111111111111111,
      "rev_growth_yoy": 0.7084382871536524,
      "rev_growth_yoy_accel": 0.058825055281443106,
      "op_leverage_ratio": 0.8440063611553058,
      "fcf_margin_change": -0.015253290784902934
    },
    {
      "date": "2022-09-30T00:00:00",
      "quarter_label": "2022-09 (Q3)",
      "revenue": 71246000,
      "gross_profit": 37262000,
      "operating_income": 2219000,
      "net_income": 3397000,
      "opex": 35043000,
      "cogs": 33984000,
      "rd": null,
      "sga": 31916000,
      "fcf": 7369000,
      "ocf": 7902000,
      "capex": -533000,
      "gross_margin": 0.5230048002694888,
      "op_margin": 0.031145608174494008,
      "fcf_margin": 0.10343036802066082,
      "incr_op_margin_yoy": 0.061114458786590976,
      "rev_growth_yoy": 0.7939317638171975,
      "rev_growth_yoy_accel": 0.08549347666354512,
      "op_leverage_ratio": 1.0462714231132948,
      "fcf_margin_change": 0.07644275603969958
    },
    {
      "date": "2022-12-31T00:00:00",
      "quarter_label": "2022-12 (Q4)",
      "revenue": 75609000,
      "gross_profit": 39462000,
      "operating_income": 579000,
      "net_income": 471000,
      "opex": 38883000,
      "cogs": 36147000,
      "rd": null,
      "sga": 35020000,
      "fcf": -3001000,
      "ocf": -3000000,
      "capex": -1000,
      "gross_margin": 0.5219219934134826,
      "op_margin": 0.007657818513669008,
      "fcf_margin": -0.03969104207171104,
      "incr_op_margin_yoy": 0.05596793349168646,
      "rev_growth_yoy": 0.8032626583033223,
      "rev_growth_yoy_accel": 0.009330894486124786,
      "op_leverage_ratio": 0.5588493893516829,
      "fcf_margin_change": -0.14312141009237186
    },
    {
      "date": "2023-03-31T00:00:00",
      "quarter_label": "2023-03 (Q1)",
      "revenue": 76100000,
      "gross_profit": 38727000,
      "operating_income": 1537000,
      "net_income": 537000,
      "opex": 37190000,
      "cogs": 37373000,
      "rd": null,
      "sga": 33636000,
      "fcf": 5742000,
      "ocf": 6278000,
      "capex": -536000,
      "gross_margin": 0.5088961892247044,
      "op_margin": 0.020197109067017084,
      "fcf_margin": 0.07545335085413929,
      "incr_op_margin_yoy": -0.012733195143618597,
      "rev_growth_yoy": 0.45060139913459524,
      "rev_growth_yoy_accel": -0.3526612591687271,
      "fcf_margin_change": 0.11514439292585033
    },
    {
      "date": "2023-06-30T00:00:00",
      "quarter_label": "2023-06 (Q2)",
      "revenue": 82755000,
      "gross_profit": 41717000,
      "operating_income": -1116000,
      "net_income": -634000,
      "opex": 42833000,
      "cogs": 41038000,
      "rd": null,
      "sga": 38340000,
      "fcf": -4308000,
      "ocf": -4212000,
      "capex": -96000,
      "gross_margin": 0.5041024711497795,
      "op_margin": -0.013485589994562262,
      "fcf_margin": -0.052057277505890884,
      "incr_op_margin_yoy": -0.07860090391039497,
      "rev_growth_yoy": 0.326223176653472,
      "rev_growth_yoy_accel": -0.12437822248112324,
      "op_leverage_ratio": 0.5763410204588709,
      "fcf_margin_change": -0.1275106283600302
    },
    {
      "date": "2023-09-30T00:00:00",
      "quarter_label": "2023-09 (Q3)",
      "revenue": 94434000,
      "gross_profit": 48741000,
      "operating_income": 2616000,
      "net_income": 1183000,
      "opex": 46125000,
      "cogs": 45693000,
      "rd": null,
      "sga": 41735000,
      "fcf": 8756000,
      "ocf": 10205000,
      "capex": -1449000,
      "gross_margin": 0.5161382552894085,
      "op_margin": 0.027701887032212973,
      "fcf_margin": 0.09272084206959358,
      "incr_op_margin_yoy": 0.017120924616180783,
      "rev_growth_yoy": 0.3254638856918283,
      "rev_growth_yoy_accel": -0.0007592909616436772,
      "op_leverage_ratio": 1.8362426993027847,
      "fcf_margin_change": 0.14477811957548448
    },
    {
      "date": "2023-12-31T00:00:00",
      "quarter_label": "2023-12 (Q4)",
      "revenue": 92966000,
      "gross_profit": 46841000,
      "operating_income": -3693000,
      "net_income": -7710000,
      "opex": 50534000,
      "cogs": 46125000,
      "rd": null,
      "sga": 44660000,
      "fcf": -561000,
      "ocf": -549000,
      "capex": -12000,
      "gross_margin": 0.5038508702106146,
      "op_margin": -0.03972420024525095,
      "fcf_margin": -0.006034464212722931,
      "incr_op_margin_yoy": -0.24612548251425936,
      "rev_growth_yoy": 0.22956261820682722,
      "rev_growth_yoy_accel": -0.09590126748500111,
      "fcf_margin_change": -0.0987553062823165
    },
    {
      "date": "2024-03-31T00:00:00",
      "quarter_label": "2024-03 (Q1)",
      "revenue": 94907000,
      "gross_profit": 48002000,
      "operating_income": -2610000,
      "net_income": -1558000,
      "opex": 50612000,
      "cogs": 46905000,
      "rd": null,
      "sga": 44713000,
      "fcf": 2257000,
      "ocf": 2519000,
      "capex": -262000,
      "gross_margin": 0.505779341882053,
      "op_margin": -0.027500605856259287,
      "fcf_margin": 0.023781175255776707,
      "incr_op_margin_yoy": -0.22050300420056362,
      "rev_growth_yoy": 0.2471353482260184,
      "rev_growth_yoy_accel": 0.017572730019191185,
      "op_leverage_ratio": 13.526656560959426,
      "fcf_margin_change": 0.02981563946849964
    },
    {
      "date": "2024-06-30T00:00:00",
      "quarter_label": "2024-06 (Q2)",
      "revenue": 104501000,
      "gross_profit": 54885000,
      "operating_income": -1235000,
      "net_income": -2082000,
      "opex": 56120000,
      "cogs": 49616000,
      "rd": null,
      "sga": 49154000,
      "fcf": 2731000,
      "ocf": 3069000,
      "capex": -338000,
      "gross_margin": 0.5252102850690424,
      "op_margin": -0.011818068726615056,
      "fcf_margin": 0.02613372120840949,
      "incr_op_margin_yoy": -0.005472270762439069,
      "rev_growth_yoy": 0.2627756631019274,
      "rev_growth_yoy_accel": 0.015640314875909,
      "op_leverage_ratio": 0.928883046223923,
      "fcf_margin_change": 0.0023525459526327827
    },
    {
      "date": "2024-09-30T00:00:00",
      "quarter_label": "2024-09 (Q3)",
      "revenue": 113932000,
      "gross_profit": 59650000,
      "operating_income": 433000,
      "net_income": 771000,
      "opex": 59217000,
      "cogs": 54282000,
      "rd": null,
      "sga": 51903000,
      "fcf": 6575000,
      "ocf": 6794000,
      "capex": -219000,
      "gross_margin": 0.5235579117368254,
      "op_margin": 0.0038005125864550783,
      "fcf_margin": 0.057709862022961064,
      "incr_op_margin_yoy": -0.11196020104626116,
      "rev_growth_yoy": 0.20647224516593599,
      "rev_growth_yoy_accel": -0.05630341793599142,
      "op_leverage_ratio": 1.6353614480616225,
      "fcf_margin_change": 0.031576140814551575
    },
    {
      "date": "2024-12-31T00:00:00",
      "quarter_label": "2024-12 (Q4)",
      "revenue": 113223000,
      "gross_profit": 60241000,
      "operating_income": 1412000,
      "net_income": 5903000,
      "opex": 58829000,
      "cogs": 52982000,
      "rd": null,
      "sga": 51657000,
      "fcf": 12112000,
      "ocf": 11919000,
      "capex": 193000,
      "gross_margin": 0.5320562076609876,
      "op_margin": 0.012470964380028792,
      "fcf_margin": 0.10697473128251327,
      "incr_op_margin_yoy": 0.25201165029372563,
      "rev_growth_yoy": 0.217896865520728,
      "rev_growth_yoy_accel": 0.011424620354792026,
      "fcf_margin_change": 0.0492648692595522
    },
    {
      "date": "2025-03-31T00:00:00",
      "quarter_label": "2025-03 (Q1)",
      "revenue": 112931000,
      "gross_profit": 58097000,
      "operating_income": 1135000,
      "net_income": -1744000,
      "opex": 56962000,
      "cogs": 54834000,
      "rd": null,
      "sga": 50490000,
      "fcf": 10991000,
      "ocf": 12034000,
      "capex": -1043000,
      "gross_margin": 0.5144468746402671,
      "op_margin": 0.010050384748209084,
      "fcf_margin": 0.09732491521371457,
      "incr_op_margin_yoy": 0.20777851753217932,
      "rev_growth_yoy": 0.18991222986713308,
      "rev_growth_yoy_accel": -0.027984635653594936,
      "fcf_margin_change": -0.009649816068798694
    },
    {
      "date": "2025-06-30T00:00:00",
      "quarter_label": "2025-06 (Q2)",
      "revenue": 122090000,
      "gross_profit": 65572000,
      "operating_income": 9044000,
      "net_income": 6009000,
      "opex": 56528000,
      "cogs": 56518000,
      "rd": null,
      "sga": 49759000,
      "fcf": 4183000,
      "ocf": 4259000,
      "capex": -76000,
      "gross_margin": 0.5370792038660005,
      "op_margin": 0.07407650094192808,
      "fcf_margin": 0.03426161028749283,
      "incr_op_margin_yoy": 0.5843993404969015,
      "rev_growth_yoy": 0.168314178811686,
      "rev_growth_yoy_accel": -0.02159805105544707,
      "op_leverage_ratio": Infinity,
      "fcf_margin_change": -0.06306330492622174
    },
    {
      "date": "2025-09-30T00:00:00",
      "quarter_label": "2025-09 (Q3)",
      "revenue": 126033000,
      "gross_profit": 66924000,
      "operating_income": 5292000,
      "net_income": 6618000,
      "opex": 61632000,
      "cogs": 59109000,
      "rd": null,
      "sga": 55174000,
      "fcf": 10121000,
      "ocf": 10178000,
      "capex": -57000,
      "gross_margin": 0.5310037847230488,
      "op_margin": 0.041989002880198044,
      "fcf_margin": 0.08030436472987233,
      "incr_op_margin_yoy": 0.40153706305264025,
      "rev_growth_yoy": 0.10621247761822841,
      "rev_growth_yoy_accel": -0.06210170119345759,
      "op_leverage_ratio": 0.35768410220016017,
      "fcf_margin_change": 0.0460427544423795
    }
  ],
  "signals": [
    {
      "quarter": "2025-09 (Q3)",
      "signal": "YoY REVENUE GROWTH DECELERATION",
      "detail": "YoY growth: +10.6% vs prior quarter YoY: +16.8% (decel: -6.2%)",
      "severity": "WARNING"
    },
    {
      "quarter": "2025-09 (Q3)",
      "signal": "INCREMENTAL MARGIN (YoY)",
      "detail": "YoY Incr OPM: +40.2% vs year-ago OPM: +0.4%",
      "severity": "HIGH"
    },
    {
      "quarter": "2025-06 (Q2)",
      "signal": "GROSS MARGIN INFLECTION",
      "detail": "GM: +53.2% -> +51.4% -> +53.7% (reversal +2.3%)",
      "severity": "MEDIUM"
    },
    {
      "quarter": "2025-06 (Q2)",
      "signal": "OP MARGIN TURNED POSITIVE (YoY)",
      "detail": "Op margin: -1.2% (year-ago) -> +7.4%",
      "severity": "HIGH"
    },
    {
      "quarter": "2025-03 (Q1)",
      "signal": "OP MARGIN TURNED POSITIVE (YoY)",
      "detail": "Op margin: -2.8% (year-ago) -> +1.0%",
      "severity": "HIGH"
    },
    {
      "quarter": "2024-12 (Q4)",
      "signal": "OP MARGIN TURNED POSITIVE (YoY)",
      "detail": "Op margin: -4.0% (year-ago) -> +1.2%",
      "severity": "HIGH"
    },
    {
      "quarter": "2024-09 (Q3)",
      "signal": "OPERATING LEVERAGE",
      "detail": "Rev growth +9.0% vs OpEx growth +5.5% (leverage: 1.6x)",
      "severity": "MEDIUM"
    },
    {
      "quarter": "2024-09 (Q3)",
      "signal": "YoY REVENUE GROWTH DECELERATION",
      "detail": "YoY growth: +20.6% vs prior quarter YoY: +26.3% (decel: -5.6%)",
      "severity": "WARNING"
    },
    {
      "quarter": "2024-09 (Q3)",
      "signal": "OP MARGIN TURNED POSITIVE (QoQ)",
      "detail": "Op margin: -1.2% -> +0.4%",
      "severity": "HIGH"
    },
    {
      "quarter": "2024-03 (Q1)",
      "signal": "FCF TURNED POSITIVE",
      "detail": "FCF margin: -0.6% -> +2.4%",
      "severity": "HIGH"
    },
    {
      "quarter": "2024-03 (Q1)",
      "signal": "OPERATING LEVERAGE",
      "detail": "Rev growth +2.1% vs OpEx growth +0.2% (leverage: 13.5x)",
      "severity": "MEDIUM"
    },
    {
      "quarter": "2023-12 (Q4)",
      "signal": "YoY REVENUE GROWTH DECELERATION",
      "detail": "YoY growth: +23.0% vs prior quarter YoY: +32.5% (decel: -9.6%)",
      "severity": "WARNING"
    },
    {
      "quarter": "2023-09 (Q3)",
      "signal": "FCF TURNED POSITIVE",
      "detail": "FCF margin: -5.2% -> +9.3%",
      "severity": "HIGH"
    },
    {
      "quarter": "2023-09 (Q3)",
      "signal": "OPERATING LEVERAGE",
      "detail": "Rev growth +14.1% vs OpEx growth +7.7% (leverage: 1.8x)",
      "severity": "MEDIUM"
    },
    {
      "quarter": "2023-09 (Q3)",
      "signal": "OP MARGIN TURNED POSITIVE (QoQ)",
      "detail": "Op margin: -1.3% -> +2.8%",
      "severity": "HIGH"
    },
    {
      "quarter": "2023-06 (Q2)",
      "signal": "YoY REVENUE GROWTH DECELERATION",
      "detail": "YoY growth: +32.6% vs prior quarter YoY: +45.1% (decel: -12.4%)",
      "severity": "WARNING"
    },
    {
      "quarter": "2023-03 (Q1)",
      "signal": "FCF TURNED POSITIVE",
      "detail": "FCF margin: -4.0% -> +7.5%",
      "severity": "HIGH"
    },
    {
      "quarter": "2023-03 (Q1)",
      "signal": "YoY REVENUE GROWTH DECELERATION",
      "detail": "YoY growth: +45.1% vs prior quarter YoY: +80.3% (decel: -35.3%)",
      "severity": "WARNING"
    },
    {
      "quarter": "2022-12 (Q4)",
      "signal": "OP MARGIN TURNED POSITIVE (YoY)",
      "detail": "Op margin: -3.1% (year-ago) -> +0.8%",
      "severity": "HIGH"
    },
    {
      "quarter": "2022-09 (Q3)",
      "signal": "FCF MARGIN EXPANSION",
      "detail": "FCF margin: +2.7% -> +10.3% (+7.6%)",
      "severity": "MEDIUM"
    },
    {
      "quarter": "2022-09 (Q3)",
      "signal": "GROSS MARGIN INFLECTION",
      "detail": "GM: +51.5% -> +50.2% -> +52.3% (reversal +2.1%)",
      "severity": "MEDIUM"
    },
    {
      "quarter": "2022-09 (Q3)",
      "signal": "YoY REVENUE GROWTH ACCELERATION",
      "detail": "YoY growth: +79.4% vs prior quarter YoY: +70.8% (accel: +8.5%)",
      "severity": "MEDIUM"
    },
    {
      "quarter": "2022-06 (Q2)",
      "signal": "YoY REVENUE GROWTH ACCELERATION",
      "detail": "YoY growth: +70.8% vs prior quarter YoY: +65.0% (accel: +5.9%)",
      "severity": "MEDIUM"
    },
    {
      "quarter": "2022-06 (Q2)",
      "signal": "OP MARGIN TURNED POSITIVE (YoY)",
      "detail": "Op margin: -0.9% (year-ago) -> +0.8%",
      "severity": "HIGH"
    },
    {
      "quarter": "2022-03 (Q1)",
      "signal": "OPERATING LEVERAGE",
      "detail": "Rev growth +25.1% vs OpEx growth +11.8% (leverage: 2.1x)",
      "severity": "MEDIUM"
    },
    {
      "quarter": "2022-03 (Q1)",
      "signal": "YoY REVENUE GROWTH ACCELERATION",
      "detail": "YoY growth: +65.0% vs prior quarter YoY: +40.3% (accel: +24.7%)",
      "severity": "HIGH"
    },
    {
      "quarter": "2022-03 (Q1)",
      "signal": "OP MARGIN TURNED POSITIVE (QoQ)",
      "detail": "Op margin: -3.1% -> +3.5%",
      "severity": "HIGH"
    },
    {
      "quarter": "2021-09 (Q3)",
      "signal": "FCF TURNED POSITIVE",
      "detail": "FCF margin: -2.3% -> +9.7%",
      "severity": "HIGH"
    },
    {
      "quarter": "2021-09 (Q3)",
      "signal": "OP MARGIN TURNED POSITIVE (QoQ)",
      "detail": "Op margin: -0.9% -> +0.7%",
      "severity": "HIGH"
    }
  ],
  "data_quality": {
    "n_quarters": 20,
    "coverage": {
      "revenue": [
        20,
        20
      ],
      "gross_profit": [
        20,
        20
      ],
      "op_income": [
        20,
        20
      ],
      "fcf": [
        20,
        20
      ]
    },
    "gaps": [],
    "warnings": []
  },
  "market_cap": null,
  "source": "SEC EDGAR",
  "last_updated": "2026-02-02T22:18:43.459107"
}