{
  "ticker": "BWXT",
  "name": "BWX TECHNOLOGIES, INC.",
  "quarters": [
    {
      "date": "2020-12-31T00:00:00",
      "quarter_label": "2020-12 (Q4)",
      "revenue": 556910000,
      "gross_profit": 142551000,
      "operating_income": 89081000,
      "net_income": 65742000,
      "opex": 475734000,
      "cogs": 414359000,
      "rd": 2624000,
      "sga": 60436000,
      "fcf": -26707000,
      "ocf": 48348000,
      "capex": -75055000,
      "gross_margin": 0.25596775062397875,
      "op_margin": 0.1599558276920867,
      "fcf_margin": -0.04795568404230486
    },
    {
      "date": "2021-03-31T00:00:00",
      "quarter_label": "2021-03 (Q1)",
      "revenue": 528273000,
      "gross_profit": 135467000,
      "operating_income": 82414000,
      "net_income": 69749000,
      "opex": 454175000,
      "cogs": 392806000,
      "rd": 3116000,
      "sga": 58261000,
      "fcf": -3518000,
      "ocf": 98414000,
      "capex": -101932000,
      "gross_margin": 0.2564336999998107,
      "op_margin": 0.1560064587817284,
      "fcf_margin": -0.006659435556994206,
      "fcf_margin_change": 0.04129624848531065
    },
    {
      "date": "2021-06-30T00:00:00",
      "quarter_label": "2021-06 (Q2)",
      "revenue": 505099000,
      "gross_profit": 129282000,
      "operating_income": 73751000,
      "net_income": 59347000,
      "opex": 438611000,
      "cogs": 375817000,
      "rd": 3505000,
      "sga": 59318000,
      "fcf": -8329000,
      "ocf": 59909000,
      "capex": -68238000,
      "gross_margin": 0.25595378331772584,
      "op_margin": 0.1460129598355966,
      "fcf_margin": -0.016489836645885263,
      "fcf_margin_change": -0.009830401088891057
    },
    {
      "date": "2021-09-30T00:00:00",
      "quarter_label": "2021-09 (Q3)",
      "revenue": 498727000,
      "gross_profit": 137197000,
      "operating_income": 87468000,
      "net_income": 59914000,
      "opex": 421877000,
      "cogs": 361530000,
      "rd": 2870000,
      "sga": 58458000,
      "fcf": 769000,
      "ocf": 67255000,
      "capex": -66486000,
      "gross_margin": 0.275094390317749,
      "op_margin": 0.17538252390586434,
      "fcf_margin": 0.0015419257429415292,
      "fcf_margin_change": 0.018031762388826793
    },
    {
      "date": "2021-12-31T00:00:00",
      "quarter_label": "2021-12 (Q4)",
      "revenue": 591975000,
      "gross_profit": 148331000,
      "operating_income": 102215000,
      "net_income": 116861000,
      "opex": 497061000,
      "cogs": 443644000,
      "rd": 1568000,
      "sga": 54363000,
      "fcf": 86052000,
      "ocf": 160448000,
      "capex": -74396000,
      "gross_margin": 0.2505697031124625,
      "op_margin": 0.1726677646860087,
      "fcf_margin": 0.14536424680096288,
      "incr_op_margin_yoy": 0.3745615285897619,
      "rev_growth_yoy": 0.06296349499919197,
      "op_leverage_ratio": 1.0491487475228554,
      "fcf_margin_change": 0.14382232105802134
    },
    {
      "date": "2022-03-31T00:00:00",
      "quarter_label": "2022-03 (Q1)",
      "revenue": 530738000,
      "gross_profit": 125911000,
      "operating_income": 71573000,
      "net_income": 59010000,
      "opex": 467944000,
      "cogs": 404827000,
      "rd": 2953000,
      "sga": 60134000,
      "fcf": -57795000,
      "ocf": -5384000,
      "capex": -52411000,
      "gross_margin": 0.2372375823852824,
      "op_margin": 0.13485561614205124,
      "fcf_margin": -0.10889553791136117,
      "incr_op_margin_yoy": -4.397971602434077,
      "rev_growth_yoy": 0.004666147995449323,
      "rev_growth_yoy_accel": -0.05829734700374265,
      "fcf_margin_change": -0.254259784712324
    },
    {
      "date": "2022-06-30T00:00:00",
      "quarter_label": "2022-06 (Q2)",
      "revenue": 554208000,
      "gross_profit": 141208000,
      "operating_income": 95237000,
      "net_income": 74613000,
      "opex": 470290000,
      "cogs": 413000000,
      "rd": 2611000,
      "sga": 54680000,
      "fcf": 34887000,
      "ocf": 77422000,
      "capex": -42535000,
      "gross_margin": 0.25479242450487904,
      "op_margin": 0.171843423407818,
      "fcf_margin": 0.06294928979733241,
      "incr_op_margin_yoy": 0.4375165448288501,
      "rev_growth_yoy": 0.09722648431297627,
      "rev_growth_yoy_accel": 0.09256033631752694,
      "op_leverage_ratio": 8.82061327096667,
      "fcf_margin_change": 0.17184482770869358
    },
    {
      "date": "2022-09-30T00:00:00",
      "quarter_label": "2022-09 (Q3)",
      "revenue": 523711000,
      "gross_profit": 124430000,
      "operating_income": 79878000,
      "net_income": 61603000,
      "opex": 458616000,
      "cogs": 399281000,
      "rd": 1426000,
      "sga": 58160000,
      "fcf": 25352000,
      "ocf": 64997000,
      "capex": -39645000,
      "gross_margin": 0.23759287087725864,
      "op_margin": 0.15252305183584075,
      "fcf_margin": 0.048408377903080134,
      "incr_op_margin_yoy": -0.3037944284341979,
      "rev_growth_yoy": 0.05009554325312245,
      "rev_growth_yoy_accel": -0.04713094105985382,
      "fcf_margin_change": -0.01454091189425228
    },
    {
      "date": "2022-12-31T00:00:00",
      "quarter_label": "2022-12 (Q4)",
      "revenue": 624177000,
      "gross_profit": 160386000,
      "operating_income": 101883000,
      "net_income": 42965000,
      "opex": 533386000,
      "cogs": 463791000,
      "rd": 2545000,
      "sga": 61308000,
      "fcf": 43948000,
      "ocf": 107669000,
      "capex": -63721000,
      "gross_margin": 0.2569559596076113,
      "op_margin": 0.16322773828577472,
      "fcf_margin": 0.07040951524968078,
      "incr_op_margin_yoy": -0.010309918638593877,
      "rev_growth_yoy": 0.05439756746484226,
      "rev_growth_yoy_accel": 0.00430202421171981,
      "op_leverage_ratio": 1.1766552503064336,
      "fcf_margin_change": 0.022001137346600648
    },
    {
      "date": "2023-03-31T00:00:00",
      "quarter_label": "2023-03 (Q1)",
      "revenue": 568360000,
      "gross_profit": 137230000,
      "operating_income": 87842000,
      "net_income": 61092000,
      "opex": 494163000,
      "cogs": 431130000,
      "rd": 2204000,
      "sga": 60835000,
      "fcf": -42804000,
      "ocf": -13024000,
      "capex": -29780000,
      "gross_margin": 0.24144908156802028,
      "op_margin": 0.15455345203744106,
      "fcf_margin": -0.07531142233795482,
      "incr_op_margin_yoy": 0.4324331508160119,
      "rev_growth_yoy": 0.07088619997060697,
      "rev_growth_yoy_accel": 0.016488632505764704,
      "fcf_margin_change": -0.1457209375876356
    },
    {
      "date": "2023-06-30T00:00:00",
      "quarter_label": "2023-06 (Q2)",
      "revenue": 612445000,
      "gross_profit": 141121000,
      "operating_income": 86666000,
      "net_income": 58597000,
      "opex": 538347000,
      "cogs": 471324000,
      "rd": 2595000,
      "sga": 64437000,
      "fcf": 40811000,
      "ocf": 80613000,
      "capex": -39802000,
      "gross_margin": 0.23042232363722456,
      "op_margin": 0.14150821706438946,
      "fcf_margin": 0.0666361877393072,
      "incr_op_margin_yoy": -0.14717447670724798,
      "rev_growth_yoy": 0.10508148565159652,
      "rev_growth_yoy_accel": 0.03419528568098955,
      "op_leverage_ratio": 0.8675060938695165,
      "fcf_margin_change": 0.14194761007726203
    },
    {
      "date": "2023-09-30T00:00:00",
      "quarter_label": "2023-09 (Q3)",
      "revenue": 589989000,
      "gross_profit": 153693000,
      "operating_income": 85358000,
      "net_income": 60273000,
      "opex": 517280000,
      "cogs": 436296000,
      "rd": 1156000,
      "sga": 79828000,
      "fcf": 43432000,
      "ocf": 74348000,
      "capex": -30916000,
      "gross_margin": 0.26050146697650295,
      "op_margin": 0.1446772736440849,
      "fcf_margin": 0.07361493180381329,
      "incr_op_margin_yoy": 0.08268203627146263,
      "rev_growth_yoy": 0.1265545310295182,
      "rev_growth_yoy_accel": 0.021473045377921676,
      "fcf_margin_change": 0.00697874406450609
    },
    {
      "date": "2023-12-31T00:00:00",
      "quarter_label": "2023-12 (Q4)",
      "revenue": 725515000,
      "gross_profit": 188549000,
      "operating_income": 123193000,
      "net_income": 65887000,
      "opex": 614267000,
      "cogs": 536966000,
      "rd": 1658000,
      "sga": 74594000,
      "fcf": 170976000,
      "ocf": 221764000,
      "capex": -50788000,
      "gross_margin": 0.25988297967650564,
      "op_margin": 0.16980076221718365,
      "fcf_margin": 0.23566156454380682,
      "incr_op_margin_yoy": 0.21028636839092937,
      "rev_growth_yoy": 0.162354588522166,
      "rev_growth_yoy_accel": 0.03580005749264781,
      "op_leverage_ratio": 1.2251545217518687,
      "fcf_margin_change": 0.16204663273999353
    },
    {
      "date": "2024-03-31T00:00:00",
      "quarter_label": "2024-03 (Q1)",
      "revenue": 603966000,
      "gross_profit": 148609000,
      "operating_income": 92961000,
      "net_income": 68468000,
      "opex": 524208000,
      "cogs": 455357000,
      "rd": 1490000,
      "sga": 67361000,
      "fcf": 2604000,
      "ocf": 33026000,
      "capex": -30422000,
      "gross_margin": 0.24605524152021802,
      "op_margin": 0.1539176046333734,
      "fcf_margin": 0.004311500978531904,
      "incr_op_margin_yoy": 0.14376790428579453,
      "rev_growth_yoy": 0.06264691392779224,
      "rev_growth_yoy_accel": -0.09970767459437375,
      "fcf_margin_change": -0.23135006356527493
    },
    {
      "date": "2024-06-30T00:00:00",
      "quarter_label": "2024-06 (Q2)",
      "revenue": 681465000,
      "gross_profit": 168269000,
      "operating_income": 98806000,
      "net_income": 72972000,
      "opex": 594243000,
      "cogs": 513196000,
      "rd": 1271000,
      "sga": 79780000,
      "fcf": 35489000,
      "ocf": 65894000,
      "capex": -30405000,
      "gross_margin": 0.24692243915681655,
      "op_margin": 0.14499057178285019,
      "fcf_margin": 0.05207750948324565,
      "incr_op_margin_yoy": 0.17589104607360184,
      "rev_growth_yoy": 0.11269583391161656,
      "rev_growth_yoy_accel": 0.05004891998382431,
      "op_leverage_ratio": 0.960444158054008,
      "fcf_margin_change": 0.04776600850471375
    },
    {
      "date": "2024-09-30T00:00:00",
      "quarter_label": "2024-09 (Q3)",
      "revenue": 671956000,
      "gross_profit": 163956000,
      "operating_income": 96578000,
      "net_income": 69483000,
      "opex": 590910000,
      "cogs": 508000000,
      "rd": 2081000,
      "sga": 80829000,
      "fcf": -7673000,
      "ocf": 32628000,
      "capex": -40301000,
      "gross_margin": 0.2439981189244534,
      "op_margin": 0.14372667257975225,
      "fcf_margin": -0.011418902428135175,
      "incr_op_margin_yoy": 0.13688435589932535,
      "rev_growth_yoy": 0.13892970885897873,
      "rev_growth_yoy_accel": 0.02623387494736218,
      "fcf_margin_change": -0.06349641191138083
    },
    {
      "date": "2024-12-31T00:00:00",
      "quarter_label": "2024-12 (Q4)",
      "revenue": 746267000,
      "gross_profit": 174373000,
      "operating_income": 92262000,
      "net_income": 71018000,
      "opex": 669617000,
      "cogs": 571894000,
      "rd": 2636000,
      "sga": 90693000,
      "fcf": 224361000,
      "ocf": 276880000,
      "capex": -52519000,
      "gross_margin": 0.23366033872595196,
      "op_margin": 0.1236313544616069,
      "fcf_margin": 0.3006444074305845,
      "incr_op_margin_yoy": -1.4905069390902081,
      "rev_growth_yoy": 0.02860313019027863,
      "rev_growth_yoy_accel": -0.1103265786687001,
      "op_leverage_ratio": 0.8302717283168171,
      "fcf_margin_change": 0.31206330985871966
    },
    {
      "date": "2025-03-31T00:00:00",
      "quarter_label": "2025-03 (Q1)",
      "revenue": 682258000,
      "gross_profit": 165193000,
      "operating_income": 96630000,
      "net_income": 75462000,
      "opex": 602216000,
      "cogs": 517065000,
      "rd": 2013000,
      "sga": 87569000,
      "fcf": 17281000,
      "ocf": 50650000,
      "capex": -33369000,
      "gross_margin": 0.2421268786881209,
      "op_margin": 0.14163263750663238,
      "fcf_margin": 0.025329127690697655,
      "incr_op_margin_yoy": 0.046863025596484954,
      "rev_growth_yoy": 0.12962981359877873,
      "rev_growth_yoy_accel": 0.1010266834085001,
      "fcf_margin_change": -0.27531527973988684
    },
    {
      "date": "2025-06-30T00:00:00",
      "quarter_label": "2025-06 (Q2)",
      "revenue": 764039000,
      "gross_profit": 191397000,
      "operating_income": 102424000,
      "net_income": 78388000,
      "opex": 680160000,
      "cogs": 572642000,
      "rd": 4565000,
      "sga": 102940000,
      "fcf": 126314000,
      "ocf": 159043000,
      "capex": -32729000,
      "gross_margin": 0.2505068458547273,
      "op_margin": 0.13405598405317007,
      "fcf_margin": 0.16532402141775485,
      "incr_op_margin_yoy": 0.0438152445079565,
      "rev_growth_yoy": 0.12117130006676792,
      "rev_growth_yoy_accel": -0.008458513532010811,
      "op_leverage_ratio": 0.9261330447519139,
      "fcf_margin_change": 0.1399948937270572
    },
    {
      "date": "2025-09-30T00:00:00",
      "quarter_label": "2025-09 (Q3)",
      "revenue": 866286000,
      "gross_profit": 188994000,
      "operating_income": 113349000,
      "net_income": 82106000,
      "opex": 774153000,
      "cogs": 677292000,
      "rd": 3479000,
      "sga": 93381000,
      "fcf": 94893000,
      "ocf": 143160000,
      "capex": -48267000,
      "gross_margin": 0.21816582514319752,
      "op_margin": 0.13084477874512573,
      "fcf_margin": 0.1095400364313864,
      "incr_op_margin_yoy": 0.08630165182936242,
      "rev_growth_yoy": 0.2892004833649822,
      "rev_growth_yoy_accel": 0.1680291832982143,
      "op_leverage_ratio": 0.9683907293301965,
      "fcf_margin_change": -0.05578398498636844
    }
  ],
  "signals": [
    {
      "quarter": "2025-09 (Q3)",
      "signal": "YoY REVENUE GROWTH ACCELERATION",
      "detail": "YoY growth: +28.9% vs prior quarter YoY: +12.1% (accel: +16.8%)",
      "severity": "HIGH"
    },
    {
      "quarter": "2025-06 (Q2)",
      "signal": "FCF MARGIN EXPANSION",
      "detail": "FCF margin: +2.5% -> +16.5% (+14.0%)",
      "severity": "MEDIUM"
    },
    {
      "quarter": "2025-03 (Q1)",
      "signal": "YoY REVENUE GROWTH ACCELERATION",
      "detail": "YoY growth: +13.0% vs prior quarter YoY: +2.9% (accel: +10.1%)",
      "severity": "MEDIUM"
    },
    {
      "quarter": "2024-12 (Q4)",
      "signal": "FCF TURNED POSITIVE",
      "detail": "FCF margin: -1.1% -> +30.1%",
      "severity": "HIGH"
    },
    {
      "quarter": "2024-12 (Q4)",
      "signal": "YoY REVENUE GROWTH DECELERATION",
      "detail": "YoY growth: +2.9% vs prior quarter YoY: +13.9% (decel: -11.0%)",
      "severity": "WARNING"
    },
    {
      "quarter": "2024-06 (Q2)",
      "signal": "YoY REVENUE GROWTH ACCELERATION",
      "detail": "YoY growth: +11.3% vs prior quarter YoY: +6.3% (accel: +5.0%)",
      "severity": "MEDIUM"
    },
    {
      "quarter": "2024-03 (Q1)",
      "signal": "YoY REVENUE GROWTH DECELERATION",
      "detail": "YoY growth: +6.3% vs prior quarter YoY: +16.2% (decel: -10.0%)",
      "severity": "WARNING"
    },
    {
      "quarter": "2023-12 (Q4)",
      "signal": "FCF MARGIN EXPANSION",
      "detail": "FCF margin: +7.4% -> +23.6% (+16.2%)",
      "severity": "MEDIUM"
    },
    {
      "quarter": "2023-09 (Q3)",
      "signal": "GROSS MARGIN INFLECTION",
      "detail": "GM: +24.1% -> +23.0% -> +26.1% (reversal +3.0%)",
      "severity": "MEDIUM"
    },
    {
      "quarter": "2023-06 (Q2)",
      "signal": "FCF TURNED POSITIVE",
      "detail": "FCF margin: -7.5% -> +6.7%",
      "severity": "HIGH"
    },
    {
      "quarter": "2023-03 (Q1)",
      "signal": "INCREMENTAL MARGIN (YoY)",
      "detail": "YoY Incr OPM: +43.2% vs year-ago OPM: +13.5%",
      "severity": "HIGH"
    },
    {
      "quarter": "2022-06 (Q2)",
      "signal": "FCF TURNED POSITIVE",
      "detail": "FCF margin: -10.9% -> +6.3%",
      "severity": "HIGH"
    },
    {
      "quarter": "2022-06 (Q2)",
      "signal": "OPERATING LEVERAGE",
      "detail": "Rev growth +4.4% vs OpEx growth +0.5% (leverage: 8.8x)",
      "severity": "MEDIUM"
    },
    {
      "quarter": "2022-06 (Q2)",
      "signal": "YoY REVENUE GROWTH ACCELERATION",
      "detail": "YoY growth: +9.7% vs prior quarter YoY: +0.5% (accel: +9.3%)",
      "severity": "MEDIUM"
    },
    {
      "quarter": "2022-06 (Q2)",
      "signal": "INCREMENTAL MARGIN (YoY)",
      "detail": "YoY Incr OPM: +43.8% vs year-ago OPM: +14.6%",
      "severity": "HIGH"
    },
    {
      "quarter": "2022-03 (Q1)",
      "signal": "YoY REVENUE GROWTH DECELERATION",
      "detail": "YoY growth: +0.5% vs prior quarter YoY: +6.3% (decel: -5.8%)",
      "severity": "WARNING"
    },
    {
      "quarter": "2021-12 (Q4)",
      "signal": "FCF MARGIN EXPANSION",
      "detail": "FCF margin: +0.2% -> +14.5% (+14.4%)",
      "severity": "MEDIUM"
    },
    {
      "quarter": "2021-12 (Q4)",
      "signal": "INCREMENTAL MARGIN (YoY)",
      "detail": "YoY Incr OPM: +37.5% vs year-ago OPM: +16.0%",
      "severity": "HIGH"
    },
    {
      "quarter": "2021-09 (Q3)",
      "signal": "FCF TURNED POSITIVE",
      "detail": "FCF margin: -1.6% -> +0.2%",
      "severity": "HIGH"
    }
  ],
  "data_quality": {
    "n_quarters": 20,
    "coverage": {
      "revenue": [
        20,
        20
      ],
      "gross_profit": [
        20,
        20
      ],
      "op_income": [
        20,
        20
      ],
      "fcf": [
        20,
        20
      ]
    },
    "gaps": [],
    "warnings": []
  },
  "market_cap": null,
  "source": "SEC EDGAR",
  "last_updated": "2026-02-02T20:19:16.373083"
}