{
  "ticker": "BXC",
  "name": "BlueLinx Holdings Inc.",
  "quarters": [
    {
      "date": "2021-01-02T00:00:00",
      "quarter_label": "2021-01 (Q1)",
      "revenue": 865419000,
      "gross_profit": 124245000,
      "operating_income": 30370000,
      "net_income": 19858000,
      "opex": 93875000,
      "cogs": 741174000,
      "rd": null,
      "sga": 91922000,
      "fcf": -21123000,
      "ocf": -19377000,
      "capex": -1746000,
      "gross_margin": 0.1435662956325202,
      "op_margin": 0.03509282786719497,
      "fcf_margin": -0.024407830195546897
    },
    {
      "date": "2021-04-03T00:00:00",
      "quarter_label": "2021-04 (Q2)",
      "revenue": 1025469000,
      "gross_profit": 180392000,
      "operating_income": 99526000,
      "net_income": 61860000,
      "opex": 80866000,
      "cogs": 845077000,
      "rd": null,
      "sga": 75560000,
      "fcf": -25730000,
      "ocf": -24608000,
      "capex": -1122000,
      "gross_margin": 0.17591170479068602,
      "op_margin": 0.0970541284036865,
      "fcf_margin": -0.02509095838099445,
      "op_leverage_ratio": Infinity,
      "fcf_margin_change": -0.0006831281854475547
    },
    {
      "date": "2021-07-03T00:00:00",
      "quarter_label": "2021-07 (Q3)",
      "revenue": 1307913000,
      "gross_profit": 251172000,
      "operating_income": 157195000,
      "net_income": 113458000,
      "opex": 93977000,
      "cogs": 1056741000,
      "rd": null,
      "sga": 87010000,
      "fcf": 45431000,
      "ocf": 47209000,
      "capex": -1778000,
      "gross_margin": 0.19204029625823735,
      "op_margin": 0.12018765774176111,
      "fcf_margin": 0.03473549081628518,
      "op_leverage_ratio": 1.6987910384447935,
      "fcf_margin_change": 0.05982644919727963
    },
    {
      "date": "2021-10-02T00:00:00",
      "quarter_label": "2021-10 (Q4)",
      "revenue": 970842000,
      "gross_profit": 153327000,
      "operating_income": 71039000,
      "net_income": 47198000,
      "opex": 82288000,
      "cogs": 817515000,
      "rd": null,
      "sga": 76176000,
      "fcf": 101734000,
      "ocf": 104258000,
      "capex": -2524000,
      "gross_margin": 0.1579319806930479,
      "op_margin": 0.07317256566980003,
      "fcf_margin": 0.1047894508066194,
      "fcf_margin_change": 0.07005395999033423
    },
    {
      "date": "2022-01-01T00:00:00",
      "quarter_label": "2022-01 (Q1)",
      "revenue": 972954000,
      "gross_profit": 193536000,
      "operating_income": 110320000,
      "net_income": 73617000,
      "opex": 83216000,
      "cogs": 779418000,
      "rd": null,
      "sga": 83459000,
      "fcf": 9173000,
      "ocf": 18164000,
      "capex": -8991000,
      "gross_margin": 0.19891587885963777,
      "op_margin": 0.11338665548422638,
      "fcf_margin": 0.009427989401348882,
      "incr_op_margin_yoy": 0.7434788673455154,
      "rev_growth_yoy": 0.12425772949288148,
      "fcf_margin_change": -0.09536146140527052
    },
    {
      "date": "2022-04-02T00:00:00",
      "quarter_label": "2022-04 (Q2)",
      "revenue": 1302305000,
      "gross_profit": 291051000,
      "operating_income": 193162000,
      "net_income": 133409000,
      "opex": 97889000,
      "cogs": 1011254000,
      "rd": null,
      "sga": 91289000,
      "fcf": -272000,
      "ocf": 2237000,
      "capex": -2509000,
      "gross_margin": 0.22348912121200487,
      "op_margin": 0.14832316546431135,
      "fcf_margin": -0.00020886044359808185,
      "incr_op_margin_yoy": 0.33823635654322415,
      "rev_growth_yoy": 0.2699603791045853,
      "rev_growth_yoy_accel": 0.14570264961170382,
      "op_leverage_ratio": 1.9197938559200647,
      "fcf_margin_change": -0.009636849844946964
    },
    {
      "date": "2022-07-02T00:00:00",
      "quarter_label": "2022-07 (Q3)",
      "revenue": 1239379000,
      "gross_profit": 201408000,
      "operating_income": 104054000,
      "net_income": 71272000,
      "opex": 97354000,
      "cogs": 1037971000,
      "rd": null,
      "sga": 91338000,
      "fcf": 96820000,
      "ocf": 101193000,
      "capex": -4373000,
      "gross_margin": 0.16250719110134995,
      "op_margin": 0.08395656211699569,
      "fcf_margin": 0.07811976804512583,
      "incr_op_margin_yoy": 0.7753961537339131,
      "rev_growth_yoy": -0.05239950975332457,
      "rev_growth_yoy_accel": -0.3223598888579099,
      "fcf_margin_change": 0.0783286284887239
    },
    {
      "date": "2022-10-01T00:00:00",
      "quarter_label": "2022-10 (Q4)",
      "revenue": 1060761000,
      "gross_profit": 189376000,
      "operating_income": 90726000,
      "net_income": 59509000,
      "opex": 98650000,
      "cogs": 871385000,
      "rd": null,
      "sga": 91678000,
      "fcf": 130409000,
      "ocf": 142606000,
      "capex": -12197000,
      "gross_margin": 0.17852843383193764,
      "op_margin": 0.08552916255405317,
      "fcf_margin": 0.12293909749698566,
      "incr_op_margin_yoy": 0.2189414917870528,
      "rev_growth_yoy": 0.09261960236578146,
      "rev_growth_yoy_accel": 0.14501911211910604,
      "fcf_margin_change": 0.04481932945185983
    },
    {
      "date": "2022-12-31T00:00:00",
      "quarter_label": "2022-12 (Q4)",
      "revenue": 847769000,
      "gross_profit": 151149000,
      "operating_income": 51145000,
      "net_income": 31986000,
      "opex": 100004000,
      "cogs": 696620000,
      "rd": null,
      "sga": 92000000,
      "fcf": 137454000,
      "ocf": 154261000,
      "capex": -16807000,
      "gross_margin": 0.1782903125733543,
      "op_margin": 0.06032893394309063,
      "fcf_margin": 0.16213614793652517,
      "incr_op_margin_yoy": 0.4727004034029636,
      "rev_growth_yoy": -0.1286648700760776,
      "rev_growth_yoy_accel": -0.22128447244185906,
      "fcf_margin_change": 0.03919705043953951
    },
    {
      "date": "2023-04-01T00:00:00",
      "quarter_label": "2023-04 (Q2)",
      "revenue": 797904000,
      "gross_profit": 133539000,
      "operating_income": 32515000,
      "net_income": 17812000,
      "opex": 101024000,
      "cogs": 664365000,
      "rd": null,
      "sga": 91174000,
      "fcf": 79957000,
      "ocf": 88965000,
      "capex": -9008000,
      "gross_margin": 0.16736223906635384,
      "op_margin": 0.040750516352844456,
      "fcf_margin": 0.10020879704826646,
      "incr_op_margin_yoy": 0.31849064533971977,
      "rev_growth_yoy": -0.3873140316592503,
      "rev_growth_yoy_accel": -0.25864916158317275,
      "fcf_margin_change": -0.06192735088825871
    },
    {
      "date": "2023-07-01T00:00:00",
      "quarter_label": "2023-07 (Q3)",
      "revenue": 815967000,
      "gross_profit": 135803000,
      "operating_income": 39093000,
      "net_income": 24466000,
      "opex": 96710000,
      "cogs": 680164000,
      "rd": null,
      "sga": 88750000,
      "fcf": 59122000,
      "ocf": 64153000,
      "capex": -5031000,
      "gross_margin": 0.166431975802943,
      "op_margin": 0.04791002577310112,
      "fcf_margin": 0.07245636159305462,
      "incr_op_margin_yoy": 0.15342267106270016,
      "rev_growth_yoy": -0.34163238202357793,
      "rev_growth_yoy_accel": 0.045681649635672394,
      "op_leverage_ratio": Infinity,
      "fcf_margin_change": -0.027752435455211846
    },
    {
      "date": "2023-09-30T00:00:00",
      "quarter_label": "2023-09 (Q3)",
      "revenue": 809981000,
      "gross_profit": 139246000,
      "operating_income": 39656000,
      "net_income": 24382000,
      "opex": 99590000,
      "cogs": 670735000,
      "rd": null,
      "sga": 91354000,
      "fcf": 72707000,
      "ocf": 77606000,
      "capex": -4899000,
      "gross_margin": 0.17191267449483383,
      "op_margin": 0.048959173116406435,
      "fcf_margin": 0.08976383396647576,
      "incr_op_margin_yoy": 0.2036446287582742,
      "rev_growth_yoy": -0.23641517740565499,
      "rev_growth_yoy_accel": 0.10521720461792294,
      "fcf_margin_change": 0.017307472373421146
    },
    {
      "date": "2023-12-30T00:00:00",
      "quarter_label": "2023-12 (Q4)",
      "revenue": 712529000,
      "gross_profit": 118429000,
      "operating_income": 27185000,
      "net_income": -18124000,
      "opex": 91244000,
      "cogs": 594100000,
      "rd": null,
      "sga": 84541000,
      "fcf": 66979000,
      "ocf": 75561000,
      "capex": -8582000,
      "gross_margin": 0.16620937533770555,
      "op_margin": 0.03815283307767123,
      "fcf_margin": 0.0940017879974008,
      "incr_op_margin_yoy": 0.1771665187814256,
      "rev_growth_yoy": -0.15952458747606954,
      "rev_growth_yoy_accel": 0.07689058992958545,
      "fcf_margin_change": 0.004237954030925042
    },
    {
      "date": "2024-03-30T00:00:00",
      "quarter_label": "2024-03 (Q1)",
      "revenue": 726244000,
      "gross_profit": 127681000,
      "operating_income": 27668000,
      "net_income": 17492000,
      "opex": 100013000,
      "cogs": 598563000,
      "rd": null,
      "sga": 91250000,
      "fcf": -36582000,
      "ocf": -31135000,
      "capex": -5447000,
      "gross_margin": 0.17581005832750426,
      "op_margin": 0.03809738875639592,
      "fcf_margin": -0.050371500487439484,
      "incr_op_margin_yoy": 0.06763885012559308,
      "rev_growth_yoy": -0.08981030299384388,
      "rev_growth_yoy_accel": 0.06971428448222566,
      "op_leverage_ratio": 0.20028457943851874,
      "fcf_margin_change": -0.1443732884848403
    },
    {
      "date": "2024-06-29T00:00:00",
      "quarter_label": "2024-06 (Q2)",
      "revenue": 768363000,
      "gross_profit": 122444000,
      "operating_income": 23847000,
      "net_income": 14336000,
      "opex": 98597000,
      "cogs": 645919000,
      "rd": null,
      "sga": 89453000,
      "fcf": 29349000,
      "ocf": 35803000,
      "capex": -6454000,
      "gross_margin": 0.1593569705985322,
      "op_margin": 0.031036111837764183,
      "fcf_margin": 0.038196789798571766,
      "incr_op_margin_yoy": 0.32026720443660195,
      "rev_growth_yoy": -0.05834059465640155,
      "rev_growth_yoy_accel": 0.03146970833744233,
      "op_leverage_ratio": Infinity,
      "fcf_margin_change": 0.08856829028601125
    },
    {
      "date": "2024-09-28T00:00:00",
      "quarter_label": "2024-09 (Q3)",
      "revenue": 747288000,
      "gross_profit": 125669000,
      "operating_income": 24025000,
      "net_income": 16016000,
      "opex": 101644000,
      "cogs": 621619000,
      "rd": null,
      "sga": 92210000,
      "fcf": 53837000,
      "ocf": 61766000,
      "capex": -7929000,
      "gross_margin": 0.16816675766237382,
      "op_margin": 0.032149586237166926,
      "fcf_margin": 0.07204317478669536,
      "incr_op_margin_yoy": 0.24932608106168153,
      "rev_growth_yoy": -0.07740058100128275,
      "rev_growth_yoy_accel": -0.0190599863448812,
      "fcf_margin_change": 0.0338463849881236
    },
    {
      "date": "2024-12-28T00:00:00",
      "quarter_label": "2024-12 (Q4)",
      "revenue": 710637000,
      "gross_profit": 113345000,
      "operating_income": 12030000,
      "net_income": 5272000,
      "opex": 101315000,
      "cogs": 597292000,
      "rd": null,
      "sga": 92619000,
      "fcf": -1535000,
      "ocf": 18744000,
      "capex": -20279000,
      "gross_margin": 0.1594977463880997,
      "op_margin": 0.016928474031045387,
      "fcf_margin": -0.0021600338850918262,
      "incr_op_margin_yoy": 8.010042283298096,
      "rev_growth_yoy": -0.0026553305198805943,
      "rev_growth_yoy_accel": 0.07474525048140215,
      "fcf_margin_change": -0.07420320867178719
    },
    {
      "date": "2025-03-29T00:00:00",
      "quarter_label": "2025-03 (Q1)",
      "revenue": 709226000,
      "gross_profit": 111129000,
      "operating_income": 10724000,
      "net_income": 2805000,
      "opex": 100405000,
      "cogs": 598097000,
      "rd": null,
      "sga": 94093000,
      "fcf": -39840000,
      "ocf": -33908000,
      "capex": -5932000,
      "gross_margin": 0.1566905330599837,
      "op_margin": 0.015120709054659587,
      "fcf_margin": -0.0561739135339088,
      "incr_op_margin_yoy": 0.995651662945117,
      "rev_growth_yoy": -0.023432895831153166,
      "rev_growth_yoy_accel": -0.02077756531127257,
      "fcf_margin_change": -0.05401387964881697
    },
    {
      "date": "2025-06-28T00:00:00",
      "quarter_label": "2025-06 (Q2)",
      "revenue": 780107000,
      "gross_profit": 119689000,
      "operating_income": 15035000,
      "net_income": 4310000,
      "opex": 104654000,
      "cogs": 660418000,
      "rd": null,
      "sga": 95265000,
      "fcf": -36365000,
      "ocf": -26758000,
      "capex": -9607000,
      "gross_margin": 0.15342638894408075,
      "op_margin": 0.019272997165773412,
      "fcf_margin": -0.04661540019510144,
      "incr_op_margin_yoy": -0.7503405994550408,
      "rev_growth_yoy": 0.015284442379448256,
      "rev_growth_yoy_accel": 0.03871733821060142,
      "op_leverage_ratio": 2.361640549616705,
      "fcf_margin_change": 0.009558513338807355
    },
    {
      "date": "2025-09-27T00:00:00",
      "quarter_label": "2025-09 (Q3)",
      "revenue": 748870000,
      "gross_profit": 108187000,
      "operating_income": 9966000,
      "net_income": 1655000,
      "opex": 98221000,
      "cogs": 640683000,
      "rd": null,
      "sga": 89281000,
      "fcf": 52669000,
      "ocf": 58616000,
      "capex": -5947000,
      "gross_margin": 0.14446699694205936,
      "op_margin": 0.013308050796533443,
      "fcf_margin": 0.07033129915739715,
      "incr_op_margin_yoy": -8.88685208596713,
      "rev_growth_yoy": 0.002116988363254863,
      "rev_growth_yoy_accel": -0.013167454016193392,
      "fcf_margin_change": 0.1169466993524986
    }
  ],
  "signals": [
    {
      "quarter": "2025-09 (Q3)",
      "signal": "FCF TURNED POSITIVE",
      "detail": "FCF margin: -4.7% -> +7.0%",
      "severity": "HIGH"
    },
    {
      "quarter": "2025-06 (Q2)",
      "signal": "OPERATING LEVERAGE",
      "detail": "Rev growth +10.0% vs OpEx growth +4.2% (leverage: 2.4x)",
      "severity": "MEDIUM"
    },
    {
      "quarter": "2025-03 (Q1)",
      "signal": "INCREMENTAL MARGIN (YoY)",
      "detail": "YoY Incr OPM: +99.6% vs year-ago OPM: +3.8%",
      "severity": "HIGH"
    },
    {
      "quarter": "2024-12 (Q4)",
      "signal": "YoY REVENUE GROWTH ACCELERATION",
      "detail": "YoY growth: -0.3% vs prior quarter YoY: -7.7% (accel: +7.5%)",
      "severity": "MEDIUM"
    },
    {
      "quarter": "2024-12 (Q4)",
      "signal": "INCREMENTAL MARGIN (YoY)",
      "detail": "YoY Incr OPM: +801.0% vs year-ago OPM: +3.8%",
      "severity": "HIGH"
    },
    {
      "quarter": "2024-09 (Q3)",
      "signal": "INCREMENTAL MARGIN (YoY)",
      "detail": "YoY Incr OPM: +24.9% vs year-ago OPM: +4.9%",
      "severity": "HIGH"
    },
    {
      "quarter": "2024-06 (Q2)",
      "signal": "FCF TURNED POSITIVE",
      "detail": "FCF margin: -5.0% -> +3.8%",
      "severity": "HIGH"
    },
    {
      "quarter": "2024-06 (Q2)",
      "signal": "INCREMENTAL MARGIN (YoY)",
      "detail": "YoY Incr OPM: +32.0% vs year-ago OPM: +4.8%",
      "severity": "HIGH"
    },
    {
      "quarter": "2024-03 (Q1)",
      "signal": "YoY REVENUE GROWTH ACCELERATION",
      "detail": "YoY growth: -9.0% vs prior quarter YoY: -16.0% (accel: +7.0%)",
      "severity": "MEDIUM"
    },
    {
      "quarter": "2023-12 (Q4)",
      "signal": "YoY REVENUE GROWTH ACCELERATION",
      "detail": "YoY growth: -16.0% vs prior quarter YoY: -23.6% (accel: +7.7%)",
      "severity": "MEDIUM"
    },
    {
      "quarter": "2023-12 (Q4)",
      "signal": "INCREMENTAL MARGIN (YoY)",
      "detail": "YoY Incr OPM: +17.7% vs year-ago OPM: +6.0%",
      "severity": "MEDIUM"
    },
    {
      "quarter": "2023-09 (Q3)",
      "signal": "YoY REVENUE GROWTH ACCELERATION",
      "detail": "YoY growth: -23.6% vs prior quarter YoY: -34.2% (accel: +10.5%)",
      "severity": "MEDIUM"
    },
    {
      "quarter": "2023-09 (Q3)",
      "signal": "INCREMENTAL MARGIN (YoY)",
      "detail": "YoY Incr OPM: +20.4% vs year-ago OPM: +8.6%",
      "severity": "MEDIUM"
    },
    {
      "quarter": "2023-04 (Q2)",
      "signal": "YoY REVENUE GROWTH DECELERATION",
      "detail": "YoY growth: -38.7% vs prior quarter YoY: -12.9% (decel: -25.9%)",
      "severity": "WARNING"
    },
    {
      "quarter": "2023-04 (Q2)",
      "signal": "INCREMENTAL MARGIN (YoY)",
      "detail": "YoY Incr OPM: +31.8% vs year-ago OPM: +14.8%",
      "severity": "MEDIUM"
    },
    {
      "quarter": "2022-12 (Q4)",
      "signal": "YoY REVENUE GROWTH DECELERATION",
      "detail": "YoY growth: -12.9% vs prior quarter YoY: +9.3% (decel: -22.1%)",
      "severity": "WARNING"
    },
    {
      "quarter": "2022-12 (Q4)",
      "signal": "INCREMENTAL MARGIN (YoY)",
      "detail": "YoY Incr OPM: +47.3% vs year-ago OPM: +11.3%",
      "severity": "HIGH"
    },
    {
      "quarter": "2022-10 (Q4)",
      "signal": "YoY REVENUE GROWTH ACCELERATION",
      "detail": "YoY growth: +9.3% vs prior quarter YoY: -5.2% (accel: +14.5%)",
      "severity": "MEDIUM"
    },
    {
      "quarter": "2022-10 (Q4)",
      "signal": "INCREMENTAL MARGIN (YoY)",
      "detail": "YoY Incr OPM: +21.9% vs year-ago OPM: +7.3%",
      "severity": "MEDIUM"
    },
    {
      "quarter": "2022-07 (Q3)",
      "signal": "FCF TURNED POSITIVE",
      "detail": "FCF margin: -0.0% -> +7.8%",
      "severity": "HIGH"
    },
    {
      "quarter": "2022-07 (Q3)",
      "signal": "YoY REVENUE GROWTH DECELERATION",
      "detail": "YoY growth: -5.2% vs prior quarter YoY: +27.0% (decel: -32.2%)",
      "severity": "WARNING"
    },
    {
      "quarter": "2022-07 (Q3)",
      "signal": "INCREMENTAL MARGIN (YoY)",
      "detail": "YoY Incr OPM: +77.5% vs year-ago OPM: +12.0%",
      "severity": "HIGH"
    },
    {
      "quarter": "2022-04 (Q2)",
      "signal": "OPERATING LEVERAGE",
      "detail": "Rev growth +33.9% vs OpEx growth +17.6% (leverage: 1.9x)",
      "severity": "MEDIUM"
    },
    {
      "quarter": "2022-04 (Q2)",
      "signal": "YoY REVENUE GROWTH ACCELERATION",
      "detail": "YoY growth: +27.0% vs prior quarter YoY: +12.4% (accel: +14.6%)",
      "severity": "MEDIUM"
    },
    {
      "quarter": "2022-04 (Q2)",
      "signal": "INCREMENTAL MARGIN (YoY)",
      "detail": "YoY Incr OPM: +33.8% vs year-ago OPM: +9.7%",
      "severity": "HIGH"
    },
    {
      "quarter": "2022-01 (Q1)",
      "signal": "GROSS MARGIN INFLECTION",
      "detail": "GM: +19.2% -> +15.8% -> +19.9% (reversal +4.1%)",
      "severity": "MEDIUM"
    },
    {
      "quarter": "2022-01 (Q1)",
      "signal": "INCREMENTAL MARGIN (YoY)",
      "detail": "YoY Incr OPM: +74.3% vs year-ago OPM: +3.5%",
      "severity": "HIGH"
    },
    {
      "quarter": "2021-10 (Q4)",
      "signal": "FCF MARGIN EXPANSION",
      "detail": "FCF margin: +3.5% -> +10.5% (+7.0%)",
      "severity": "MEDIUM"
    },
    {
      "quarter": "2021-07 (Q3)",
      "signal": "FCF TURNED POSITIVE",
      "detail": "FCF margin: -2.5% -> +3.5%",
      "severity": "HIGH"
    },
    {
      "quarter": "2021-07 (Q3)",
      "signal": "OPERATING LEVERAGE",
      "detail": "Rev growth +27.5% vs OpEx growth +16.2% (leverage: 1.7x)",
      "severity": "MEDIUM"
    }
  ],
  "data_quality": {
    "n_quarters": 20,
    "coverage": {
      "revenue": [
        20,
        20
      ],
      "gross_profit": [
        20,
        20
      ],
      "op_income": [
        20,
        20
      ],
      "fcf": [
        20,
        20
      ]
    },
    "gaps": [],
    "warnings": []
  },
  "market_cap": null,
  "source": "SEC EDGAR",
  "last_updated": "2026-02-02T22:21:50.032234",
  "sector": "Industrials",
  "industry": "Industrial Distribution"
}