{
  "ticker": "BYND",
  "name": "BEYOND MEAT, INC.",
  "quarters": [
    {
      "date": "2020-12-31T00:00:00",
      "quarter_label": "2020-12 (Q4)",
      "revenue": 101937000,
      "gross_profit": 25405000,
      "operating_income": -24532000,
      "net_income": -25077000,
      "opex": 49937000,
      "cogs": 76532000,
      "rd": 11047000,
      "sga": 38488000,
      "fcf": -16906000,
      "ocf": 2742000,
      "capex": -19648000,
      "gross_margin": 0.2492225590315587,
      "op_margin": -0.24065844590286156,
      "fcf_margin": -0.16584753328035945
    },
    {
      "date": "2021-04-03T00:00:00",
      "quarter_label": "2021-04 (Q2)",
      "revenue": 108164000,
      "gross_profit": 32708000,
      "operating_income": -24645000,
      "net_income": -27266000,
      "opex": 57353000,
      "cogs": 75456000,
      "rd": 15925000,
      "sga": 38954000,
      "fcf": -54020000,
      "ocf": -30657000,
      "capex": -23363000,
      "gross_margin": 0.3023926629932325,
      "op_margin": -0.22784845235013498,
      "fcf_margin": -0.49942679634628895,
      "op_leverage_ratio": 0.4113388643104956,
      "fcf_margin_change": -0.3335792630659295
    },
    {
      "date": "2021-07-03T00:00:00",
      "quarter_label": "2021-07 (Q3)",
      "revenue": 149426000,
      "gross_profit": 47352000,
      "operating_income": -18601000,
      "net_income": -19652000,
      "opex": 65953000,
      "cogs": 102074000,
      "rd": 13823000,
      "sga": 48286000,
      "fcf": -117845000,
      "ocf": -89788000,
      "capex": -28057000,
      "gross_margin": 0.31689264251201266,
      "op_margin": -0.12448302169635807,
      "fcf_margin": -0.788651238740246,
      "op_leverage_ratio": 2.5440475466625614,
      "fcf_margin_change": -0.28922444239395706
    },
    {
      "date": "2021-10-02T00:00:00",
      "quarter_label": "2021-10 (Q4)",
      "revenue": 106432000,
      "gross_profit": 22976000,
      "operating_income": -53998000,
      "net_income": -54816000,
      "opex": 76974000,
      "cogs": 83456000,
      "rd": 14862000,
      "sga": 56362000,
      "fcf": -123483000,
      "ocf": -70602000,
      "capex": -52881000,
      "gross_margin": 0.2158749248346362,
      "op_margin": -0.5073474143114852,
      "fcf_margin": -1.160205577269994,
      "fcf_margin_change": -0.37155433852974795
    },
    {
      "date": "2021-12-31T00:00:00",
      "quarter_label": "2021-12 (Q4)",
      "revenue": 100678000,
      "gross_profit": 14245000,
      "operating_income": -77689000,
      "net_income": -80371000,
      "opex": 91934000,
      "cogs": 86433000,
      "rd": 22336000,
      "sga": 65872000,
      "fcf": -141983000,
      "ocf": -110323000,
      "capex": -31660000,
      "gross_margin": 0.14149069310077672,
      "op_margin": -0.771658157690856,
      "fcf_margin": -1.4102683803810168,
      "incr_op_margin_yoy": 42.221604447974585,
      "rev_growth_yoy": -0.012350765668991633,
      "fcf_margin_change": -0.2500628031110228
    },
    {
      "date": "2022-04-02T00:00:00",
      "quarter_label": "2022-04 (Q2)",
      "revenue": 109455000,
      "gross_profit": 190000,
      "operating_income": -97628000,
      "net_income": -100458000,
      "opex": 97818000,
      "cogs": 109265000,
      "rd": 19678000,
      "sga": 75114000,
      "fcf": -186758000,
      "ocf": -165210000,
      "capex": -21548000,
      "gross_margin": 0.0017358731898953908,
      "op_margin": -0.8919464620163537,
      "fcf_margin": -1.7062537115709653,
      "incr_op_margin_yoy": -56.532145623547635,
      "rev_growth_yoy": 0.011935579305499057,
      "rev_growth_yoy_accel": 0.02428634497449069,
      "op_leverage_ratio": 1.3621188754925495,
      "fcf_margin_change": -0.2959853311899485
    },
    {
      "date": "2022-07-02T00:00:00",
      "quarter_label": "2022-07 (Q3)",
      "revenue": 147040000,
      "gross_profit": -6162000,
      "operating_income": -89681000,
      "net_income": -97134000,
      "opex": 83519000,
      "cogs": 153202000,
      "rd": 16202000,
      "sga": 63015000,
      "fcf": -90897000,
      "ocf": -70480000,
      "capex": -20417000,
      "gross_margin": -0.0419069640914037,
      "op_margin": -0.6099088683351469,
      "fcf_margin": -0.6181787268770402,
      "incr_op_margin_yoy": 29.790444258172673,
      "rev_growth_yoy": -0.015967769999866155,
      "rev_growth_yoy_accel": -0.027903349305365213,
      "op_leverage_ratio": Infinity,
      "fcf_margin_change": 1.088074984693925
    },
    {
      "date": "2022-10-01T00:00:00",
      "quarter_label": "2022-10 (Q4)",
      "revenue": 82500000,
      "gross_profit": -14840000,
      "operating_income": -89741000,
      "net_income": -101678000,
      "opex": 74901000,
      "cogs": 97340000,
      "rd": 13413000,
      "sga": 54495000,
      "fcf": -52644000,
      "ocf": -34657000,
      "capex": -17987000,
      "gross_margin": -0.1798787878787879,
      "op_margin": -1.087769696969697,
      "fcf_margin": -0.638109090909091,
      "incr_op_margin_yoy": 1.4935233160621761,
      "rev_growth_yoy": -0.2248571858087793,
      "rev_growth_yoy_accel": -0.20888941580891315,
      "fcf_margin_change": -0.01993036403205073
    },
    {
      "date": "2022-12-31T00:00:00",
      "quarter_label": "2022-12 (Q4)",
      "revenue": 79938000,
      "gross_profit": -2931000,
      "operating_income": -65721000,
      "net_income": -66867000,
      "opex": 62790000,
      "cogs": 82869000,
      "rd": 12971000,
      "sga": 46881000,
      "fcf": -60420000,
      "ocf": -49897000,
      "capex": -10523000,
      "gross_margin": -0.03666591608496585,
      "op_margin": -0.8221496659911431,
      "fcf_margin": -0.755835772723861,
      "incr_op_margin_yoy": -0.5770491803278689,
      "rev_growth_yoy": -0.20600329764198733,
      "rev_growth_yoy_accel": 0.018853888166791982,
      "fcf_margin_change": -0.11772668181477008
    },
    {
      "date": "2023-04-01T00:00:00",
      "quarter_label": "2023-04 (Q2)",
      "revenue": 92236000,
      "gross_profit": 6185000,
      "operating_income": -57721000,
      "net_income": -59037000,
      "opex": 63906000,
      "cogs": 86051000,
      "rd": 12432000,
      "sga": 51900000,
      "fcf": -47479000,
      "ocf": -42177000,
      "capex": -5302000,
      "gross_margin": 0.06705624701851771,
      "op_margin": -0.6257968689015135,
      "fcf_margin": -0.5147556268702025,
      "incr_op_margin_yoy": -2.3176142633137813,
      "rev_growth_yoy": -0.1573157918779407,
      "rev_growth_yoy_accel": 0.048687505764046624,
      "op_leverage_ratio": 8.655805695650688,
      "fcf_margin_change": 0.24108014585365856
    },
    {
      "date": "2023-07-01T00:00:00",
      "quarter_label": "2023-07 (Q3)",
      "revenue": 102149000,
      "gross_profit": 2273000,
      "operating_income": -53754000,
      "net_income": -53505000,
      "opex": 56027000,
      "cogs": 99876000,
      "rd": 8773000,
      "sga": 47455000,
      "fcf": -47996000,
      "ocf": -46159000,
      "capex": -1837000,
      "gross_margin": 0.022251808632487838,
      "op_margin": -0.5262312895867801,
      "fcf_margin": -0.4698626516167559,
      "incr_op_margin_yoy": -0.8003163217571451,
      "rev_growth_yoy": -0.3052978781284004,
      "rev_growth_yoy_accel": -0.14798208625045972,
      "op_leverage_ratio": Infinity,
      "fcf_margin_change": 0.0448929752534466
    },
    {
      "date": "2023-09-30T00:00:00",
      "quarter_label": "2023-09 (Q3)",
      "revenue": 75312000,
      "gross_profit": -7254000,
      "operating_income": -69620000,
      "net_income": -70492000,
      "opex": 62366000,
      "cogs": 82566000,
      "rd": 9118000,
      "sga": 53252000,
      "fcf": 7626000,
      "ocf": 9054000,
      "capex": -1428000,
      "gross_margin": -0.09631931166347993,
      "op_margin": -0.9244210749946887,
      "fcf_margin": 0.10125876354365838,
      "incr_op_margin_yoy": -2.7992487479131887,
      "rev_growth_yoy": -0.08712727272727273,
      "rev_growth_yoy_accel": 0.2181706054011277,
      "fcf_margin_change": 0.5711214151604143
    },
    {
      "date": "2023-12-31T00:00:00",
      "quarter_label": "2023-12 (Q4)",
      "revenue": 73679000,
      "gross_profit": -83859000,
      "operating_income": -160803000,
      "net_income": -155110000,
      "opex": 76944000,
      "cogs": 157538000,
      "rd": 9207000,
      "sga": 67737000,
      "fcf": -30540000,
      "ocf": -28543000,
      "capex": -1997000,
      "gross_margin": -1.1381669132317214,
      "op_margin": -2.1824807611395376,
      "fcf_margin": -0.41450073969516416,
      "incr_op_margin_yoy": 15.191244607764819,
      "rev_growth_yoy": -0.07829818109034502,
      "rev_growth_yoy_accel": 0.008829091636927716,
      "fcf_margin_change": -0.5157595032388226
    },
    {
      "date": "2024-03-30T00:00:00",
      "quarter_label": "2024-03 (Q1)",
      "revenue": 75603000,
      "gross_profit": 3668000,
      "operating_income": -53474000,
      "net_income": -54361000,
      "opex": 57142000,
      "cogs": 71935000,
      "rd": 9860000,
      "sga": 47282000,
      "fcf": -33002000,
      "ocf": -31805000,
      "capex": -1197000,
      "gross_margin": 0.04851659325688134,
      "op_margin": -0.7072999748687221,
      "fcf_margin": -0.43651706942846186,
      "incr_op_margin_yoy": -0.2553357782721097,
      "rev_growth_yoy": -0.18033089032481894,
      "rev_growth_yoy_accel": -0.10203270923447393,
      "op_leverage_ratio": Infinity,
      "fcf_margin_change": -0.0220163297332977
    },
    {
      "date": "2024-06-29T00:00:00",
      "quarter_label": "2024-06 (Q2)",
      "revenue": 93185000,
      "gross_profit": 13717000,
      "operating_income": -33931000,
      "net_income": -34479000,
      "opex": 47648000,
      "cogs": 79468000,
      "rd": 5485000,
      "sga": 42163000,
      "fcf": -17332000,
      "ocf": -16009000,
      "capex": -1323000,
      "gross_margin": 0.14720180286526802,
      "op_margin": -0.36412512743467296,
      "fcf_margin": -0.18599560015023878,
      "incr_op_margin_yoy": -2.211401160196341,
      "rev_growth_yoy": -0.08775416303634886,
      "rev_growth_yoy_accel": 0.09257672728847008,
      "op_leverage_ratio": Infinity,
      "fcf_margin_change": 0.25052146927822305
    },
    {
      "date": "2024-09-28T00:00:00",
      "quarter_label": "2024-09 (Q3)",
      "revenue": 81006000,
      "gross_profit": 14308000,
      "operating_income": -30909000,
      "net_income": -26576000,
      "opex": 45217000,
      "cogs": 66698000,
      "rd": 6133000,
      "sga": 39084000,
      "fcf": -24067000,
      "ocf": -22047000,
      "capex": -2020000,
      "gross_margin": 0.17662889168703552,
      "op_margin": -0.38156432856825423,
      "fcf_margin": -0.2971014492753623,
      "incr_op_margin_yoy": 6.798559887600984,
      "rev_growth_yoy": 0.07560548119821542,
      "rev_growth_yoy_accel": 0.16335964423456428,
      "fcf_margin_change": -0.11110584912512353
    },
    {
      "date": "2024-12-31T00:00:00",
      "quarter_label": "2024-12 (Q4)",
      "revenue": 76658000,
      "gross_profit": 10006000,
      "operating_income": -37810000,
      "net_income": -44862000,
      "opex": 47816000,
      "cogs": 66652000,
      "rd": 6671000,
      "sga": 41145000,
      "fcf": -35427000,
      "ocf": -28952000,
      "capex": -6475000,
      "gross_margin": 0.13052779879464635,
      "op_margin": -0.4932296694408933,
      "fcf_margin": -0.4621435466617966,
      "incr_op_margin_yoy": 41.28667338032897,
      "rev_growth_yoy": 0.04043214484452829,
      "rev_growth_yoy_accel": -0.03517333635368713,
      "fcf_margin_change": -0.16504209738643427
    },
    {
      "date": "2025-03-29T00:00:00",
      "quarter_label": "2025-03 (Q1)",
      "revenue": 68731000,
      "gross_profit": -1065000,
      "operating_income": -56199000,
      "net_income": -52916000,
      "opex": 55134000,
      "cogs": 69796000,
      "rd": 7462000,
      "sga": 47672000,
      "fcf": -30631000,
      "ocf": -26146000,
      "capex": -4485000,
      "gross_margin": -0.01549519139835009,
      "op_margin": -0.8176659731416682,
      "fcf_margin": -0.4456649837773348,
      "incr_op_margin_yoy": 0.39653667054714786,
      "rev_growth_yoy": -0.09089586392074389,
      "rev_growth_yoy_accel": -0.13132800876527218,
      "fcf_margin_change": 0.016478562884461756
    },
    {
      "date": "2025-06-28T00:00:00",
      "quarter_label": "2025-06 (Q2)",
      "revenue": 74958000,
      "gross_profit": 8591000,
      "operating_income": -34912000,
      "net_income": -29242000,
      "opex": 43503000,
      "cogs": 66367000,
      "rd": 5807000,
      "sga": 37696000,
      "fcf": -35147000,
      "ocf": -33209000,
      "capex": -1938000,
      "gross_margin": 0.11461084874196216,
      "op_margin": -0.4657541556605032,
      "fcf_margin": -0.4688892446436671,
      "incr_op_margin_yoy": 0.053821254183354365,
      "rev_growth_yoy": -0.19560015023877234,
      "rev_growth_yoy_accel": -0.10470428631802844,
      "op_leverage_ratio": Infinity,
      "fcf_margin_change": -0.02322426086633228
    },
    {
      "date": "2025-09-27T00:00:00",
      "quarter_label": "2025-09 (Q3)",
      "revenue": 70218000,
      "gross_profit": 7230000,
      "operating_income": -112331000,
      "net_income": -110688000,
      "opex": 119561000,
      "cogs": 62988000,
      "rd": 4917000,
      "sga": 37230000,
      "fcf": -41690000,
      "ocf": -38783000,
      "capex": -2907000,
      "gross_margin": 0.10296505169614628,
      "op_margin": -1.5997465037454783,
      "fcf_margin": -0.5937224073599362,
      "incr_op_margin_yoy": 7.547460140897293,
      "rev_growth_yoy": -0.13317532034664098,
      "rev_growth_yoy_accel": 0.062424829892131356,
      "fcf_margin_change": -0.1248331627162691
    }
  ],
  "signals": [
    {
      "quarter": "2025-09 (Q3)",
      "signal": "YoY REVENUE GROWTH ACCELERATION",
      "detail": "YoY growth: -13.3% vs prior quarter YoY: -19.6% (accel: +6.2%)",
      "severity": "MEDIUM"
    },
    {
      "quarter": "2025-06 (Q2)",
      "signal": "GROSS MARGIN INFLECTION",
      "detail": "GM: +13.1% -> -1.5% -> +11.5% (reversal +13.0%)",
      "severity": "HIGH"
    },
    {
      "quarter": "2025-06 (Q2)",
      "signal": "YoY REVENUE GROWTH DECELERATION",
      "detail": "YoY growth: -19.6% vs prior quarter YoY: -9.1% (decel: -10.5%)",
      "severity": "WARNING"
    },
    {
      "quarter": "2025-03 (Q1)",
      "signal": "YoY REVENUE GROWTH DECELERATION",
      "detail": "YoY growth: -9.1% vs prior quarter YoY: +4.0% (decel: -13.1%)",
      "severity": "WARNING"
    },
    {
      "quarter": "2024-09 (Q3)",
      "signal": "YoY REVENUE GROWTH ACCELERATION",
      "detail": "YoY growth: +7.6% vs prior quarter YoY: -8.8% (accel: +16.3%)",
      "severity": "HIGH"
    },
    {
      "quarter": "2024-06 (Q2)",
      "signal": "FCF MARGIN EXPANSION",
      "detail": "FCF margin: -43.7% -> -18.6% (+25.1%)",
      "severity": "MEDIUM"
    },
    {
      "quarter": "2024-06 (Q2)",
      "signal": "YoY REVENUE GROWTH ACCELERATION",
      "detail": "YoY growth: -8.8% vs prior quarter YoY: -18.0% (accel: +9.3%)",
      "severity": "MEDIUM"
    },
    {
      "quarter": "2024-03 (Q1)",
      "signal": "GROSS MARGIN INFLECTION",
      "detail": "GM: -9.6% -> -113.8% -> +4.9% (reversal +118.7%)",
      "severity": "HIGH"
    },
    {
      "quarter": "2024-03 (Q1)",
      "signal": "YoY REVENUE GROWTH DECELERATION",
      "detail": "YoY growth: -18.0% vs prior quarter YoY: -7.8% (decel: -10.2%)",
      "severity": "WARNING"
    },
    {
      "quarter": "2023-09 (Q3)",
      "signal": "FCF TURNED POSITIVE",
      "detail": "FCF margin: -47.0% -> +10.1%",
      "severity": "HIGH"
    },
    {
      "quarter": "2023-09 (Q3)",
      "signal": "YoY REVENUE GROWTH ACCELERATION",
      "detail": "YoY growth: -8.7% vs prior quarter YoY: -30.5% (accel: +21.8%)",
      "severity": "HIGH"
    },
    {
      "quarter": "2023-07 (Q3)",
      "signal": "YoY REVENUE GROWTH DECELERATION",
      "detail": "YoY growth: -30.5% vs prior quarter YoY: -15.7% (decel: -14.8%)",
      "severity": "WARNING"
    },
    {
      "quarter": "2023-04 (Q2)",
      "signal": "FCF MARGIN EXPANSION",
      "detail": "FCF margin: -75.6% -> -51.5% (+24.1%)",
      "severity": "MEDIUM"
    },
    {
      "quarter": "2023-04 (Q2)",
      "signal": "OPERATING LEVERAGE",
      "detail": "Rev growth +15.4% vs OpEx growth +1.8% (leverage: 8.7x)",
      "severity": "MEDIUM"
    },
    {
      "quarter": "2022-12 (Q4)",
      "signal": "GROSS MARGIN INFLECTION",
      "detail": "GM: -4.2% -> -18.0% -> -3.7% (reversal +14.3%)",
      "severity": "HIGH"
    },
    {
      "quarter": "2022-10 (Q4)",
      "signal": "YoY REVENUE GROWTH DECELERATION",
      "detail": "YoY growth: -22.5% vs prior quarter YoY: -1.6% (decel: -20.9%)",
      "severity": "WARNING"
    },
    {
      "quarter": "2022-07 (Q3)",
      "signal": "FCF MARGIN EXPANSION",
      "detail": "FCF margin: -170.6% -> -61.8% (+108.8%)",
      "severity": "MEDIUM"
    },
    {
      "quarter": "2021-07 (Q3)",
      "signal": "OPERATING LEVERAGE",
      "detail": "Rev growth +38.1% vs OpEx growth +15.0% (leverage: 2.5x)",
      "severity": "MEDIUM"
    }
  ],
  "data_quality": {
    "n_quarters": 20,
    "coverage": {
      "revenue": [
        20,
        20
      ],
      "gross_profit": [
        20,
        20
      ],
      "op_income": [
        20,
        20
      ],
      "fcf": [
        20,
        20
      ]
    },
    "gaps": [],
    "warnings": []
  },
  "market_cap": null,
  "source": "SEC EDGAR",
  "last_updated": "2026-02-02T22:35:32.986258"
}