{
  "ticker": "BYRN",
  "name": "BYRNA TECHNOLOGIES INC",
  "quarters": [
    {
      "date": "2020-11-30T00:00:00",
      "quarter_label": "2020-11 (Q4)",
      "revenue": 11029154,
      "gross_profit": 4896609,
      "operating_income": -1257266,
      "net_income": null,
      "opex": 6153875,
      "cogs": 6132545,
      "rd": null,
      "sga": null,
      "fcf": -2629000,
      "ocf": -2226000,
      "capex": -403000,
      "gross_margin": 0.44396959186534163,
      "op_margin": -0.11399478146737274,
      "fcf_margin": -0.238368237491289
    },
    {
      "date": "2021-02-28T00:00:00",
      "quarter_label": "2021-02 (Q1)",
      "revenue": 8893000,
      "gross_profit": 4740000,
      "operating_income": -411000,
      "net_income": -272000,
      "opex": 5151000,
      "cogs": 4153000,
      "rd": null,
      "sga": null,
      "fcf": -5680000,
      "ocf": -5655000,
      "capex": -25000,
      "gross_margin": 0.5330034858877769,
      "op_margin": -0.046216125042167995,
      "fcf_margin": -0.6387045991229057,
      "fcf_margin_change": -0.4003363616316167
    },
    {
      "date": "2021-05-31T00:00:00",
      "quarter_label": "2021-05 (Q2)",
      "revenue": 13401000,
      "gross_profit": 7562000,
      "operating_income": 2023000,
      "net_income": 2037000,
      "opex": 5539000,
      "cogs": 5839000,
      "rd": null,
      "sga": null,
      "fcf": 2700000,
      "ocf": 2791000,
      "capex": -91000,
      "gross_margin": 0.564286247294978,
      "op_margin": 0.1509588836653981,
      "fcf_margin": 0.20147750167897918,
      "op_leverage_ratio": 6.729695891938638,
      "fcf_margin_change": 0.8401821008018848
    },
    {
      "date": "2021-08-31T00:00:00",
      "quarter_label": "2021-08 (Q3)",
      "revenue": 8703000,
      "gross_profit": 4888000,
      "operating_income": -1804000,
      "net_income": -1841000,
      "opex": 6692000,
      "cogs": 3815000,
      "rd": null,
      "sga": null,
      "fcf": -1123000,
      "ocf": -412000,
      "capex": -711000,
      "gross_margin": 0.5616454096288636,
      "op_margin": -0.20728484430656097,
      "fcf_margin": -0.12903596460990463,
      "fcf_margin_change": -0.3305134662888838
    },
    {
      "date": "2021-11-30T00:00:00",
      "quarter_label": "2021-11 (Q4)",
      "revenue": 11163000,
      "gross_profit": 5700000,
      "operating_income": -3099000,
      "net_income": -3208000,
      "opex": 8799000,
      "cogs": 5463000,
      "rd": null,
      "sga": null,
      "fcf": -2172000,
      "ocf": -1161000,
      "capex": -1011000,
      "gross_margin": 0.5106154259607633,
      "op_margin": -0.277613544746036,
      "fcf_margin": -0.19457135178715398,
      "rev_growth_yoy": 0.012135654284997743,
      "op_leverage_ratio": 0.8977543543811792,
      "fcf_margin_change": -0.06553538717724935
    },
    {
      "date": "2022-02-28T00:00:00",
      "quarter_label": "2022-02 (Q1)",
      "revenue": 7977000,
      "gross_profit": 4614000,
      "operating_income": -3409000,
      "net_income": -3221000,
      "opex": 8023000,
      "cogs": 3363000,
      "rd": null,
      "sga": null,
      "fcf": -9347000,
      "ocf": -8432000,
      "capex": -915000,
      "gross_margin": 0.578412937194434,
      "op_margin": -0.42735364171994483,
      "fcf_margin": -1.1717437633195438,
      "rev_growth_yoy": -0.10300236140784887,
      "rev_growth_yoy_accel": -0.11513801569284661,
      "fcf_margin_change": -0.9771724115323898
    },
    {
      "date": "2022-05-31T00:00:00",
      "quarter_label": "2022-05 (Q2)",
      "revenue": 11619000,
      "gross_profit": 6124000,
      "operating_income": -2615000,
      "net_income": -2996000,
      "opex": 8739000,
      "cogs": 5495000,
      "rd": null,
      "sga": null,
      "fcf": -4799000,
      "ocf": -3751000,
      "capex": -1048000,
      "gross_margin": 0.5270677338841553,
      "op_margin": -0.22506239779671228,
      "fcf_margin": -0.4130303812720544,
      "incr_op_margin_yoy": 2.6026936026936025,
      "rev_growth_yoy": -0.13297515110812627,
      "rev_growth_yoy_accel": -0.029972789700277405,
      "op_leverage_ratio": 5.115924413975094,
      "fcf_margin_change": 0.7587133820474894
    },
    {
      "date": "2022-08-31T00:00:00",
      "quarter_label": "2022-08 (Q3)",
      "revenue": 12422000,
      "gross_profit": 6877000,
      "operating_income": -1406000,
      "net_income": -1534000,
      "opex": 8283000,
      "cogs": 5545000,
      "rd": null,
      "sga": null,
      "fcf": -870000,
      "ocf": -601000,
      "capex": -269000,
      "gross_margin": 0.5536145548220899,
      "op_margin": -0.11318628240218967,
      "fcf_margin": -0.07003703107390115,
      "incr_op_margin_yoy": 0.10701801559559021,
      "rev_growth_yoy": 0.4273239112949558,
      "rev_growth_yoy_accel": 0.560299062403082,
      "op_leverage_ratio": Infinity,
      "fcf_margin_change": 0.34299335019815325
    },
    {
      "date": "2022-11-30T00:00:00",
      "quarter_label": "2022-11 (Q4)",
      "revenue": 16018000,
      "gross_profit": 8663000,
      "operating_income": -25000,
      "net_income": -133000,
      "opex": 8688000,
      "cogs": 7355000,
      "rd": null,
      "sga": null,
      "fcf": -2063000,
      "ocf": -1042000,
      "capex": -1021000,
      "gross_margin": 0.5408290672992883,
      "op_margin": -0.001560744162816831,
      "fcf_margin": -0.1287926083156449,
      "incr_op_margin_yoy": 0.6331616889804326,
      "rev_growth_yoy": 0.434918928603422,
      "rev_growth_yoy_accel": 0.007595017308466234,
      "op_leverage_ratio": 5.920532865823479,
      "fcf_margin_change": -0.05875557724174375
    },
    {
      "date": "2023-02-28T00:00:00",
      "quarter_label": "2023-02 (Q1)",
      "revenue": 8411000,
      "gross_profit": 5246000,
      "operating_income": -1994000,
      "net_income": -2153000,
      "opex": 7240000,
      "cogs": 3165000,
      "rd": null,
      "sga": null,
      "fcf": -3577000,
      "ocf": -3371000,
      "capex": -206000,
      "gross_margin": 0.6237070502912853,
      "op_margin": -0.23707050291285223,
      "fcf_margin": -0.4252764237308287,
      "rev_growth_yoy": 0.054406418453052524,
      "rev_growth_yoy_accel": -0.38051251015036947,
      "fcf_margin_change": -0.29648381541518376
    },
    {
      "date": "2023-05-31T00:00:00",
      "quarter_label": "2023-05 (Q2)",
      "revenue": 11508000,
      "gross_profit": 6199000,
      "operating_income": -816000,
      "net_income": -1116000,
      "opex": 7015000,
      "cogs": 5309000,
      "rd": null,
      "sga": null,
      "fcf": 1067000,
      "ocf": 1009000,
      "capex": 58000,
      "gross_margin": 0.5386687521724018,
      "op_margin": -0.07090719499478623,
      "fcf_margin": 0.0927181091414668,
      "rev_growth_yoy": -0.009553317841466564,
      "rev_growth_yoy_accel": -0.06395973629451909,
      "op_leverage_ratio": Infinity,
      "fcf_margin_change": 0.5179945328722955
    },
    {
      "date": "2023-08-31T00:00:00",
      "quarter_label": "2023-08 (Q3)",
      "revenue": 7085000,
      "gross_profit": 3158000,
      "operating_income": -4109000,
      "net_income": -4094000,
      "opex": 7267000,
      "cogs": 3927000,
      "rd": null,
      "sga": null,
      "fcf": -1460000,
      "ocf": -1266000,
      "capex": -194000,
      "gross_margin": 0.44573041637261823,
      "op_margin": -0.5799576570218772,
      "fcf_margin": -0.20606916019760058,
      "incr_op_margin_yoy": 0.5064643057897695,
      "rev_growth_yoy": -0.42964095958782805,
      "rev_growth_yoy_accel": -0.4200876417463615,
      "fcf_margin_change": -0.2987872693390674
    },
    {
      "date": "2023-11-30T00:00:00",
      "quarter_label": "2023-11 (Q4)",
      "revenue": 15640000,
      "gross_profit": 9045000,
      "operating_income": -870000,
      "net_income": -829000,
      "opex": 9915000,
      "cogs": 6595000,
      "rd": null,
      "sga": null,
      "fcf": 6959000,
      "ocf": 7520000,
      "capex": -561000,
      "gross_margin": 0.5783248081841432,
      "op_margin": -0.055626598465473145,
      "fcf_margin": 0.4449488491048593,
      "rev_growth_yoy": -0.023598451741790486,
      "rev_growth_yoy_accel": 0.40604250784603757,
      "op_leverage_ratio": 3.313731672163862,
      "fcf_margin_change": 0.6510180093024599
    },
    {
      "date": "2024-02-29T00:00:00",
      "quarter_label": "2024-02 (Q1)",
      "revenue": 16654000,
      "gross_profit": 9639000,
      "operating_income": -164000,
      "net_income": 17000,
      "opex": 9803000,
      "cogs": 7015000,
      "rd": null,
      "sga": null,
      "fcf": 3771000,
      "ocf": 3942000,
      "capex": -171000,
      "gross_margin": 0.5787798727032545,
      "op_margin": -0.009847484087906809,
      "fcf_margin": 0.22643208838717424,
      "incr_op_margin_yoy": 0.22200655101298072,
      "rev_growth_yoy": 0.9800261562239924,
      "rev_growth_yoy_accel": 1.003624607965783,
      "op_leverage_ratio": Infinity,
      "fcf_margin_change": -0.21851676071768508
    },
    {
      "date": "2024-05-31T00:00:00",
      "quarter_label": "2024-05 (Q2)",
      "revenue": 20269000,
      "gross_profit": 12560000,
      "operating_income": 1913000,
      "net_income": 2077000,
      "opex": 10647000,
      "cogs": 7709000,
      "rd": null,
      "sga": null,
      "fcf": 1411000,
      "ocf": 1933000,
      "capex": -522000,
      "gross_margin": 0.6196654990379397,
      "op_margin": 0.09438058118308747,
      "fcf_margin": 0.06961369579160294,
      "incr_op_margin_yoy": 0.3114941216756078,
      "rev_growth_yoy": 0.7612964893986792,
      "rev_growth_yoy_accel": -0.21872966682531314,
      "op_leverage_ratio": 2.5211941881517155,
      "fcf_margin_change": -0.1568183925955713
    },
    {
      "date": "2024-08-31T00:00:00",
      "quarter_label": "2024-08 (Q3)",
      "revenue": 20854000,
      "gross_profit": 13012000,
      "operating_income": 828000,
      "net_income": 1025000,
      "opex": 12184000,
      "cogs": 7842000,
      "rd": null,
      "sga": null,
      "fcf": -2085000,
      "ocf": -1396000,
      "capex": -689000,
      "gross_margin": 0.6239570346216553,
      "op_margin": 0.039704613023880314,
      "fcf_margin": -0.09998081902752469,
      "incr_op_margin_yoy": 0.3585590819957876,
      "rev_growth_yoy": 1.9434015525758646,
      "rev_growth_yoy_accel": 1.1821050631771852,
      "op_leverage_ratio": 0.19992952306121572,
      "fcf_margin_change": -0.16959451481912763
    },
    {
      "date": "2024-11-30T00:00:00",
      "quarter_label": "2024-11 (Q4)",
      "revenue": 27979000,
      "gross_profit": 17561000,
      "operating_income": 4093000,
      "net_income": 9672000,
      "opex": 13468000,
      "cogs": 10418000,
      "rd": null,
      "sga": null,
      "fcf": 6295000,
      "ocf": 7260000,
      "capex": -965000,
      "gross_margin": 0.6276493084098789,
      "op_margin": 0.14628828764430465,
      "fcf_margin": 0.22499017119982845,
      "incr_op_margin_yoy": 0.40222060134532783,
      "rev_growth_yoy": 0.7889386189258312,
      "rev_growth_yoy_accel": -1.1544629336500334,
      "op_leverage_ratio": 3.2420549095670927,
      "fcf_margin_change": 0.32497099022735315
    },
    {
      "date": "2025-02-28T00:00:00",
      "quarter_label": "2025-02 (Q1)",
      "revenue": 26190000,
      "gross_profit": 15924000,
      "operating_income": 1696000,
      "net_income": 1662000,
      "opex": 14228000,
      "cogs": 10266000,
      "rd": null,
      "sga": null,
      "fcf": -6419000,
      "ocf": -3777000,
      "capex": -2642000,
      "gross_margin": 0.6080183276059564,
      "op_margin": 0.06475754104620084,
      "fcf_margin": -0.24509354715540282,
      "incr_op_margin_yoy": 0.1950503355704698,
      "rev_growth_yoy": 0.5725951723309716,
      "rev_growth_yoy_accel": -0.2163434465948596,
      "fcf_margin_change": -0.4700837183552313
    },
    {
      "date": "2025-05-31T00:00:00",
      "quarter_label": "2025-05 (Q2)",
      "revenue": 28505000,
      "gross_profit": 17564000,
      "operating_income": 3326000,
      "net_income": 2427000,
      "opex": 14238000,
      "cogs": 10941000,
      "rd": null,
      "sga": null,
      "fcf": -6397000,
      "ocf": -5458000,
      "capex": -939000,
      "gross_margin": 0.6161726012980179,
      "op_margin": 0.11668128398526574,
      "fcf_margin": -0.22441676898789686,
      "incr_op_margin_yoy": 0.17156386595434678,
      "rev_growth_yoy": 0.40633479698061076,
      "rev_growth_yoy_accel": -0.1662603753503608,
      "op_leverage_ratio": Infinity,
      "fcf_margin_change": 0.02067677816750596
    },
    {
      "date": "2025-08-31T00:00:00",
      "quarter_label": "2025-08 (Q3)",
      "revenue": 28179000,
      "gross_profit": 16922000,
      "operating_income": 2863000,
      "net_income": 2235000,
      "opex": 14059000,
      "cogs": 11257000,
      "rd": null,
      "sga": null,
      "fcf": -4517000,
      "ocf": -2268000,
      "capex": -2249000,
      "gross_margin": 0.6005181163277619,
      "op_margin": 0.10160048262890806,
      "fcf_margin": -0.1602966748287732,
      "incr_op_margin_yoy": 0.27781569965870306,
      "rev_growth_yoy": 0.3512515584540136,
      "rev_growth_yoy_accel": -0.055083238526597134,
      "fcf_margin_change": 0.06412009415912368
    }
  ],
  "signals": [
    {
      "quarter": "2025-08 (Q3)",
      "signal": "FCF MARGIN EXPANSION",
      "detail": "FCF margin: -22.4% -> -16.0% (+6.4%)",
      "severity": "MEDIUM"
    },
    {
      "quarter": "2025-08 (Q3)",
      "signal": "YoY REVENUE GROWTH DECELERATION",
      "detail": "YoY growth: +35.1% vs prior quarter YoY: +40.6% (decel: -5.5%)",
      "severity": "WARNING"
    },
    {
      "quarter": "2025-08 (Q3)",
      "signal": "INCREMENTAL MARGIN (YoY)",
      "detail": "YoY Incr OPM: +27.8% vs year-ago OPM: +4.0%",
      "severity": "HIGH"
    },
    {
      "quarter": "2025-05 (Q2)",
      "signal": "OPERATING LEVERAGE",
      "detail": "Rev growth +8.8% vs OpEx growth +0.1% (leverage: 125.8x)",
      "severity": "MEDIUM"
    },
    {
      "quarter": "2025-05 (Q2)",
      "signal": "YoY REVENUE GROWTH DECELERATION",
      "detail": "YoY growth: +40.6% vs prior quarter YoY: +57.3% (decel: -16.6%)",
      "severity": "WARNING"
    },
    {
      "quarter": "2025-02 (Q1)",
      "signal": "YoY REVENUE GROWTH DECELERATION",
      "detail": "YoY growth: +57.3% vs prior quarter YoY: +78.9% (decel: -21.6%)",
      "severity": "WARNING"
    },
    {
      "quarter": "2025-02 (Q1)",
      "signal": "OP MARGIN TURNED POSITIVE (YoY)",
      "detail": "Op margin: -1.0% (year-ago) -> +6.5%",
      "severity": "HIGH"
    },
    {
      "quarter": "2024-11 (Q4)",
      "signal": "FCF TURNED POSITIVE",
      "detail": "FCF margin: -10.0% -> +22.5%",
      "severity": "HIGH"
    },
    {
      "quarter": "2024-11 (Q4)",
      "signal": "OPERATING LEVERAGE",
      "detail": "Rev growth +34.2% vs OpEx growth +10.5% (leverage: 3.2x)",
      "severity": "MEDIUM"
    },
    {
      "quarter": "2024-11 (Q4)",
      "signal": "YoY REVENUE GROWTH DECELERATION",
      "detail": "YoY growth: +78.9% vs prior quarter YoY: +194.3% (decel: -115.4%)",
      "severity": "WARNING"
    },
    {
      "quarter": "2024-11 (Q4)",
      "signal": "OP MARGIN TURNED POSITIVE (YoY)",
      "detail": "Op margin: -5.6% (year-ago) -> +14.6%",
      "severity": "HIGH"
    },
    {
      "quarter": "2024-08 (Q3)",
      "signal": "YoY REVENUE GROWTH ACCELERATION",
      "detail": "YoY growth: +194.3% vs prior quarter YoY: +76.1% (accel: +118.2%)",
      "severity": "HIGH"
    },
    {
      "quarter": "2024-08 (Q3)",
      "signal": "OP MARGIN TURNED POSITIVE (YoY)",
      "detail": "Op margin: -58.0% (year-ago) -> +4.0%",
      "severity": "HIGH"
    },
    {
      "quarter": "2024-05 (Q2)",
      "signal": "OPERATING LEVERAGE",
      "detail": "Rev growth +21.7% vs OpEx growth +8.6% (leverage: 2.5x)",
      "severity": "MEDIUM"
    },
    {
      "quarter": "2024-05 (Q2)",
      "signal": "YoY REVENUE GROWTH DECELERATION",
      "detail": "YoY growth: +76.1% vs prior quarter YoY: +98.0% (decel: -21.9%)",
      "severity": "WARNING"
    },
    {
      "quarter": "2024-05 (Q2)",
      "signal": "OP MARGIN TURNED POSITIVE (YoY)",
      "detail": "Op margin: -7.1% (year-ago) -> +9.4%",
      "severity": "HIGH"
    },
    {
      "quarter": "2024-05 (Q2)",
      "signal": "OP MARGIN TURNED POSITIVE (QoQ)",
      "detail": "Op margin: -1.0% -> +9.4%",
      "severity": "HIGH"
    },
    {
      "quarter": "2024-02 (Q1)",
      "signal": "YoY REVENUE GROWTH ACCELERATION",
      "detail": "YoY growth: +98.0% vs prior quarter YoY: -2.4% (accel: +100.4%)",
      "severity": "HIGH"
    },
    {
      "quarter": "2023-11 (Q4)",
      "signal": "FCF TURNED POSITIVE",
      "detail": "FCF margin: -20.6% -> +44.5%",
      "severity": "HIGH"
    },
    {
      "quarter": "2023-11 (Q4)",
      "signal": "OPERATING LEVERAGE",
      "detail": "Rev growth +120.7% vs OpEx growth +36.4% (leverage: 3.3x)",
      "severity": "MEDIUM"
    },
    {
      "quarter": "2023-11 (Q4)",
      "signal": "GROSS MARGIN INFLECTION",
      "detail": "GM: +53.9% -> +44.6% -> +57.8% (reversal +13.3%)",
      "severity": "HIGH"
    },
    {
      "quarter": "2023-11 (Q4)",
      "signal": "YoY REVENUE GROWTH ACCELERATION",
      "detail": "YoY growth: -2.4% vs prior quarter YoY: -43.0% (accel: +40.6%)",
      "severity": "HIGH"
    },
    {
      "quarter": "2023-08 (Q3)",
      "signal": "YoY REVENUE GROWTH DECELERATION",
      "detail": "YoY growth: -43.0% vs prior quarter YoY: -1.0% (decel: -42.0%)",
      "severity": "WARNING"
    },
    {
      "quarter": "2023-05 (Q2)",
      "signal": "FCF TURNED POSITIVE",
      "detail": "FCF margin: -42.5% -> +9.3%",
      "severity": "HIGH"
    },
    {
      "quarter": "2023-05 (Q2)",
      "signal": "YoY REVENUE GROWTH DECELERATION",
      "detail": "YoY growth: -1.0% vs prior quarter YoY: +5.4% (decel: -6.4%)",
      "severity": "WARNING"
    },
    {
      "quarter": "2023-02 (Q1)",
      "signal": "GROSS MARGIN INFLECTION",
      "detail": "GM: +55.4% -> +54.1% -> +62.4% (reversal +8.3%)",
      "severity": "HIGH"
    },
    {
      "quarter": "2023-02 (Q1)",
      "signal": "YoY REVENUE GROWTH DECELERATION",
      "detail": "YoY growth: +5.4% vs prior quarter YoY: +43.5% (decel: -38.1%)",
      "severity": "WARNING"
    },
    {
      "quarter": "2022-11 (Q4)",
      "signal": "OPERATING LEVERAGE",
      "detail": "Rev growth +28.9% vs OpEx growth +4.9% (leverage: 5.9x)",
      "severity": "MEDIUM"
    },
    {
      "quarter": "2022-08 (Q3)",
      "signal": "FCF MARGIN EXPANSION",
      "detail": "FCF margin: -41.3% -> -7.0% (+34.3%)",
      "severity": "MEDIUM"
    },
    {
      "quarter": "2022-08 (Q3)",
      "signal": "GROSS MARGIN INFLECTION",
      "detail": "GM: +57.8% -> +52.7% -> +55.4% (reversal +2.7%)",
      "severity": "MEDIUM"
    },
    {
      "quarter": "2022-08 (Q3)",
      "signal": "YoY REVENUE GROWTH ACCELERATION",
      "detail": "YoY growth: +42.7% vs prior quarter YoY: -13.3% (accel: +56.0%)",
      "severity": "HIGH"
    },
    {
      "quarter": "2022-05 (Q2)",
      "signal": "FCF MARGIN EXPANSION",
      "detail": "FCF margin: -117.2% -> -41.3% (+75.9%)",
      "severity": "MEDIUM"
    },
    {
      "quarter": "2022-05 (Q2)",
      "signal": "OPERATING LEVERAGE",
      "detail": "Rev growth +45.7% vs OpEx growth +8.9% (leverage: 5.1x)",
      "severity": "MEDIUM"
    },
    {
      "quarter": "2022-02 (Q1)",
      "signal": "GROSS MARGIN INFLECTION",
      "detail": "GM: +56.2% -> +51.1% -> +57.8% (reversal +6.8%)",
      "severity": "HIGH"
    },
    {
      "quarter": "2022-02 (Q1)",
      "signal": "YoY REVENUE GROWTH DECELERATION",
      "detail": "YoY growth: -10.3% vs prior quarter YoY: +1.2% (decel: -11.5%)",
      "severity": "WARNING"
    },
    {
      "quarter": "2021-05 (Q2)",
      "signal": "FCF TURNED POSITIVE",
      "detail": "FCF margin: -63.9% -> +20.1%",
      "severity": "HIGH"
    },
    {
      "quarter": "2021-05 (Q2)",
      "signal": "OPERATING LEVERAGE",
      "detail": "Rev growth +50.7% vs OpEx growth +7.5% (leverage: 6.7x)",
      "severity": "MEDIUM"
    },
    {
      "quarter": "2021-05 (Q2)",
      "signal": "OP MARGIN TURNED POSITIVE (QoQ)",
      "detail": "Op margin: -4.6% -> +15.1%",
      "severity": "HIGH"
    }
  ],
  "data_quality": {
    "n_quarters": 20,
    "coverage": {
      "revenue": [
        20,
        20
      ],
      "gross_profit": [
        20,
        20
      ],
      "op_income": [
        20,
        20
      ],
      "fcf": [
        20,
        20
      ]
    },
    "gaps": [],
    "warnings": []
  },
  "market_cap": null,
  "source": "SEC EDGAR",
  "last_updated": "2026-02-02T22:40:30.939957"
}