{
  "ticker": "BZFD",
  "name": "BuzzFeed, Inc.",
  "quarters": [
    {
      "date": "2021-03-31T00:00:00",
      "quarter_label": "2021-03 (Q1)",
      "revenue": 72648000,
      "gross_profit": 30525000,
      "operating_income": -16523000,
      "net_income": 1040995,
      "opex": 1382498,
      "cogs": 42123000,
      "rd": 6699000,
      "sga": null,
      "fcf": 8611000,
      "ocf": 9518000,
      "capex": -907000,
      "gross_margin": 0.42017674264948796,
      "op_margin": -0.22743915868296444,
      "fcf_margin": 0.1185304481885255
    },
    {
      "date": "2021-06-30T00:00:00",
      "quarter_label": "2021-06 (Q2)",
      "revenue": 89104000,
      "gross_profit": 44161000,
      "operating_income": -737796,
      "net_income": -4301444,
      "opex": 89517000,
      "cogs": 44943000,
      "rd": 6900000,
      "sga": null,
      "fcf": 5674000,
      "ocf": 5737000,
      "capex": -63000,
      "gross_margin": 0.4956118692763512,
      "op_margin": -0.008280166995869994,
      "fcf_margin": 0.06367839827617167,
      "op_leverage_ratio": 0.003553196067879143,
      "fcf_margin_change": -0.05485204991235383
    },
    {
      "date": "2021-09-30T00:00:00",
      "quarter_label": "2021-09 (Q3)",
      "revenue": 90096000,
      "gross_profit": 41259000,
      "operating_income": -526946,
      "net_income": -414330,
      "opex": 90977000,
      "cogs": 48837000,
      "rd": 5686000,
      "sga": null,
      "fcf": -5176000,
      "ocf": -4357000,
      "capex": -819000,
      "gross_margin": 0.4579448588172616,
      "op_margin": -0.005848716924169775,
      "fcf_margin": -0.05744983129106731,
      "op_leverage_ratio": 0.6826013376396245,
      "fcf_margin_change": -0.12112822956723898
    },
    {
      "date": "2021-12-31T00:00:00",
      "quarter_label": "2021-12 (Q4)",
      "revenue": 145716000,
      "gross_profit": 74222000,
      "operating_income": -22506760,
      "net_income": 28386779,
      "opex": 153053000,
      "cogs": 71494000,
      "rd": 5643000,
      "sga": null,
      "fcf": -13295000,
      "ocf": -10101000,
      "capex": -3194000,
      "gross_margin": 0.5093606741881468,
      "op_margin": -0.1544563397293365,
      "fcf_margin": -0.09123912267698811,
      "op_leverage_ratio": 0.904759937231976,
      "fcf_margin_change": -0.0337892913859208
    },
    {
      "date": "2022-03-31T00:00:00",
      "quarter_label": "2022-03 (Q1)",
      "revenue": 91558000,
      "gross_profit": 30740000,
      "operating_income": -35298000,
      "net_income": -44894000,
      "opex": 126856000,
      "cogs": 60818000,
      "rd": 7192000,
      "sga": null,
      "fcf": -1227000,
      "ocf": 1142000,
      "capex": -2369000,
      "gross_margin": 0.3357434631599642,
      "op_margin": -0.3855261145940278,
      "fcf_margin": -0.01340134122632648,
      "incr_op_margin_yoy": -0.9928609201480698,
      "rev_growth_yoy": 0.2602962228829424,
      "fcf_margin_change": 0.07783778145066163
    },
    {
      "date": "2022-06-30T00:00:00",
      "quarter_label": "2022-06 (Q2)",
      "revenue": 106760000,
      "gross_profit": 45231000,
      "operating_income": -24888000,
      "net_income": -23765000,
      "opex": 131648000,
      "cogs": 61529000,
      "rd": 10253000,
      "sga": null,
      "fcf": -5402000,
      "ocf": -4943000,
      "capex": -459000,
      "gross_margin": 0.42366991382540276,
      "op_margin": -0.23312101910828026,
      "fcf_margin": -0.0505994754589734,
      "incr_op_margin_yoy": -1.3678185319438152,
      "rev_growth_yoy": 0.19815047584844675,
      "rev_growth_yoy_accel": -0.06214574703449566,
      "op_leverage_ratio": 4.395402335988817,
      "fcf_margin_change": -0.037198134232646916
    },
    {
      "date": "2022-09-30T00:00:00",
      "quarter_label": "2022-09 (Q3)",
      "revenue": 103733000,
      "gross_profit": 42744000,
      "operating_income": -18085000,
      "net_income": -26856000,
      "opex": 121818000,
      "cogs": 60989000,
      "rd": 5900000,
      "sga": null,
      "fcf": -5796000,
      "ocf": -4096000,
      "capex": -1700000,
      "gross_margin": 0.4120578793633656,
      "op_margin": -0.1743418198644597,
      "fcf_margin": -0.055874215534111614,
      "incr_op_margin_yoy": -1.2875305419080443,
      "rev_growth_yoy": 0.1513607707334399,
      "rev_growth_yoy_accel": -0.04678970511500685,
      "fcf_margin_change": -0.005274740075138215
    },
    {
      "date": "2022-12-31T00:00:00",
      "quarter_label": "2022-12 (Q4)",
      "revenue": 134623000,
      "gross_profit": 56144000,
      "operating_income": -106036000,
      "net_income": -105442000,
      "opex": 240659000,
      "cogs": 78479000,
      "rd": 7252000,
      "sga": null,
      "fcf": -856000,
      "ocf": 40000,
      "capex": -896000,
      "gross_margin": 0.417046121390847,
      "op_margin": -0.7876514414327418,
      "fcf_margin": -0.006358497433573758,
      "incr_op_margin_yoy": 7.529905345713513,
      "rev_growth_yoy": -0.07612753575448132,
      "rev_growth_yoy_accel": -0.22748830648792123,
      "op_leverage_ratio": 0.3052432983197142,
      "fcf_margin_change": 0.049515718100537856
    },
    {
      "date": "2023-03-31T00:00:00",
      "quarter_label": "2023-03 (Q1)",
      "revenue": 67153000,
      "gross_profit": 19809000,
      "operating_income": -29718000,
      "net_income": -36001000,
      "opex": 96871000,
      "cogs": 47344000,
      "rd": 3819000,
      "sga": null,
      "fcf": -581000,
      "ocf": -179000,
      "capex": -402000,
      "gross_margin": 0.2949830982979167,
      "op_margin": -0.44254165860050926,
      "fcf_margin": -0.00865188450255387,
      "incr_op_margin_yoy": -0.22864167178856792,
      "rev_growth_yoy": -0.26655234933047905,
      "rev_growth_yoy_accel": -0.19042481357599772,
      "fcf_margin_change": -0.0022933870689801125
    },
    {
      "date": "2023-06-30T00:00:00",
      "quarter_label": "2023-06 (Q2)",
      "revenue": 77901000,
      "gross_profit": 27394000,
      "operating_income": -20087000,
      "net_income": -27836000,
      "opex": 97988000,
      "cogs": 50507000,
      "rd": 3960000,
      "sga": null,
      "fcf": -7620000,
      "ocf": -7551000,
      "capex": -69000,
      "gross_margin": 0.35165145505192485,
      "op_margin": -0.2578529158804123,
      "fcf_margin": -0.09781645935225479,
      "incr_op_margin_yoy": -0.16636058075470392,
      "rev_growth_yoy": -0.2703165979767703,
      "rev_growth_yoy_accel": -0.0037642486462912683,
      "op_leverage_ratio": 13.880427705137219,
      "fcf_margin_change": -0.08916457484970092
    },
    {
      "date": "2023-09-30T00:00:00",
      "quarter_label": "2023-09 (Q3)",
      "revenue": 73299000,
      "gross_profit": 33463000,
      "operating_income": -6800000,
      "net_income": -13722000,
      "opex": 80099000,
      "cogs": 39836000,
      "rd": 2815000,
      "sga": null,
      "fcf": 5077000,
      "ocf": 5367000,
      "capex": -290000,
      "gross_margin": 0.4565273741797296,
      "op_margin": -0.09277070628521535,
      "fcf_margin": 0.0692642464426527,
      "incr_op_margin_yoy": -0.37080239206151017,
      "rev_growth_yoy": -0.29338783222311127,
      "rev_growth_yoy_accel": -0.023071234246340944,
      "fcf_margin_change": 0.16708070579490747
    },
    {
      "date": "2023-12-31T00:00:00",
      "quarter_label": "2023-12 (Q4)",
      "revenue": 34324000,
      "gross_profit": 29645000,
      "operating_income": 16781000,
      "net_income": -11020000,
      "opex": 17543000,
      "cogs": 4679000,
      "rd": 585000,
      "sga": null,
      "fcf": -3943000,
      "ocf": -3740000,
      "capex": -203000,
      "gross_margin": 0.8636813891154878,
      "op_margin": 0.48889989511711923,
      "fcf_margin": -0.1148758885910733,
      "incr_op_margin_yoy": -1.224508718930398,
      "rev_growth_yoy": -0.7450361379556242,
      "rev_growth_yoy_accel": -0.4516483057325129,
      "fcf_margin_change": -0.184140135033726
    },
    {
      "date": "2024-03-31T00:00:00",
      "quarter_label": "2024-03 (Q1)",
      "revenue": 44755000,
      "gross_profit": 13692000,
      "operating_income": -20813000,
      "net_income": -35729000,
      "opex": 65568000,
      "cogs": 31063000,
      "rd": 3230000,
      "sga": null,
      "fcf": -13387000,
      "ocf": -13299000,
      "capex": -88000,
      "gross_margin": 0.3059322980672551,
      "op_margin": -0.46504301195397163,
      "fcf_margin": -0.29911741704837447,
      "incr_op_margin_yoy": -0.39758014108402534,
      "rev_growth_yoy": -0.3335368486888151,
      "rev_growth_yoy_accel": 0.41149928926680907,
      "op_leverage_ratio": 0.11101062350928327,
      "fcf_margin_change": -0.18424152845730118
    },
    {
      "date": "2024-06-30T00:00:00",
      "quarter_label": "2024-06 (Q2)",
      "revenue": 46932000,
      "gross_profit": 21931000,
      "operating_income": -4214000,
      "net_income": -7487000,
      "opex": 51146000,
      "cogs": 25001000,
      "rd": 2721000,
      "sga": null,
      "fcf": -12524000,
      "ocf": -12404000,
      "capex": -120000,
      "gross_margin": 0.46729310491775333,
      "op_margin": -0.08978948265575727,
      "fcf_margin": -0.26685417199352257,
      "incr_op_margin_yoy": -0.5125448028673835,
      "rev_growth_yoy": -0.3975430353910733,
      "rev_growth_yoy_accel": -0.06400618670225816,
      "op_leverage_ratio": Infinity,
      "fcf_margin_change": 0.0322632450548519
    },
    {
      "date": "2024-09-30T00:00:00",
      "quarter_label": "2024-09 (Q3)",
      "revenue": 64320000,
      "gross_profit": 30623000,
      "operating_income": 3579000,
      "net_income": 2089000,
      "opex": 60741000,
      "cogs": 33697000,
      "rd": 2581000,
      "sga": null,
      "fcf": 9287000,
      "ocf": 9579000,
      "capex": -292000,
      "gross_margin": 0.476103855721393,
      "op_margin": 0.05564365671641791,
      "fcf_margin": 0.14438743781094526,
      "incr_op_margin_yoy": -1.1559193674128523,
      "rev_growth_yoy": -0.12249826054925715,
      "rev_growth_yoy_accel": 0.2750447748418161,
      "op_leverage_ratio": 1.9749097993140496,
      "fcf_margin_change": 0.41124160980446783
    },
    {
      "date": "2024-12-31T00:00:00",
      "quarter_label": "2024-12 (Q4)",
      "revenue": 33880000,
      "gross_profit": 18576000,
      "operating_income": -2087000,
      "net_income": 31031000,
      "opex": 35967000,
      "cogs": 15304000,
      "rd": 2323000,
      "sga": null,
      "fcf": -4746000,
      "ocf": -4555000,
      "capex": -191000,
      "gross_margin": 0.5482880755608028,
      "op_margin": -0.061599763872491144,
      "fcf_margin": -0.14008264462809916,
      "rev_growth_yoy": -0.01293555529658548,
      "rev_growth_yoy_accel": 0.10956270525267167,
      "fcf_margin_change": -0.2844700824390444
    },
    {
      "date": "2025-03-31T00:00:00",
      "quarter_label": "2025-03 (Q1)",
      "revenue": 36021000,
      "gross_profit": 12529000,
      "operating_income": -13742000,
      "net_income": -12671000,
      "opex": 49763000,
      "cogs": 23492000,
      "rd": 3066000,
      "sga": null,
      "fcf": 956000,
      "ocf": 1344000,
      "capex": -388000,
      "gross_margin": 0.3478248799311513,
      "op_margin": -0.3814996807417895,
      "fcf_margin": 0.026540073845812164,
      "incr_op_margin_yoy": -0.8095946874284405,
      "rev_growth_yoy": -0.19515137973410793,
      "rev_growth_yoy_accel": -0.18221582443752243,
      "op_leverage_ratio": 0.16474957193759088,
      "fcf_margin_change": 0.16662271847391133
    },
    {
      "date": "2025-06-30T00:00:00",
      "quarter_label": "2025-06 (Q2)",
      "revenue": 46394000,
      "gross_profit": 18407000,
      "operating_income": -3466000,
      "net_income": -10820000,
      "opex": 49860000,
      "cogs": 27987000,
      "rd": 2823000,
      "sga": null,
      "fcf": -10545000,
      "ocf": -10099000,
      "capex": -446000,
      "gross_margin": 0.39675389058930033,
      "op_margin": -0.07470793637108247,
      "fcf_margin": -0.22729232228305385,
      "rev_growth_yoy": -0.01146339384641609,
      "rev_growth_yoy_accel": 0.18368798588769183,
      "op_leverage_ratio": 147.73501225087202,
      "fcf_margin_change": -0.253832396128866
    },
    {
      "date": "2025-09-30T00:00:00",
      "quarter_label": "2025-09 (Q3)",
      "revenue": 46317000,
      "gross_profit": 16735000,
      "operating_income": -5986000,
      "net_income": -7435000,
      "opex": 52303000,
      "cogs": 29582000,
      "rd": 2527000,
      "sga": null,
      "fcf": 892000,
      "ocf": 1736000,
      "capex": -844000,
      "gross_margin": 0.36131442019129045,
      "op_margin": -0.12923980395966925,
      "fcf_margin": 0.01925858755964333,
      "incr_op_margin_yoy": 0.5313003388324168,
      "rev_growth_yoy": -0.2798973880597015,
      "rev_growth_yoy_accel": -0.2684339942132854,
      "fcf_margin_change": 0.24655090984269717
    }
  ],
  "signals": [
    {
      "quarter": "2025-09 (Q3)",
      "signal": "FCF TURNED POSITIVE",
      "detail": "FCF margin: -22.7% -> +1.9%",
      "severity": "HIGH"
    },
    {
      "quarter": "2025-09 (Q3)",
      "signal": "YoY REVENUE GROWTH DECELERATION",
      "detail": "YoY growth: -28.0% vs prior quarter YoY: -1.1% (decel: -26.8%)",
      "severity": "WARNING"
    },
    {
      "quarter": "2025-06 (Q2)",
      "signal": "OPERATING LEVERAGE",
      "detail": "Rev growth +28.8% vs OpEx growth +0.2% (leverage: 147.7x)",
      "severity": "MEDIUM"
    },
    {
      "quarter": "2025-06 (Q2)",
      "signal": "GROSS MARGIN INFLECTION",
      "detail": "GM: +54.8% -> +34.8% -> +39.7% (reversal +4.9%)",
      "severity": "MEDIUM"
    },
    {
      "quarter": "2025-06 (Q2)",
      "signal": "YoY REVENUE GROWTH ACCELERATION",
      "detail": "YoY growth: -1.1% vs prior quarter YoY: -19.5% (accel: +18.4%)",
      "severity": "HIGH"
    },
    {
      "quarter": "2025-03 (Q1)",
      "signal": "FCF TURNED POSITIVE",
      "detail": "FCF margin: -14.0% -> +2.7%",
      "severity": "HIGH"
    },
    {
      "quarter": "2025-03 (Q1)",
      "signal": "YoY REVENUE GROWTH DECELERATION",
      "detail": "YoY growth: -19.5% vs prior quarter YoY: -1.3% (decel: -18.2%)",
      "severity": "WARNING"
    },
    {
      "quarter": "2024-12 (Q4)",
      "signal": "YoY REVENUE GROWTH ACCELERATION",
      "detail": "YoY growth: -1.3% vs prior quarter YoY: -12.2% (accel: +11.0%)",
      "severity": "MEDIUM"
    },
    {
      "quarter": "2024-09 (Q3)",
      "signal": "FCF TURNED POSITIVE",
      "detail": "FCF margin: -26.7% -> +14.4%",
      "severity": "HIGH"
    },
    {
      "quarter": "2024-09 (Q3)",
      "signal": "OPERATING LEVERAGE",
      "detail": "Rev growth +37.0% vs OpEx growth +18.8% (leverage: 2.0x)",
      "severity": "MEDIUM"
    },
    {
      "quarter": "2024-09 (Q3)",
      "signal": "YoY REVENUE GROWTH ACCELERATION",
      "detail": "YoY growth: -12.2% vs prior quarter YoY: -39.8% (accel: +27.5%)",
      "severity": "HIGH"
    },
    {
      "quarter": "2024-09 (Q3)",
      "signal": "OP MARGIN TURNED POSITIVE (YoY)",
      "detail": "Op margin: -9.3% (year-ago) -> +5.6%",
      "severity": "HIGH"
    },
    {
      "quarter": "2024-09 (Q3)",
      "signal": "OP MARGIN TURNED POSITIVE (QoQ)",
      "detail": "Op margin: -9.0% -> +5.6%",
      "severity": "HIGH"
    },
    {
      "quarter": "2024-06 (Q2)",
      "signal": "GROSS MARGIN INFLECTION",
      "detail": "GM: +86.4% -> +30.6% -> +46.7% (reversal +16.1%)",
      "severity": "HIGH"
    },
    {
      "quarter": "2024-06 (Q2)",
      "signal": "YoY REVENUE GROWTH DECELERATION",
      "detail": "YoY growth: -39.8% vs prior quarter YoY: -33.4% (decel: -6.4%)",
      "severity": "WARNING"
    },
    {
      "quarter": "2024-03 (Q1)",
      "signal": "YoY REVENUE GROWTH ACCELERATION",
      "detail": "YoY growth: -33.4% vs prior quarter YoY: -74.5% (accel: +41.1%)",
      "severity": "HIGH"
    },
    {
      "quarter": "2023-12 (Q4)",
      "signal": "YoY REVENUE GROWTH DECELERATION",
      "detail": "YoY growth: -74.5% vs prior quarter YoY: -29.3% (decel: -45.2%)",
      "severity": "WARNING"
    },
    {
      "quarter": "2023-12 (Q4)",
      "signal": "OP MARGIN TURNED POSITIVE (YoY)",
      "detail": "Op margin: -78.8% (year-ago) -> +48.9%",
      "severity": "HIGH"
    },
    {
      "quarter": "2023-12 (Q4)",
      "signal": "OP MARGIN TURNED POSITIVE (QoQ)",
      "detail": "Op margin: -9.3% -> +48.9%",
      "severity": "HIGH"
    },
    {
      "quarter": "2023-09 (Q3)",
      "signal": "FCF TURNED POSITIVE",
      "detail": "FCF margin: -9.8% -> +6.9%",
      "severity": "HIGH"
    },
    {
      "quarter": "2023-06 (Q2)",
      "signal": "OPERATING LEVERAGE",
      "detail": "Rev growth +16.0% vs OpEx growth +1.2% (leverage: 13.9x)",
      "severity": "MEDIUM"
    },
    {
      "quarter": "2023-06 (Q2)",
      "signal": "GROSS MARGIN INFLECTION",
      "detail": "GM: +41.7% -> +29.5% -> +35.2% (reversal +5.7%)",
      "severity": "HIGH"
    },
    {
      "quarter": "2023-03 (Q1)",
      "signal": "YoY REVENUE GROWTH DECELERATION",
      "detail": "YoY growth: -26.7% vs prior quarter YoY: -7.6% (decel: -19.0%)",
      "severity": "WARNING"
    },
    {
      "quarter": "2022-12 (Q4)",
      "signal": "YoY REVENUE GROWTH DECELERATION",
      "detail": "YoY growth: -7.6% vs prior quarter YoY: +15.1% (decel: -22.7%)",
      "severity": "WARNING"
    },
    {
      "quarter": "2022-06 (Q2)",
      "signal": "OPERATING LEVERAGE",
      "detail": "Rev growth +16.6% vs OpEx growth +3.8% (leverage: 4.4x)",
      "severity": "MEDIUM"
    },
    {
      "quarter": "2022-06 (Q2)",
      "signal": "GROSS MARGIN INFLECTION",
      "detail": "GM: +50.9% -> +33.6% -> +42.4% (reversal +8.8%)",
      "severity": "HIGH"
    },
    {
      "quarter": "2022-06 (Q2)",
      "signal": "YoY REVENUE GROWTH DECELERATION",
      "detail": "YoY growth: +19.8% vs prior quarter YoY: +26.0% (decel: -6.2%)",
      "severity": "WARNING"
    },
    {
      "quarter": "2022-03 (Q1)",
      "signal": "FCF MARGIN EXPANSION",
      "detail": "FCF margin: -9.1% -> -1.3% (+7.8%)",
      "severity": "MEDIUM"
    },
    {
      "quarter": "2021-12 (Q4)",
      "signal": "GROSS MARGIN INFLECTION",
      "detail": "GM: +49.6% -> +45.8% -> +50.9% (reversal +5.1%)",
      "severity": "HIGH"
    }
  ],
  "data_quality": {
    "n_quarters": 19,
    "coverage": {
      "revenue": [
        19,
        19
      ],
      "gross_profit": [
        19,
        19
      ],
      "op_income": [
        19,
        19
      ],
      "fcf": [
        19,
        19
      ]
    },
    "gaps": [],
    "warnings": []
  },
  "market_cap": null,
  "source": "SEC EDGAR",
  "last_updated": "2026-02-02T23:49:03.261094"
}