{
  "ticker": "BZH",
  "name": "BEAZER HOMES USA, INC.",
  "quarters": [
    {
      "date": "2021-03-31T00:00:00",
      "quarter_label": "2021-03 (Q1)",
      "revenue": 549889000,
      "gross_profit": 97926000,
      "operating_income": 33618000,
      "net_income": 24528000,
      "opex": 64308000,
      "cogs": null,
      "rd": null,
      "sga": null,
      "fcf": 121156000,
      "ocf": 124717000,
      "capex": -3561000,
      "gross_margin": 0.17808321315756453,
      "op_margin": 0.061135974714897005,
      "fcf_margin": 0.22032810258070265
    },
    {
      "date": "2021-06-30T00:00:00",
      "quarter_label": "2021-06 (Q2)",
      "revenue": 570932000,
      "gross_profit": 115523000,
      "operating_income": 48693000,
      "net_income": 37135000,
      "opex": 66830000,
      "cogs": null,
      "rd": null,
      "sga": null,
      "fcf": 24598000,
      "ocf": 28403000,
      "capex": -3805000,
      "gross_margin": 0.20234108440234563,
      "op_margin": 0.08528686428506373,
      "fcf_margin": 0.04308393994381117,
      "op_leverage_ratio": 0.9757814189330106,
      "fcf_margin_change": -0.17724416263689147
    },
    {
      "date": "2021-09-30T00:00:00",
      "quarter_label": "2021-09 (Q3)",
      "revenue": 590943000,
      "gross_profit": 115513000,
      "operating_income": 46870000,
      "net_income": 48361000,
      "opex": 68643000,
      "cogs": null,
      "rd": null,
      "sga": null,
      "fcf": -51212000,
      "ocf": -46886000,
      "capex": -4326000,
      "gross_margin": 0.19547232135755901,
      "op_margin": 0.07931391014023349,
      "fcf_margin": -0.08666148850227517,
      "op_leverage_ratio": 1.2919867615923488,
      "fcf_margin_change": -0.12974542844608633
    },
    {
      "date": "2021-12-31T00:00:00",
      "quarter_label": "2021-12 (Q4)",
      "revenue": 454149000,
      "gross_profit": 97400000,
      "operating_income": 40939000,
      "net_income": 34885000,
      "opex": 56461000,
      "cogs": null,
      "rd": null,
      "sga": null,
      "fcf": -80711000,
      "ocf": -77817000,
      "capex": -2894000,
      "gross_margin": 0.21446705816813424,
      "op_margin": 0.09014442396658365,
      "fcf_margin": -0.17771920669207683,
      "fcf_margin_change": -0.09105771818980166
    },
    {
      "date": "2022-03-31T00:00:00",
      "quarter_label": "2022-03 (Q1)",
      "revenue": 508506000,
      "gross_profit": 119750000,
      "operating_income": 54611000,
      "net_income": 44672000,
      "opex": 65139000,
      "cogs": null,
      "rd": null,
      "sga": null,
      "fcf": 16386000,
      "ocf": 19687000,
      "capex": -3301000,
      "gross_margin": 0.23549377981774058,
      "op_margin": 0.1073949963225606,
      "fcf_margin": 0.03222380856863046,
      "incr_op_margin_yoy": -0.5072856003673006,
      "rev_growth_yoy": -0.07525700641402173,
      "op_leverage_ratio": 0.7787284428778157,
      "fcf_margin_change": 0.2099430152607073
    },
    {
      "date": "2022-06-30T00:00:00",
      "quarter_label": "2022-06 (Q2)",
      "revenue": 526666000,
      "gross_profit": 132465000,
      "operating_income": 67239000,
      "net_income": 54324000,
      "opex": 65226000,
      "cogs": null,
      "rd": null,
      "sga": null,
      "fcf": -111371000,
      "ocf": -106374000,
      "capex": -4997000,
      "gross_margin": 0.25151614115967236,
      "op_margin": 0.12766914894828982,
      "fcf_margin": -0.21146419172682496,
      "incr_op_margin_yoy": -0.4189671531197759,
      "rev_growth_yoy": -0.07753287606930423,
      "rev_growth_yoy_accel": -0.0022758696552824947,
      "op_leverage_ratio": 26.73878055485596,
      "fcf_margin_change": -0.24368800029545543
    },
    {
      "date": "2022-09-30T00:00:00",
      "quarter_label": "2022-09 (Q3)",
      "revenue": 827667000,
      "gross_profit": 187892000,
      "operating_income": 109702000,
      "net_income": 86823000,
      "opex": 78190000,
      "cogs": null,
      "rd": null,
      "sga": null,
      "fcf": 241722000,
      "ocf": 245578000,
      "capex": -3856000,
      "gross_margin": 0.22701400442448472,
      "op_margin": 0.13254364376011124,
      "fcf_margin": 0.2920522384002262,
      "incr_op_margin_yoy": 0.26542302428144166,
      "rev_growth_yoy": 0.4005868586310355,
      "rev_growth_yoy_accel": 0.47811973470033975,
      "op_leverage_ratio": 2.8755066725253284,
      "fcf_margin_change": 0.5035164301270512
    },
    {
      "date": "2022-12-31T00:00:00",
      "quarter_label": "2022-12 (Q4)",
      "revenue": 444928000,
      "gross_profit": 85768000,
      "operating_income": 28502000,
      "net_income": 24331000,
      "opex": 57266000,
      "cogs": null,
      "rd": null,
      "sga": null,
      "fcf": -90025000,
      "ocf": -86780000,
      "capex": -3245000,
      "gross_margin": 0.19276826812428077,
      "op_margin": 0.06405980293440737,
      "fcf_margin": -0.2023361083141542,
      "incr_op_margin_yoy": 1.348769113978961,
      "rev_growth_yoy": -0.02030390906949041,
      "rev_growth_yoy_accel": -0.4208907677005259,
      "fcf_margin_change": -0.49438834671438037
    },
    {
      "date": "2023-03-31T00:00:00",
      "quarter_label": "2023-03 (Q1)",
      "revenue": 543908000,
      "gross_profit": 102896000,
      "operating_income": 38792000,
      "net_income": 34707000,
      "opex": 64104000,
      "cogs": null,
      "rd": null,
      "sga": null,
      "fcf": 122469000,
      "ocf": 127048000,
      "capex": -4579000,
      "gross_margin": 0.18917905233973392,
      "op_margin": 0.07132088514969444,
      "fcf_margin": 0.2251649175963582,
      "incr_op_margin_yoy": -0.4468391616292865,
      "rev_growth_yoy": 0.06961963084014741,
      "rev_growth_yoy_accel": 0.08992353990963782,
      "op_leverage_ratio": 1.863054092496881,
      "fcf_margin_change": 0.4275010259105124
    },
    {
      "date": "2023-06-30T00:00:00",
      "quarter_label": "2023-06 (Q2)",
      "revenue": 572544000,
      "gross_profit": 116744000,
      "operating_income": 47900000,
      "net_income": 43817000,
      "opex": 68844000,
      "cogs": null,
      "rd": null,
      "sga": null,
      "fcf": 49266000,
      "ocf": 55564000,
      "capex": -6298000,
      "gross_margin": 0.20390397943214844,
      "op_margin": 0.0836616923764811,
      "fcf_margin": 0.08604753521126761,
      "incr_op_margin_yoy": -0.42153101704520685,
      "rev_growth_yoy": 0.08711023684840108,
      "rev_growth_yoy_accel": 0.017490606008253667,
      "op_leverage_ratio": 0.7120224632181373,
      "fcf_margin_change": -0.13911738238509058
    },
    {
      "date": "2023-09-30T00:00:00",
      "quarter_label": "2023-09 (Q3)",
      "revenue": 645405000,
      "gross_profit": 137287000,
      "operating_income": 62059000,
      "net_income": 55756000,
      "opex": 75228000,
      "cogs": null,
      "rd": null,
      "sga": null,
      "fcf": 76013000,
      "ocf": 82225000,
      "capex": -6212000,
      "gross_margin": 0.21271449709872095,
      "op_margin": 0.09615512740062442,
      "fcf_margin": 0.1177756602443427,
      "incr_op_margin_yoy": 0.2613984264410574,
      "rev_growth_yoy": -0.22021175182772781,
      "rev_growth_yoy_accel": -0.3073219886761289,
      "op_leverage_ratio": 1.3723329068237748,
      "fcf_margin_change": 0.031728125033075094
    },
    {
      "date": "2023-12-31T00:00:00",
      "quarter_label": "2023-12 (Q4)",
      "revenue": 386818000,
      "gross_profit": 77730000,
      "operating_income": 20265000,
      "net_income": 21728000,
      "opex": 57465000,
      "cogs": null,
      "rd": null,
      "sga": null,
      "fcf": -231127000,
      "ocf": -225583000,
      "capex": -5544000,
      "gross_margin": 0.20094721548635275,
      "op_margin": 0.05238897879622975,
      "fcf_margin": -0.5975083889581146,
      "incr_op_margin_yoy": 0.14174840819136122,
      "rev_growth_yoy": -0.13060540132336018,
      "rev_growth_yoy_accel": 0.08960635050436763,
      "fcf_margin_change": -0.7152840492024574
    },
    {
      "date": "2024-03-31T00:00:00",
      "quarter_label": "2024-03 (Q1)",
      "revenue": 541540000,
      "gross_profit": 101853000,
      "operating_income": 35991000,
      "net_income": 39171000,
      "opex": 65862000,
      "cogs": null,
      "rd": null,
      "sga": null,
      "fcf": -19947000,
      "ocf": -13990000,
      "capex": -5957000,
      "gross_margin": 0.18808028954463196,
      "op_margin": 0.06646046460095284,
      "fcf_margin": -0.03683384422203346,
      "incr_op_margin_yoy": 1.1828547297297298,
      "rev_growth_yoy": -0.004353677460158703,
      "rev_growth_yoy_accel": 0.1262517238632015,
      "op_leverage_ratio": 2.7373142190269397,
      "fcf_margin_change": 0.5606745447360811
    },
    {
      "date": "2024-06-30T00:00:00",
      "quarter_label": "2024-06 (Q2)",
      "revenue": 595682000,
      "gross_profit": 103304000,
      "operating_income": 28524000,
      "net_income": 27210000,
      "opex": 74780000,
      "cogs": null,
      "rd": null,
      "sga": null,
      "fcf": -88598000,
      "ocf": -83408000,
      "capex": -5190000,
      "gross_margin": 0.17342138926474193,
      "op_margin": 0.04788460957356442,
      "fcf_margin": -0.14873372034071872,
      "incr_op_margin_yoy": -0.8374103206845881,
      "rev_growth_yoy": 0.04041261457634697,
      "rev_growth_yoy_accel": 0.04476629203650567,
      "op_leverage_ratio": 0.7383651673133748,
      "fcf_margin_change": -0.11189987611868527
    },
    {
      "date": "2024-09-30T00:00:00",
      "quarter_label": "2024-09 (Q3)",
      "revenue": 806157000,
      "gross_profit": 141407000,
      "operating_income": 58246000,
      "net_income": 52066000,
      "opex": 83161000,
      "cogs": null,
      "rd": null,
      "sga": null,
      "fcf": 179774000,
      "ocf": 185436000,
      "capex": -5662000,
      "gross_margin": 0.17540876032832314,
      "op_margin": 0.07225143489419555,
      "fcf_margin": 0.22300122680817758,
      "incr_op_margin_yoy": -0.02371976709465512,
      "rev_growth_yoy": 0.24907151323587515,
      "rev_growth_yoy_accel": 0.2086588986595282,
      "op_leverage_ratio": 3.152649290717168,
      "fcf_margin_change": 0.3717349471488963
    },
    {
      "date": "2024-12-31T00:00:00",
      "quarter_label": "2024-12 (Q4)",
      "revenue": 468953000,
      "gross_profit": 72078000,
      "operating_income": 2138000,
      "net_income": 3130000,
      "opex": 69940000,
      "cogs": null,
      "rd": null,
      "sga": null,
      "fcf": -164584000,
      "ocf": -159365000,
      "capex": -5219000,
      "gross_margin": 0.15369983772360982,
      "op_margin": 0.0045590922757717724,
      "fcf_margin": -0.3509605440204029,
      "incr_op_margin_yoy": -0.22069763194740366,
      "rev_growth_yoy": 0.21233499992244415,
      "rev_growth_yoy_accel": -0.036736513313431,
      "fcf_margin_change": -0.5739617708285805
    },
    {
      "date": "2025-03-31T00:00:00",
      "quarter_label": "2025-03 (Q1)",
      "revenue": 565339000,
      "gross_profit": 85998000,
      "operating_income": 13369000,
      "net_income": 12778000,
      "opex": 72629000,
      "cogs": null,
      "rd": null,
      "sga": null,
      "fcf": -4411000,
      "ocf": 3431000,
      "capex": -7842000,
      "gross_margin": 0.15211757901011605,
      "op_margin": 0.023647758247706242,
      "fcf_margin": -0.007802398207093443,
      "incr_op_margin_yoy": -0.9505441405101055,
      "rev_growth_yoy": 0.04394689219632899,
      "rev_growth_yoy_accel": -0.16838810772611515,
      "op_leverage_ratio": 5.34588318733184,
      "fcf_margin_change": 0.34315814581330945
    },
    {
      "date": "2025-06-30T00:00:00",
      "quarter_label": "2025-06 (Q2)",
      "revenue": 545367000,
      "gross_profit": 72580000,
      "operating_income": -3710000,
      "net_income": -324000,
      "opex": 76290000,
      "cogs": null,
      "rd": null,
      "sga": null,
      "fcf": -70228000,
      "ocf": -62262000,
      "capex": -7966000,
      "gross_margin": 0.13308469342662832,
      "op_margin": -0.006802758509407427,
      "fcf_margin": -0.12877200123953228,
      "incr_op_margin_yoy": 0.6406439431581039,
      "rev_growth_yoy": -0.08446620848036368,
      "rev_growth_yoy_accel": -0.12841310067669268,
      "fcf_margin_change": -0.12096960303243884
    },
    {
      "date": "2025-09-30T00:00:00",
      "quarter_label": "2025-09 (Q3)",
      "revenue": 791896000,
      "gross_profit": 106858000,
      "operating_income": 24808000,
      "net_income": 30004000,
      "opex": 82050000,
      "cogs": null,
      "rd": null,
      "sga": null,
      "fcf": 242703000,
      "ocf": 250177000,
      "capex": -7474000,
      "gross_margin": 0.1349394364916605,
      "op_margin": 0.0313273460151333,
      "fcf_margin": 0.3064834271166921,
      "incr_op_margin_yoy": 2.3447163593015916,
      "rev_growth_yoy": -0.01769010254826293,
      "rev_growth_yoy_accel": 0.06677610593210075,
      "op_leverage_ratio": 5.98720722887829,
      "fcf_margin_change": 0.4352554283562243
    },
    {
      "date": "2025-12-31T00:00:00",
      "quarter_label": "2025-12 (Q4)",
      "revenue": 363491000,
      "gross_profit": 37204000,
      "operating_income": -31843000,
      "net_income": -32597000,
      "opex": 69047000,
      "cogs": null,
      "rd": null,
      "sga": null,
      "fcf": -170855000,
      "ocf": -165297000,
      "capex": -5558000,
      "gross_margin": 0.10235191517809245,
      "op_margin": -0.08760326940694543,
      "fcf_margin": -0.47003914814947273,
      "incr_op_margin_yoy": 0.32221084371622005,
      "rev_growth_yoy": -0.22488820841320986,
      "rev_growth_yoy_accel": -0.20719810586494694,
      "fcf_margin_change": -0.7765225752661649
    }
  ],
  "signals": [
    {
      "quarter": "2025-12 (Q4)",
      "signal": "YoY REVENUE GROWTH DECELERATION",
      "detail": "YoY growth: -22.5% vs prior quarter YoY: -1.8% (decel: -20.7%)",
      "severity": "WARNING"
    },
    {
      "quarter": "2025-09 (Q3)",
      "signal": "FCF TURNED POSITIVE",
      "detail": "FCF margin: -12.9% -> +30.6%",
      "severity": "HIGH"
    },
    {
      "quarter": "2025-09 (Q3)",
      "signal": "OPERATING LEVERAGE",
      "detail": "Rev growth +45.2% vs OpEx growth +7.6% (leverage: 6.0x)",
      "severity": "MEDIUM"
    },
    {
      "quarter": "2025-09 (Q3)",
      "signal": "YoY REVENUE GROWTH ACCELERATION",
      "detail": "YoY growth: -1.8% vs prior quarter YoY: -8.4% (accel: +6.7%)",
      "severity": "MEDIUM"
    },
    {
      "quarter": "2025-09 (Q3)",
      "signal": "INCREMENTAL MARGIN (YoY)",
      "detail": "YoY Incr OPM: +234.5% vs year-ago OPM: +7.2%",
      "severity": "HIGH"
    },
    {
      "quarter": "2025-09 (Q3)",
      "signal": "OP MARGIN TURNED POSITIVE (QoQ)",
      "detail": "Op margin: -0.7% -> +3.1%",
      "severity": "HIGH"
    },
    {
      "quarter": "2025-06 (Q2)",
      "signal": "YoY REVENUE GROWTH DECELERATION",
      "detail": "YoY growth: -8.4% vs prior quarter YoY: +4.4% (decel: -12.8%)",
      "severity": "WARNING"
    },
    {
      "quarter": "2025-03 (Q1)",
      "signal": "FCF MARGIN EXPANSION",
      "detail": "FCF margin: -35.1% -> -0.8% (+34.3%)",
      "severity": "MEDIUM"
    },
    {
      "quarter": "2025-03 (Q1)",
      "signal": "OPERATING LEVERAGE",
      "detail": "Rev growth +20.6% vs OpEx growth +3.8% (leverage: 5.3x)",
      "severity": "MEDIUM"
    },
    {
      "quarter": "2025-03 (Q1)",
      "signal": "YoY REVENUE GROWTH DECELERATION",
      "detail": "YoY growth: +4.4% vs prior quarter YoY: +21.2% (decel: -16.8%)",
      "severity": "WARNING"
    },
    {
      "quarter": "2024-09 (Q3)",
      "signal": "FCF TURNED POSITIVE",
      "detail": "FCF margin: -14.9% -> +22.3%",
      "severity": "HIGH"
    },
    {
      "quarter": "2024-09 (Q3)",
      "signal": "OPERATING LEVERAGE",
      "detail": "Rev growth +35.3% vs OpEx growth +11.2% (leverage: 3.2x)",
      "severity": "MEDIUM"
    },
    {
      "quarter": "2024-09 (Q3)",
      "signal": "YoY REVENUE GROWTH ACCELERATION",
      "detail": "YoY growth: +24.9% vs prior quarter YoY: +4.0% (accel: +20.9%)",
      "severity": "HIGH"
    },
    {
      "quarter": "2024-03 (Q1)",
      "signal": "FCF MARGIN EXPANSION",
      "detail": "FCF margin: -59.8% -> -3.7% (+56.1%)",
      "severity": "MEDIUM"
    },
    {
      "quarter": "2024-03 (Q1)",
      "signal": "OPERATING LEVERAGE",
      "detail": "Rev growth +40.0% vs OpEx growth +14.6% (leverage: 2.7x)",
      "severity": "MEDIUM"
    },
    {
      "quarter": "2024-03 (Q1)",
      "signal": "YoY REVENUE GROWTH ACCELERATION",
      "detail": "YoY growth: -0.4% vs prior quarter YoY: -13.1% (accel: +12.6%)",
      "severity": "MEDIUM"
    },
    {
      "quarter": "2024-03 (Q1)",
      "signal": "INCREMENTAL MARGIN (YoY)",
      "detail": "YoY Incr OPM: +118.3% vs year-ago OPM: +7.1%",
      "severity": "HIGH"
    },
    {
      "quarter": "2023-12 (Q4)",
      "signal": "YoY REVENUE GROWTH ACCELERATION",
      "detail": "YoY growth: -13.1% vs prior quarter YoY: -22.0% (accel: +9.0%)",
      "severity": "MEDIUM"
    },
    {
      "quarter": "2023-09 (Q3)",
      "signal": "YoY REVENUE GROWTH DECELERATION",
      "detail": "YoY growth: -22.0% vs prior quarter YoY: +8.7% (decel: -30.7%)",
      "severity": "WARNING"
    },
    {
      "quarter": "2023-09 (Q3)",
      "signal": "INCREMENTAL MARGIN (YoY)",
      "detail": "YoY Incr OPM: +26.1% vs year-ago OPM: +13.3%",
      "severity": "MEDIUM"
    },
    {
      "quarter": "2023-03 (Q1)",
      "signal": "FCF TURNED POSITIVE",
      "detail": "FCF margin: -20.2% -> +22.5%",
      "severity": "HIGH"
    },
    {
      "quarter": "2023-03 (Q1)",
      "signal": "OPERATING LEVERAGE",
      "detail": "Rev growth +22.2% vs OpEx growth +11.9% (leverage: 1.9x)",
      "severity": "MEDIUM"
    },
    {
      "quarter": "2023-03 (Q1)",
      "signal": "YoY REVENUE GROWTH ACCELERATION",
      "detail": "YoY growth: +7.0% vs prior quarter YoY: -2.0% (accel: +9.0%)",
      "severity": "MEDIUM"
    },
    {
      "quarter": "2022-12 (Q4)",
      "signal": "YoY REVENUE GROWTH DECELERATION",
      "detail": "YoY growth: -2.0% vs prior quarter YoY: +40.1% (decel: -42.1%)",
      "severity": "WARNING"
    },
    {
      "quarter": "2022-12 (Q4)",
      "signal": "INCREMENTAL MARGIN (YoY)",
      "detail": "YoY Incr OPM: +134.9% vs year-ago OPM: +9.0%",
      "severity": "HIGH"
    },
    {
      "quarter": "2022-09 (Q3)",
      "signal": "FCF TURNED POSITIVE",
      "detail": "FCF margin: -21.1% -> +29.2%",
      "severity": "HIGH"
    },
    {
      "quarter": "2022-09 (Q3)",
      "signal": "OPERATING LEVERAGE",
      "detail": "Rev growth +57.2% vs OpEx growth +19.9% (leverage: 2.9x)",
      "severity": "MEDIUM"
    },
    {
      "quarter": "2022-09 (Q3)",
      "signal": "YoY REVENUE GROWTH ACCELERATION",
      "detail": "YoY growth: +40.1% vs prior quarter YoY: -7.8% (accel: +47.8%)",
      "severity": "HIGH"
    },
    {
      "quarter": "2022-09 (Q3)",
      "signal": "INCREMENTAL MARGIN (YoY)",
      "detail": "YoY Incr OPM: +26.5% vs year-ago OPM: +7.9%",
      "severity": "MEDIUM"
    },
    {
      "quarter": "2022-06 (Q2)",
      "signal": "OPERATING LEVERAGE",
      "detail": "Rev growth +3.6% vs OpEx growth +0.1% (leverage: 26.7x)",
      "severity": "MEDIUM"
    },
    {
      "quarter": "2022-03 (Q1)",
      "signal": "FCF TURNED POSITIVE",
      "detail": "FCF margin: -17.8% -> +3.2%",
      "severity": "HIGH"
    }
  ],
  "data_quality": {
    "n_quarters": 20,
    "coverage": {
      "revenue": [
        20,
        20
      ],
      "gross_profit": [
        20,
        20
      ],
      "op_income": [
        20,
        20
      ],
      "fcf": [
        20,
        20
      ]
    },
    "gaps": [],
    "warnings": []
  },
  "market_cap": null,
  "source": "SEC EDGAR",
  "last_updated": "2026-02-02T22:13:43.130788"
}