{
  "ticker": "CAL",
  "name": "CALERES,\u00a0INC.",
  "quarters": [
    {
      "date": "2021-01-30T00:00:00",
      "quarter_label": "2021-01 (Q1)",
      "revenue": 570959000,
      "gross_profit": 225559000,
      "operating_income": -55379000,
      "net_income": -76976000,
      "opex": 280938000,
      "cogs": 345400000,
      "rd": null,
      "sga": 226064000,
      "fcf": 19817000,
      "ocf": 24587000,
      "capex": -4770000,
      "gross_margin": 0.3950528847080088,
      "op_margin": -0.09699295395991656,
      "fcf_margin": 0.0347082715221233
    },
    {
      "date": "2021-05-01T00:00:00",
      "quarter_label": "2021-05 (Q2)",
      "revenue": 638636000,
      "gross_profit": 274887000,
      "operating_income": 17870000,
      "net_income": 6147000,
      "opex": 257017000,
      "cogs": 363749000,
      "rd": null,
      "sga": 243535000,
      "fcf": 67719000,
      "ocf": 70378000,
      "capex": -2659000,
      "gross_margin": 0.4304282877883489,
      "op_margin": 0.02798151059445443,
      "fcf_margin": 0.10603692870430104,
      "op_leverage_ratio": Infinity,
      "fcf_margin_change": 0.07132865718217773
    },
    {
      "date": "2021-07-31T00:00:00",
      "quarter_label": "2021-07 (Q3)",
      "revenue": 675531000,
      "gross_profit": 322293000,
      "operating_income": 62792000,
      "net_income": 37396000,
      "opex": 259501000,
      "cogs": 353238000,
      "rd": null,
      "sga": 259501000,
      "fcf": 61012000,
      "ocf": 65169000,
      "capex": -4157000,
      "gross_margin": 0.4770957957517864,
      "op_margin": 0.09295206289570723,
      "fcf_margin": 0.09031709869717304,
      "op_leverage_ratio": 5.977565959971311,
      "fcf_margin_change": -0.015719830007127997
    },
    {
      "date": "2021-10-30T00:00:00",
      "quarter_label": "2021-10 (Q4)",
      "revenue": 784156000,
      "gross_profit": 335351000,
      "operating_income": 81318000,
      "net_income": 59622000,
      "opex": 254033000,
      "cogs": 448805000,
      "rd": null,
      "sga": 254033000,
      "fcf": 50560000,
      "ocf": 54181000,
      "capex": -3621000,
      "gross_margin": 0.4276585271298058,
      "op_margin": 0.10370130433230122,
      "fcf_margin": 0.06447696631792653,
      "op_leverage_ratio": Infinity,
      "fcf_margin_change": -0.02584013237924651
    },
    {
      "date": "2022-01-29T00:00:00",
      "quarter_label": "2022-01 (Q1)",
      "revenue": 679281000,
      "gross_profit": 294786000,
      "operating_income": 43828000,
      "net_income": 33854000,
      "opex": 250958000,
      "cogs": 384495000,
      "rd": null,
      "sga": 250958000,
      "fcf": -29243000,
      "ocf": -21287000,
      "capex": -7956000,
      "gross_margin": 0.43396768053279866,
      "op_margin": 0.06452116281774406,
      "fcf_margin": -0.0430499307355866,
      "incr_op_margin_yoy": 0.9158527353630841,
      "rev_growth_yoy": 0.18971940191852654,
      "fcf_margin_change": -0.10752689705351312
    },
    {
      "date": "2022-04-30T00:00:00",
      "quarter_label": "2022-04 (Q2)",
      "revenue": 735116000,
      "gross_profit": 326994000,
      "operating_income": 66195000,
      "net_income": 50509000,
      "opex": 260799000,
      "cogs": 408122000,
      "rd": null,
      "sga": 260799000,
      "fcf": 10381000,
      "ocf": 19686000,
      "capex": -9305000,
      "gross_margin": 0.4448195930982321,
      "op_margin": 0.09004701298842632,
      "fcf_margin": 0.014121580811735835,
      "incr_op_margin_yoy": 0.5008810116086235,
      "rev_growth_yoy": 0.1510719721406247,
      "rev_growth_yoy_accel": -0.03864742977790184,
      "op_leverage_ratio": 2.096133148726763,
      "fcf_margin_change": 0.05717151154732243
    },
    {
      "date": "2022-07-30T00:00:00",
      "quarter_label": "2022-07 (Q3)",
      "revenue": 738330000,
      "gross_profit": 336815000,
      "operating_income": 68420000,
      "net_income": 51178000,
      "opex": 268395000,
      "cogs": 401515000,
      "rd": null,
      "sga": 268395000,
      "fcf": 50000,
      "ocf": 7565000,
      "capex": -7515000,
      "gross_margin": 0.45618490376931725,
      "op_margin": 0.09266858992591388,
      "fcf_margin": 6.772039602887598e-05,
      "incr_op_margin_yoy": 0.08961926145320785,
      "rev_growth_yoy": 0.09296242511446551,
      "rev_growth_yoy_accel": -0.0581095470261592,
      "fcf_margin_change": -0.014053860415706958
    },
    {
      "date": "2022-10-29T00:00:00",
      "quarter_label": "2022-10 (Q4)",
      "revenue": 798258000,
      "gross_profit": 339876000,
      "operating_income": 53847000,
      "net_income": 39246000,
      "opex": 286029000,
      "cogs": 458382000,
      "rd": null,
      "sga": 283119000,
      "fcf": -4221000,
      "ocf": 19015000,
      "capex": -23236000,
      "gross_margin": 0.42577211878866233,
      "op_margin": 0.06745563464443827,
      "fcf_margin": -0.005287764106341559,
      "incr_op_margin_yoy": -1.9480215572259254,
      "rev_growth_yoy": 0.017983666515336234,
      "rev_growth_yoy_accel": -0.07497875859912928,
      "op_leverage_ratio": 1.2353865065219165,
      "fcf_margin_change": -0.005355484502370435
    },
    {
      "date": "2023-01-28T00:00:00",
      "quarter_label": "2023-01 (Q1)",
      "revenue": 696434000,
      "gross_profit": 281188000,
      "operating_income": 25865000,
      "net_income": 40809000,
      "opex": 255323000,
      "cogs": 415246000,
      "rd": null,
      "sga": 255323000,
      "fcf": 63756000,
      "ocf": 79613000,
      "capex": -15857000,
      "gross_margin": 0.4037539809946097,
      "op_margin": 0.037139197684202666,
      "fcf_margin": 0.09154636333091147,
      "incr_op_margin_yoy": -1.0472220602810005,
      "rev_growth_yoy": 0.02525169995922159,
      "rev_growth_yoy_accel": 0.007268033443885356,
      "fcf_margin_change": 0.09683412743725303
    },
    {
      "date": "2023-04-29T00:00:00",
      "quarter_label": "2023-04 (Q2)",
      "revenue": 662734000,
      "gross_profit": 302682000,
      "operating_income": 49587000,
      "net_income": 34727000,
      "opex": 253095000,
      "cogs": 360052000,
      "rd": null,
      "sga": 253095000,
      "fcf": 31747000,
      "ocf": 37497000,
      "capex": -5750000,
      "gross_margin": 0.45671717461304234,
      "op_margin": 0.07482187423611887,
      "fcf_margin": 0.04790308027051577,
      "incr_op_margin_yoy": 0.2294493106020834,
      "rev_growth_yoy": -0.09846337176717689,
      "rev_growth_yoy_accel": -0.12371507172639848,
      "fcf_margin_change": -0.0436432830603957
    },
    {
      "date": "2023-07-29T00:00:00",
      "quarter_label": "2023-07 (Q3)",
      "revenue": 695533000,
      "gross_profit": 314173000,
      "operating_income": 49703000,
      "net_income": 33943000,
      "opex": 264470000,
      "cogs": 381360000,
      "rd": null,
      "sga": 262823000,
      "fcf": 78385000,
      "ocf": 87679000,
      "capex": -9294000,
      "gross_margin": 0.4517010695394755,
      "op_margin": 0.0714603045434221,
      "fcf_margin": 0.11269774403227453,
      "incr_op_margin_yoy": 0.4373437390471295,
      "rev_growth_yoy": -0.057964595776956104,
      "rev_growth_yoy_accel": 0.04049877599022078,
      "op_leverage_ratio": 1.1011678204011177,
      "fcf_margin_change": 0.06479466376175877
    },
    {
      "date": "2023-10-28T00:00:00",
      "quarter_label": "2023-10 (Q4)",
      "revenue": 761904000,
      "gross_profit": 340374000,
      "operating_income": 64418000,
      "net_income": 46914000,
      "opex": 275956000,
      "cogs": 421530000,
      "rd": null,
      "sga": 273652000,
      "fcf": 13075000,
      "ocf": 32007000,
      "capex": -18932000,
      "gross_margin": 0.44674132174132175,
      "op_margin": 0.08454870954870955,
      "fcf_margin": 0.01716095466095466,
      "incr_op_margin_yoy": -0.2907795565824944,
      "rev_growth_yoy": -0.04554166697984862,
      "rev_growth_yoy_accel": 0.012422928797107484,
      "op_leverage_ratio": 2.1971930884165993,
      "fcf_margin_change": -0.09553678937131987
    },
    {
      "date": "2024-02-03T00:00:00",
      "quarter_label": "2024-02 (Q1)",
      "revenue": 697123000,
      "gross_profit": 305728000,
      "operating_income": 30747000,
      "net_income": 55807000,
      "opex": 274981000,
      "cogs": 391395000,
      "rd": null,
      "sga": 272829000,
      "fcf": 32360000,
      "ocf": 42968000,
      "capex": -10608000,
      "gross_margin": 0.4385567539731152,
      "op_margin": 0.04410555956409414,
      "fcf_margin": 0.046419354977529075,
      "rev_growth_yoy": 0.0009893256216669491,
      "rev_growth_yoy_accel": 0.04653099260151557,
      "fcf_margin_change": 0.029258400316574413
    },
    {
      "date": "2024-05-04T00:00:00",
      "quarter_label": "2024-05 (Q2)",
      "revenue": 659198000,
      "gross_profit": 309095000,
      "operating_income": 42758000,
      "net_income": 30939000,
      "opex": 266337000,
      "cogs": 350103000,
      "rd": null,
      "sga": 266337000,
      "fcf": 26272000,
      "ocf": 36074000,
      "capex": -9802000,
      "gross_margin": 0.46889553669762346,
      "op_margin": 0.06486366766889462,
      "fcf_margin": 0.039854489849787164,
      "incr_op_margin_yoy": 1.9312782805429864,
      "rev_growth_yoy": -0.005335473960895321,
      "rev_growth_yoy_accel": -0.00632479958256227,
      "fcf_margin_change": -0.00656486512774191
    },
    {
      "date": "2024-08-03T00:00:00",
      "quarter_label": "2024-08 (Q3)",
      "revenue": 683317000,
      "gross_profit": 310878000,
      "operating_income": 42529000,
      "net_income": 29958000,
      "opex": 268349000,
      "cogs": 372439000,
      "rd": null,
      "sga": 268349000,
      "fcf": 68538000,
      "ocf": 79622000,
      "capex": -11084000,
      "gross_margin": 0.45495428915130165,
      "op_margin": 0.062239048640674824,
      "fcf_margin": 0.10030190965540152,
      "incr_op_margin_yoy": 0.5872626064178127,
      "rev_growth_yoy": -0.01756350884860963,
      "rev_growth_yoy_accel": -0.012228034887714307,
      "op_leverage_ratio": 4.843362151642103,
      "fcf_margin_change": 0.060447419805614355
    },
    {
      "date": "2024-11-02T00:00:00",
      "quarter_label": "2024-11 (Q4)",
      "revenue": 740941000,
      "gross_profit": 326960000,
      "operating_income": 56698000,
      "net_income": 41427000,
      "opex": 270262000,
      "cogs": 413981000,
      "rd": null,
      "sga": 268669000,
      "fcf": -57365000,
      "ocf": -39841000,
      "capex": -17524000,
      "gross_margin": 0.44127670084392684,
      "op_margin": 0.0765216123820925,
      "fcf_margin": -0.07742181901123031,
      "incr_op_margin_yoy": 0.3682679005867481,
      "rev_growth_yoy": -0.027513965013965015,
      "rev_growth_yoy_accel": -0.009950456165355386,
      "op_leverage_ratio": 11.829494521267309,
      "fcf_margin_change": -0.17772372866663183
    },
    {
      "date": "2025-02-01T00:00:00",
      "quarter_label": "2025-02 (Q1)",
      "revenue": 639227000,
      "gross_profit": 275108000,
      "operating_income": 7870000,
      "net_income": 4930000,
      "opex": 267238000,
      "cogs": 364119000,
      "rd": null,
      "sga": 261664000,
      "fcf": 17970000,
      "ocf": 28707000,
      "capex": -10737000,
      "gross_margin": 0.43037606358930397,
      "op_margin": 0.012311745279845814,
      "fcf_margin": 0.028112079120562804,
      "incr_op_margin_yoy": 0.39513956059140526,
      "rev_growth_yoy": -0.0830499065444692,
      "rev_growth_yoy_accel": -0.05553594153050419,
      "fcf_margin_change": 0.10553389813179312
    },
    {
      "date": "2025-05-03T00:00:00",
      "quarter_label": "2025-05 (Q2)",
      "revenue": 614221000,
      "gross_profit": 278694000,
      "operating_income": 11584000,
      "net_income": 6943000,
      "opex": 267110000,
      "cogs": 335527000,
      "rd": null,
      "sga": 266483000,
      "fcf": -26199000,
      "ocf": -5657000,
      "capex": -20542000,
      "gross_margin": 0.4537357075059303,
      "op_margin": 0.018859661261988764,
      "fcf_margin": -0.04265402843601896,
      "incr_op_margin_yoy": 0.6931098116815261,
      "rev_growth_yoy": -0.06822987933822615,
      "rev_growth_yoy_accel": 0.01482002720624305,
      "fcf_margin_change": -0.07076610755658176
    },
    {
      "date": "2025-08-02T00:00:00",
      "quarter_label": "2025-08 (Q3)",
      "revenue": 658519000,
      "gross_profit": 285795000,
      "operating_income": 9292000,
      "net_income": 6713000,
      "opex": 276503000,
      "cogs": 372724000,
      "rd": null,
      "sga": 269747000,
      "fcf": 34968000,
      "ocf": 47303000,
      "capex": -12335000,
      "gross_margin": 0.4339965893163295,
      "op_margin": 0.014110450875373376,
      "fcf_margin": 0.05310097354821956,
      "incr_op_margin_yoy": 1.3403097023953545,
      "rev_growth_yoy": -0.03629062353197711,
      "rev_growth_yoy_accel": 0.03193925580624904,
      "op_leverage_ratio": 2.050903768392859,
      "fcf_margin_change": 0.09575500198423853
    },
    {
      "date": "2025-11-01T00:00:00",
      "quarter_label": "2025-11 (Q4)",
      "revenue": 790051000,
      "gross_profit": 329949000,
      "operating_income": 11968000,
      "net_income": 2386000,
      "opex": 317981000,
      "cogs": 460102000,
      "rd": null,
      "sga": 311276000,
      "fcf": -12386000,
      "ocf": -1192000,
      "capex": -11194000,
      "gross_margin": 0.41763000110119475,
      "op_margin": 0.015148389154624195,
      "fcf_margin": -0.015677468922892318,
      "incr_op_margin_yoy": -0.9108124618204032,
      "rev_growth_yoy": 0.06628058104491451,
      "rev_growth_yoy_accel": 0.10257120457689162,
      "op_leverage_ratio": 1.3315122127734182,
      "fcf_margin_change": -0.06877844247111188
    }
  ],
  "signals": [
    {
      "quarter": "2025-11 (Q4)",
      "signal": "YoY REVENUE GROWTH ACCELERATION",
      "detail": "YoY growth: +6.6% vs prior quarter YoY: -3.6% (accel: +10.3%)",
      "severity": "MEDIUM"
    },
    {
      "quarter": "2025-08 (Q3)",
      "signal": "FCF TURNED POSITIVE",
      "detail": "FCF margin: -4.3% -> +5.3%",
      "severity": "HIGH"
    },
    {
      "quarter": "2025-08 (Q3)",
      "signal": "OPERATING LEVERAGE",
      "detail": "Rev growth +7.2% vs OpEx growth +3.5% (leverage: 2.1x)",
      "severity": "MEDIUM"
    },
    {
      "quarter": "2025-08 (Q3)",
      "signal": "INCREMENTAL MARGIN (YoY)",
      "detail": "YoY Incr OPM: +134.0% vs year-ago OPM: +6.2%",
      "severity": "HIGH"
    },
    {
      "quarter": "2025-05 (Q2)",
      "signal": "GROSS MARGIN INFLECTION",
      "detail": "GM: +44.1% -> +43.0% -> +45.4% (reversal +2.3%)",
      "severity": "MEDIUM"
    },
    {
      "quarter": "2025-05 (Q2)",
      "signal": "INCREMENTAL MARGIN (YoY)",
      "detail": "YoY Incr OPM: +69.3% vs year-ago OPM: +6.5%",
      "severity": "HIGH"
    },
    {
      "quarter": "2025-02 (Q1)",
      "signal": "FCF TURNED POSITIVE",
      "detail": "FCF margin: -7.7% -> +2.8%",
      "severity": "HIGH"
    },
    {
      "quarter": "2025-02 (Q1)",
      "signal": "YoY REVENUE GROWTH DECELERATION",
      "detail": "YoY growth: -8.3% vs prior quarter YoY: -2.8% (decel: -5.6%)",
      "severity": "WARNING"
    },
    {
      "quarter": "2025-02 (Q1)",
      "signal": "INCREMENTAL MARGIN (YoY)",
      "detail": "YoY Incr OPM: +39.5% vs year-ago OPM: +4.4%",
      "severity": "HIGH"
    },
    {
      "quarter": "2024-11 (Q4)",
      "signal": "OPERATING LEVERAGE",
      "detail": "Rev growth +8.4% vs OpEx growth +0.7% (leverage: 11.8x)",
      "severity": "MEDIUM"
    },
    {
      "quarter": "2024-11 (Q4)",
      "signal": "INCREMENTAL MARGIN (YoY)",
      "detail": "YoY Incr OPM: +36.8% vs year-ago OPM: +8.5%",
      "severity": "HIGH"
    },
    {
      "quarter": "2024-08 (Q3)",
      "signal": "FCF MARGIN EXPANSION",
      "detail": "FCF margin: +4.0% -> +10.0% (+6.0%)",
      "severity": "MEDIUM"
    },
    {
      "quarter": "2024-08 (Q3)",
      "signal": "OPERATING LEVERAGE",
      "detail": "Rev growth +3.7% vs OpEx growth +0.8% (leverage: 4.8x)",
      "severity": "MEDIUM"
    },
    {
      "quarter": "2024-08 (Q3)",
      "signal": "INCREMENTAL MARGIN (YoY)",
      "detail": "YoY Incr OPM: +58.7% vs year-ago OPM: +7.1%",
      "severity": "HIGH"
    },
    {
      "quarter": "2024-05 (Q2)",
      "signal": "GROSS MARGIN INFLECTION",
      "detail": "GM: +44.7% -> +43.9% -> +46.9% (reversal +3.0%)",
      "severity": "MEDIUM"
    },
    {
      "quarter": "2024-05 (Q2)",
      "signal": "INCREMENTAL MARGIN (YoY)",
      "detail": "YoY Incr OPM: +193.1% vs year-ago OPM: +7.5%",
      "severity": "HIGH"
    },
    {
      "quarter": "2023-10 (Q4)",
      "signal": "OPERATING LEVERAGE",
      "detail": "Rev growth +9.5% vs OpEx growth +4.3% (leverage: 2.2x)",
      "severity": "MEDIUM"
    },
    {
      "quarter": "2023-07 (Q3)",
      "signal": "FCF MARGIN EXPANSION",
      "detail": "FCF margin: +4.8% -> +11.3% (+6.5%)",
      "severity": "MEDIUM"
    },
    {
      "quarter": "2023-07 (Q3)",
      "signal": "INCREMENTAL MARGIN (YoY)",
      "detail": "YoY Incr OPM: +43.7% vs year-ago OPM: +9.3%",
      "severity": "HIGH"
    },
    {
      "quarter": "2023-04 (Q2)",
      "signal": "GROSS MARGIN INFLECTION",
      "detail": "GM: +42.6% -> +40.4% -> +45.7% (reversal +5.3%)",
      "severity": "HIGH"
    },
    {
      "quarter": "2023-04 (Q2)",
      "signal": "YoY REVENUE GROWTH DECELERATION",
      "detail": "YoY growth: -9.8% vs prior quarter YoY: +2.5% (decel: -12.4%)",
      "severity": "WARNING"
    },
    {
      "quarter": "2023-04 (Q2)",
      "signal": "INCREMENTAL MARGIN (YoY)",
      "detail": "YoY Incr OPM: +22.9% vs year-ago OPM: +9.0%",
      "severity": "MEDIUM"
    },
    {
      "quarter": "2023-01 (Q1)",
      "signal": "FCF TURNED POSITIVE",
      "detail": "FCF margin: -0.5% -> +9.2%",
      "severity": "HIGH"
    },
    {
      "quarter": "2022-10 (Q4)",
      "signal": "YoY REVENUE GROWTH DECELERATION",
      "detail": "YoY growth: +1.8% vs prior quarter YoY: +9.3% (decel: -7.5%)",
      "severity": "WARNING"
    },
    {
      "quarter": "2022-07 (Q3)",
      "signal": "YoY REVENUE GROWTH DECELERATION",
      "detail": "YoY growth: +9.3% vs prior quarter YoY: +15.1% (decel: -5.8%)",
      "severity": "WARNING"
    },
    {
      "quarter": "2022-04 (Q2)",
      "signal": "FCF TURNED POSITIVE",
      "detail": "FCF margin: -4.3% -> +1.4%",
      "severity": "HIGH"
    },
    {
      "quarter": "2022-04 (Q2)",
      "signal": "OPERATING LEVERAGE",
      "detail": "Rev growth +8.2% vs OpEx growth +3.9% (leverage: 2.1x)",
      "severity": "MEDIUM"
    },
    {
      "quarter": "2022-04 (Q2)",
      "signal": "INCREMENTAL MARGIN (YoY)",
      "detail": "YoY Incr OPM: +50.1% vs year-ago OPM: +2.8%",
      "severity": "HIGH"
    },
    {
      "quarter": "2022-01 (Q1)",
      "signal": "OP MARGIN TURNED POSITIVE (YoY)",
      "detail": "Op margin: -9.7% (year-ago) -> +6.5%",
      "severity": "HIGH"
    },
    {
      "quarter": "2021-07 (Q3)",
      "signal": "OPERATING LEVERAGE",
      "detail": "Rev growth +5.8% vs OpEx growth +1.0% (leverage: 6.0x)",
      "severity": "MEDIUM"
    },
    {
      "quarter": "2021-05 (Q2)",
      "signal": "FCF MARGIN EXPANSION",
      "detail": "FCF margin: +3.5% -> +10.6% (+7.1%)",
      "severity": "MEDIUM"
    },
    {
      "quarter": "2021-05 (Q2)",
      "signal": "OP MARGIN TURNED POSITIVE (QoQ)",
      "detail": "Op margin: -9.7% -> +2.8%",
      "severity": "HIGH"
    }
  ],
  "data_quality": {
    "n_quarters": 20,
    "coverage": {
      "revenue": [
        20,
        20
      ],
      "gross_profit": [
        20,
        20
      ],
      "op_income": [
        20,
        20
      ],
      "fcf": [
        20,
        20
      ]
    },
    "gaps": [],
    "warnings": []
  },
  "market_cap": null,
  "source": "SEC EDGAR",
  "last_updated": "2026-02-02T22:31:53.764724",
  "sector": "Consumer Cyclical",
  "industry": "Apparel Retail"
}