{
  "ticker": "CALX",
  "name": "CALIX, INC",
  "quarters": [
    {
      "date": "2020-12-31T00:00:00",
      "quarter_label": "2020-12 (Q4)",
      "revenue": 170026000,
      "gross_profit": 89015000,
      "operating_income": 24774000,
      "net_income": null,
      "opex": 64241000,
      "cogs": 81011000,
      "rd": 23288000,
      "sga": null,
      "fcf": 28271000,
      "ocf": 30473000,
      "capex": -2202000,
      "gross_margin": 0.5235375766059308,
      "op_margin": 0.14570712714526013,
      "fcf_margin": 0.16627456977168198
    },
    {
      "date": "2021-04-03T00:00:00",
      "quarter_label": "2021-04 (Q2)",
      "revenue": 162074000,
      "gross_profit": 86242000,
      "operating_income": 20802000,
      "net_income": null,
      "opex": 65440000,
      "cogs": 75832000,
      "rd": 24364000,
      "sga": null,
      "fcf": 7624000,
      "ocf": 9898000,
      "capex": -2274000,
      "gross_margin": 0.5321149598331626,
      "op_margin": 0.128348778952824,
      "fcf_margin": 0.047040240877623804,
      "fcf_margin_change": -0.11923432889405818
    },
    {
      "date": "2021-07-03T00:00:00",
      "quarter_label": "2021-07 (Q3)",
      "revenue": 168670000,
      "gross_profit": 89619000,
      "operating_income": 20529000,
      "net_income": 20458000,
      "opex": 69090000,
      "cogs": 79051000,
      "rd": 25716000,
      "sga": null,
      "fcf": 21805000,
      "ocf": 23459000,
      "capex": -1654000,
      "gross_margin": 0.5313274441216577,
      "op_margin": 0.12171103337878698,
      "fcf_margin": 0.12927610126282088,
      "op_leverage_ratio": 0.7296552682429351,
      "fcf_margin_change": 0.08223586038519708
    },
    {
      "date": "2021-10-02T00:00:00",
      "quarter_label": "2021-10 (Q4)",
      "revenue": 172231000,
      "gross_profit": 89493000,
      "operating_income": 17991000,
      "net_income": 177424000,
      "opex": 71502000,
      "cogs": 82738000,
      "rd": 25727000,
      "sga": null,
      "fcf": 7475000,
      "ocf": 10818000,
      "capex": -3343000,
      "gross_margin": 0.5196102908303383,
      "op_margin": 0.10445854695147795,
      "fcf_margin": 0.04340101375478282,
      "op_leverage_ratio": 0.6047446263081934,
      "fcf_margin_change": -0.08587508750803806
    },
    {
      "date": "2021-12-31T00:00:00",
      "quarter_label": "2021-12 (Q4)",
      "revenue": 176419000,
      "gross_profit": 91233000,
      "operating_income": 14616000,
      "net_income": 19881000,
      "opex": 76617000,
      "cogs": 85186000,
      "rd": 25940000,
      "sga": null,
      "fcf": 9426000,
      "ocf": 12618000,
      "capex": -3192000,
      "gross_margin": 0.5171381767269966,
      "op_margin": 0.08284821929610756,
      "fcf_margin": 0.053429619258696624,
      "incr_op_margin_yoy": -1.5889253871421867,
      "rev_growth_yoy": 0.03760013174455672,
      "op_leverage_ratio": 0.3399130993870317,
      "fcf_margin_change": 0.010028605503913803
    },
    {
      "date": "2022-04-02T00:00:00",
      "quarter_label": "2022-04 (Q2)",
      "revenue": 184948000,
      "gross_profit": 91792000,
      "operating_income": 9853000,
      "net_income": 8119000,
      "opex": 81939000,
      "cogs": 93156000,
      "rd": 29817000,
      "sga": null,
      "fcf": 4134000,
      "ocf": 7365000,
      "capex": -3231000,
      "gross_margin": 0.49631247702056797,
      "op_margin": 0.05327443389493263,
      "fcf_margin": 0.022352228734563228,
      "incr_op_margin_yoy": -0.4786657340211594,
      "rev_growth_yoy": 0.14113306267507436,
      "rev_growth_yoy_accel": 0.10353293093051764,
      "op_leverage_ratio": 0.6959900501555902,
      "fcf_margin_change": -0.031077390524133396
    },
    {
      "date": "2022-07-02T00:00:00",
      "quarter_label": "2022-07 (Q3)",
      "revenue": 202042000,
      "gross_profit": 100180000,
      "operating_income": 9701000,
      "net_income": 7521000,
      "opex": 90479000,
      "cogs": 101862000,
      "rd": 30430000,
      "sga": null,
      "fcf": 4364000,
      "ocf": 6999000,
      "capex": -2635000,
      "gross_margin": 0.49583749913384345,
      "op_margin": 0.04801476920640263,
      "fcf_margin": 0.02159946941724988,
      "incr_op_margin_yoy": -0.32446362219825003,
      "rev_growth_yoy": 0.19785379735578348,
      "rev_growth_yoy_accel": 0.05672073468070912,
      "op_leverage_ratio": 0.886802378125247,
      "fcf_margin_change": -0.0007527593173133479
    },
    {
      "date": "2022-10-01T00:00:00",
      "quarter_label": "2022-10 (Q4)",
      "revenue": 236334000,
      "gross_profit": 118572000,
      "operating_income": 20005000,
      "net_income": 13443000,
      "opex": 98567000,
      "cogs": 117762000,
      "rd": 33196000,
      "sga": null,
      "fcf": 3320000,
      "ocf": 6714000,
      "capex": -3394000,
      "gross_margin": 0.5017136764071187,
      "op_margin": 0.08464715191212437,
      "fcf_margin": 0.014047915238602994,
      "incr_op_margin_yoy": 0.031418186356332777,
      "rev_growth_yoy": 0.3721919979562332,
      "rev_growth_yoy_accel": 0.17433820060044972,
      "op_leverage_ratio": 1.8987063618535855,
      "fcf_margin_change": -0.007551554178646886
    },
    {
      "date": "2022-12-31T00:00:00",
      "quarter_label": "2022-12 (Q4)",
      "revenue": 244503000,
      "gross_profit": 124884000,
      "operating_income": 13051000,
      "net_income": 11927000,
      "opex": 111833000,
      "cogs": 119619000,
      "rd": 38551000,
      "sga": null,
      "fcf": 1298000,
      "ocf": 6105000,
      "capex": -4807000,
      "gross_margin": 0.5107667390584164,
      "op_margin": 0.05337766816767074,
      "fcf_margin": 0.005308728318261943,
      "incr_op_margin_yoy": -0.022986311027554197,
      "rev_growth_yoy": 0.38592215124221313,
      "rev_growth_yoy_accel": 0.013730153285979929,
      "op_leverage_ratio": 0.2568231900044934,
      "fcf_margin_change": -0.008739186920341051
    },
    {
      "date": "2023-04-01T00:00:00",
      "quarter_label": "2023-04 (Q2)",
      "revenue": 250008000,
      "gross_profit": 128051000,
      "operating_income": 9936000,
      "net_income": 9598000,
      "opex": 118115000,
      "cogs": 121957000,
      "rd": 43173000,
      "sga": null,
      "fcf": 3494000,
      "ocf": 8112000,
      "capex": -4618000,
      "gross_margin": 0.5121876099964802,
      "op_margin": 0.039742728232696554,
      "fcf_margin": 0.013975552782310966,
      "incr_op_margin_yoy": 0.001275745465723947,
      "rev_growth_yoy": 0.3517745528472868,
      "rev_growth_yoy_accel": -0.034147598394926315,
      "op_leverage_ratio": 0.4008161151310976,
      "fcf_margin_change": 0.008666824464049023
    },
    {
      "date": "2023-07-01T00:00:00",
      "quarter_label": "2023-07 (Q3)",
      "revenue": 261016000,
      "gross_profit": 136470000,
      "operating_income": 11811000,
      "net_income": 9373000,
      "opex": 124659000,
      "cogs": 124546000,
      "rd": 45341000,
      "sga": null,
      "fcf": 11975000,
      "ocf": 17464000,
      "capex": -5489000,
      "gross_margin": 0.5228415116314709,
      "op_margin": 0.04525009961075183,
      "fcf_margin": 0.04587841358384161,
      "incr_op_margin_yoy": 0.035778478651609186,
      "rev_growth_yoy": 0.29188980509003076,
      "rev_growth_yoy_accel": -0.05988474775725605,
      "op_leverage_ratio": 0.7947239086882227,
      "fcf_margin_change": 0.03190286080153064
    },
    {
      "date": "2023-09-30T00:00:00",
      "quarter_label": "2023-09 (Q3)",
      "revenue": 263835000,
      "gross_profit": 140549000,
      "operating_income": 15929000,
      "net_income": 16953000,
      "opex": 124620000,
      "cogs": 123286000,
      "rd": 46963000,
      "sga": null,
      "fcf": 11975000,
      "ocf": 15751000,
      "capex": -3776000,
      "gross_margin": 0.5327155229594254,
      "op_margin": 0.06037485549680672,
      "fcf_margin": 0.045388216119923434,
      "incr_op_margin_yoy": -0.14821279226209955,
      "rev_growth_yoy": 0.11636497499301836,
      "rev_growth_yoy_accel": -0.17552483009701242,
      "op_leverage_ratio": Infinity,
      "fcf_margin_change": -0.0004901974639181725
    },
    {
      "date": "2023-12-31T00:00:00",
      "quarter_label": "2023-12 (Q4)",
      "revenue": 264734000,
      "gross_profit": 113246000,
      "operating_income": -12091000,
      "net_income": -6599000,
      "opex": 125337000,
      "cogs": 151488000,
      "rd": 42295000,
      "sga": null,
      "fcf": 10952000,
      "ocf": 14924000,
      "capex": -3972000,
      "gross_margin": 0.4277727832465796,
      "op_margin": -0.04567225970219163,
      "fcf_margin": 0.04136982782717747,
      "incr_op_margin_yoy": -1.2427462804606793,
      "rev_growth_yoy": 0.08274336102215515,
      "rev_growth_yoy_accel": -0.033621613970863204,
      "fcf_margin_change": -0.004018388292745964
    },
    {
      "date": "2024-03-30T00:00:00",
      "quarter_label": "2024-03 (Q1)",
      "revenue": 226310000,
      "gross_profit": 122577000,
      "operating_income": -2032000,
      "net_income": 103000,
      "opex": 124609000,
      "cogs": 103733000,
      "rd": 44422000,
      "sga": null,
      "fcf": 10982000,
      "ocf": 14691000,
      "capex": -3709000,
      "gross_margin": 0.5416331580575316,
      "op_margin": -0.008978834342273872,
      "fcf_margin": 0.048526357651009676,
      "incr_op_margin_yoy": 0.5050215208034433,
      "rev_growth_yoy": -0.0947889667530639,
      "rev_growth_yoy_accel": -0.17753232777521905,
      "fcf_margin_change": 0.007156529823832206
    },
    {
      "date": "2024-06-29T00:00:00",
      "quarter_label": "2024-06 (Q2)",
      "revenue": 198139000,
      "gross_profit": 107603000,
      "operating_income": -11356000,
      "net_income": -7958000,
      "opex": 118959000,
      "cogs": 90536000,
      "rd": 44123000,
      "sga": null,
      "fcf": 16395000,
      "ocf": 22347000,
      "capex": -5952000,
      "gross_margin": 0.5430682500668722,
      "op_margin": -0.05731330025890915,
      "fcf_margin": 0.0827449416823543,
      "incr_op_margin_yoy": 0.36844951254035657,
      "rev_growth_yoy": -0.24089327857296106,
      "rev_growth_yoy_accel": -0.14610431181989714,
      "fcf_margin_change": 0.034218584031344625
    },
    {
      "date": "2024-09-28T00:00:00",
      "quarter_label": "2024-09 (Q3)",
      "revenue": 200945000,
      "gross_profit": 110047000,
      "operating_income": -10896000,
      "net_income": -3968000,
      "opex": 120943000,
      "cogs": 90898000,
      "rd": 45467000,
      "sga": null,
      "fcf": 12755000,
      "ocf": 15999000,
      "capex": -3244000,
      "gross_margin": 0.5476473661947299,
      "op_margin": -0.05422379258005922,
      "fcf_margin": 0.06347508024583841,
      "incr_op_margin_yoy": 0.4265384003816187,
      "rev_growth_yoy": -0.23836867739306764,
      "rev_growth_yoy_accel": 0.002524601179893421,
      "op_leverage_ratio": 0.8491283418418059,
      "fcf_margin_change": -0.019269861436515892
    },
    {
      "date": "2024-12-31T00:00:00",
      "quarter_label": "2024-12 (Q4)",
      "revenue": 206124000,
      "gross_profit": 113367000,
      "operating_income": -18750000,
      "net_income": -17924000,
      "opex": 132117000,
      "cogs": 92757000,
      "rd": 45858000,
      "sga": null,
      "fcf": 10214000,
      "ocf": 15363000,
      "capex": -5149000,
      "gross_margin": 0.5499941782616289,
      "op_margin": -0.09096466204808756,
      "fcf_margin": 0.04955269643515554,
      "incr_op_margin_yoy": 0.11361542398908037,
      "rev_growth_yoy": -0.22139203880121178,
      "rev_growth_yoy_accel": 0.016976638591855858,
      "op_leverage_ratio": 0.27895925642515057,
      "fcf_margin_change": -0.013922383810682872
    },
    {
      "date": "2025-03-29T00:00:00",
      "quarter_label": "2025-03 (Q1)",
      "revenue": 220242000,
      "gross_profit": 122708000,
      "operating_income": -6081000,
      "net_income": -4787000,
      "opex": 128789000,
      "cogs": 97534000,
      "rd": 43980000,
      "sga": null,
      "fcf": 12902000,
      "ocf": 17212000,
      "capex": -4310000,
      "gross_margin": 0.5571507705160686,
      "op_margin": -0.027610537499659464,
      "fcf_margin": 0.058581015428483214,
      "incr_op_margin_yoy": 0.6672709294660514,
      "rev_growth_yoy": -0.026812778931554062,
      "rev_growth_yoy_accel": 0.1945792598696577,
      "op_leverage_ratio": Infinity,
      "fcf_margin_change": 0.009028318993327678
    },
    {
      "date": "2025-06-28T00:00:00",
      "quarter_label": "2025-06 (Q2)",
      "revenue": 241882000,
      "gross_profit": 136295000,
      "operating_income": 391000,
      "net_income": -199000,
      "opex": 135904000,
      "cogs": 105587000,
      "rd": 45787000,
      "sga": null,
      "fcf": 35646000,
      "ocf": 39381000,
      "capex": -3735000,
      "gross_margin": 0.5634772327002423,
      "op_margin": 0.0016164906855408835,
      "fcf_margin": 0.14736937845726428,
      "incr_op_margin_yoy": 0.2685458244747731,
      "rev_growth_yoy": 0.2207692579451799,
      "rev_growth_yoy_accel": 0.24758203687673397,
      "op_leverage_ratio": 1.778529122341582,
      "fcf_margin_change": 0.08878836302878107
    },
    {
      "date": "2025-09-27T00:00:00",
      "quarter_label": "2025-09 (Q3)",
      "revenue": 265437000,
      "gross_profit": 152010000,
      "operating_income": 17405000,
      "net_income": 15658000,
      "opex": 134605000,
      "cogs": 113427000,
      "rd": 47055000,
      "sga": null,
      "fcf": 26689000,
      "ocf": 32314000,
      "capex": -5625000,
      "gross_margin": 0.5726782626385922,
      "op_margin": 0.06557111480313596,
      "fcf_margin": 0.1005473991945358,
      "incr_op_margin_yoy": 0.43882962227873223,
      "rev_growth_yoy": 0.3209435417651596,
      "rev_growth_yoy_accel": 0.1001742838199797,
      "op_leverage_ratio": Infinity,
      "fcf_margin_change": -0.04682197926272848
    }
  ],
  "signals": [
    {
      "quarter": "2025-09 (Q3)",
      "signal": "YoY REVENUE GROWTH ACCELERATION",
      "detail": "YoY growth: +32.1% vs prior quarter YoY: +22.1% (accel: +10.0%)",
      "severity": "MEDIUM"
    },
    {
      "quarter": "2025-09 (Q3)",
      "signal": "OP MARGIN TURNED POSITIVE (YoY)",
      "detail": "Op margin: -5.4% (year-ago) -> +6.6%",
      "severity": "HIGH"
    },
    {
      "quarter": "2025-06 (Q2)",
      "signal": "FCF MARGIN EXPANSION",
      "detail": "FCF margin: +5.9% -> +14.7% (+8.9%)",
      "severity": "MEDIUM"
    },
    {
      "quarter": "2025-06 (Q2)",
      "signal": "OPERATING LEVERAGE",
      "detail": "Rev growth +9.8% vs OpEx growth +5.5% (leverage: 1.8x)",
      "severity": "MEDIUM"
    },
    {
      "quarter": "2025-06 (Q2)",
      "signal": "YoY REVENUE GROWTH ACCELERATION",
      "detail": "YoY growth: +22.1% vs prior quarter YoY: -2.7% (accel: +24.8%)",
      "severity": "HIGH"
    },
    {
      "quarter": "2025-06 (Q2)",
      "signal": "OP MARGIN TURNED POSITIVE (YoY)",
      "detail": "Op margin: -5.7% (year-ago) -> +0.2%",
      "severity": "HIGH"
    },
    {
      "quarter": "2025-06 (Q2)",
      "signal": "OP MARGIN TURNED POSITIVE (QoQ)",
      "detail": "Op margin: -2.8% -> +0.2%",
      "severity": "HIGH"
    },
    {
      "quarter": "2025-03 (Q1)",
      "signal": "YoY REVENUE GROWTH ACCELERATION",
      "detail": "YoY growth: -2.7% vs prior quarter YoY: -22.1% (accel: +19.5%)",
      "severity": "HIGH"
    },
    {
      "quarter": "2024-06 (Q2)",
      "signal": "YoY REVENUE GROWTH DECELERATION",
      "detail": "YoY growth: -24.1% vs prior quarter YoY: -9.5% (decel: -14.6%)",
      "severity": "WARNING"
    },
    {
      "quarter": "2024-03 (Q1)",
      "signal": "GROSS MARGIN INFLECTION",
      "detail": "GM: +53.3% -> +42.8% -> +54.2% (reversal +11.4%)",
      "severity": "HIGH"
    },
    {
      "quarter": "2024-03 (Q1)",
      "signal": "YoY REVENUE GROWTH DECELERATION",
      "detail": "YoY growth: -9.5% vs prior quarter YoY: +8.3% (decel: -17.8%)",
      "severity": "WARNING"
    },
    {
      "quarter": "2023-09 (Q3)",
      "signal": "YoY REVENUE GROWTH DECELERATION",
      "detail": "YoY growth: +11.6% vs prior quarter YoY: +29.2% (decel: -17.6%)",
      "severity": "WARNING"
    },
    {
      "quarter": "2023-07 (Q3)",
      "signal": "YoY REVENUE GROWTH DECELERATION",
      "detail": "YoY growth: +29.2% vs prior quarter YoY: +35.2% (decel: -6.0%)",
      "severity": "WARNING"
    },
    {
      "quarter": "2022-10 (Q4)",
      "signal": "OPERATING LEVERAGE",
      "detail": "Rev growth +17.0% vs OpEx growth +8.9% (leverage: 1.9x)",
      "severity": "MEDIUM"
    },
    {
      "quarter": "2022-10 (Q4)",
      "signal": "YoY REVENUE GROWTH ACCELERATION",
      "detail": "YoY growth: +37.2% vs prior quarter YoY: +19.8% (accel: +17.4%)",
      "severity": "HIGH"
    },
    {
      "quarter": "2022-07 (Q3)",
      "signal": "YoY REVENUE GROWTH ACCELERATION",
      "detail": "YoY growth: +19.8% vs prior quarter YoY: +14.1% (accel: +5.7%)",
      "severity": "MEDIUM"
    },
    {
      "quarter": "2022-04 (Q2)",
      "signal": "YoY REVENUE GROWTH ACCELERATION",
      "detail": "YoY growth: +14.1% vs prior quarter YoY: +3.8% (accel: +10.4%)",
      "severity": "MEDIUM"
    },
    {
      "quarter": "2021-07 (Q3)",
      "signal": "FCF MARGIN EXPANSION",
      "detail": "FCF margin: +4.7% -> +12.9% (+8.2%)",
      "severity": "MEDIUM"
    }
  ],
  "data_quality": {
    "n_quarters": 20,
    "coverage": {
      "revenue": [
        20,
        20
      ],
      "gross_profit": [
        20,
        20
      ],
      "op_income": [
        20,
        20
      ],
      "fcf": [
        20,
        20
      ]
    },
    "gaps": [],
    "warnings": []
  },
  "market_cap": null,
  "source": "SEC EDGAR",
  "last_updated": "2026-02-02T21:15:37.719678"
}