{
  "ticker": "CAPL",
  "name": "CrossAmerica Partners LP",
  "quarters": [
    {
      "date": "2020-12-31T00:00:00",
      "quarter_label": "2020-12 (Q4)",
      "revenue": 551204000,
      "gross_profit": 56478000,
      "operating_income": 8139000,
      "net_income": 8960000,
      "opex": 50026000,
      "cogs": 494726000,
      "rd": null,
      "sga": 5551000,
      "fcf": 5363000,
      "ocf": 17981000,
      "capex": -12618000,
      "gross_margin": 0.10246297196682172,
      "op_margin": 0.014765858012641417,
      "fcf_margin": 0.009729610089912265
    },
    {
      "date": "2021-03-31T00:00:00",
      "quarter_label": "2021-03 (Q1)",
      "revenue": 657284000,
      "gross_profit": 54868000,
      "operating_income": -864000,
      "net_income": null,
      "opex": 55084000,
      "cogs": 602416000,
      "rd": null,
      "sga": 7650000,
      "fcf": 7047000,
      "ocf": 17668000,
      "capex": -10621000,
      "gross_margin": 0.08347685323239269,
      "op_margin": -0.001314500276897049,
      "fcf_margin": 0.010721392883441556,
      "op_leverage_ratio": 1.9034352346231942,
      "fcf_margin_change": 0.000991782793529291
    },
    {
      "date": "2021-06-30T00:00:00",
      "quarter_label": "2021-06 (Q2)",
      "revenue": 859334000,
      "gross_profit": 65094000,
      "operating_income": 8162000,
      "net_income": null,
      "opex": 57529000,
      "cogs": 794240000,
      "rd": null,
      "sga": 6876000,
      "fcf": 12056000,
      "ocf": 23346000,
      "capex": -11290000,
      "gross_margin": 0.07574935938761879,
      "op_margin": 0.009498053143480881,
      "fcf_margin": 0.014029469333227825,
      "op_leverage_ratio": 6.925520200753254,
      "fcf_margin_change": 0.003308076449786269
    },
    {
      "date": "2021-09-30T00:00:00",
      "quarter_label": "2021-09 (Q3)",
      "revenue": 985122000,
      "gross_profit": 75731000,
      "operating_income": 12588000,
      "net_income": null,
      "opex": 63569000,
      "cogs": 909391000,
      "rd": null,
      "sga": 9903000,
      "fcf": 24794000,
      "ocf": 35253000,
      "capex": -10459000,
      "gross_margin": 0.07687474241769039,
      "op_margin": 0.012778112761668098,
      "fcf_margin": 0.025168456292723136,
      "op_leverage_ratio": 1.3942064998526424,
      "fcf_margin_change": 0.011138986959495311
    },
    {
      "date": "2021-12-31T00:00:00",
      "quarter_label": "2021-12 (Q4)",
      "revenue": 1077519000,
      "gross_profit": 81260000,
      "operating_income": 16243000,
      "net_income": null,
      "opex": 66679000,
      "cogs": 996259000,
      "rd": null,
      "sga": 6501000,
      "fcf": 9712000,
      "ocf": 19201000,
      "capex": -9489000,
      "gross_margin": 0.07541398341931789,
      "op_margin": 0.015074444162933553,
      "fcf_margin": 0.009013298141378481,
      "incr_op_margin_yoy": 0.015397623096434644,
      "rev_growth_yoy": 0.9548461186783841,
      "op_leverage_ratio": 1.9171356499883074,
      "fcf_margin_change": -0.016155158151344655
    },
    {
      "date": "2022-03-31T00:00:00",
      "quarter_label": "2022-03 (Q1)",
      "revenue": 1093211000,
      "gross_profit": 78830000,
      "operating_income": 9719000,
      "net_income": null,
      "opex": 68867000,
      "cogs": 1014381000,
      "rd": null,
      "sga": 6483000,
      "fcf": 19454000,
      "ocf": 28388000,
      "capex": -8934000,
      "gross_margin": 0.07210867801366799,
      "op_margin": 0.0088903240088144,
      "fcf_margin": 0.0177952838015717,
      "incr_op_margin_yoy": 0.024277000506965615,
      "rev_growth_yoy": 0.6632247247765045,
      "rev_growth_yoy_accel": -0.2916213939018796,
      "op_leverage_ratio": 0.4438079963750704,
      "fcf_margin_change": 0.008781985660193219
    },
    {
      "date": "2022-06-30T00:00:00",
      "quarter_label": "2022-06 (Q2)",
      "revenue": 1475033000,
      "gross_profit": 88945000,
      "operating_income": 21072000,
      "net_income": null,
      "opex": 67815000,
      "cogs": 1386088000,
      "rd": null,
      "sga": 5680000,
      "fcf": 18802000,
      "ocf": 26271000,
      "capex": -7469000,
      "gross_margin": 0.060300345822771426,
      "op_margin": 0.014285782080807684,
      "fcf_margin": 0.012746833460675117,
      "incr_op_margin_yoy": 0.02096803795361045,
      "rev_growth_yoy": 0.7164839282514133,
      "rev_growth_yoy_accel": 0.053259203474908756,
      "op_leverage_ratio": Infinity,
      "fcf_margin_change": -0.005048450340896583
    },
    {
      "date": "2022-09-30T00:00:00",
      "quarter_label": "2022-09 (Q3)",
      "revenue": 1274407000,
      "gross_profit": 114730000,
      "operating_income": 39639000,
      "net_income": null,
      "opex": 74773000,
      "cogs": 1159677000,
      "rd": null,
      "sga": 6599000,
      "fcf": 61420000,
      "ocf": 71801000,
      "capex": -10381000,
      "gross_margin": 0.09002618472748501,
      "op_margin": 0.031103878117430303,
      "fcf_margin": 0.04819496440305177,
      "incr_op_margin_yoy": 0.09350986051817411,
      "rev_growth_yoy": 0.29365398397355863,
      "rev_growth_yoy_accel": -0.42282994427785464,
      "fcf_margin_change": 0.03544813094237666
    },
    {
      "date": "2022-12-31T00:00:00",
      "quarter_label": "2022-12 (Q4)",
      "revenue": 1124773000,
      "gross_profit": 93266000,
      "operating_income": 25576000,
      "net_income": null,
      "opex": 69453000,
      "cogs": 1031507000,
      "rd": null,
      "sga": 6813000,
      "fcf": 31290000,
      "ocf": 34857000,
      "capex": -3567000,
      "gross_margin": 0.08291984249266296,
      "op_margin": 0.022738810408855833,
      "fcf_margin": 0.027818946578554073,
      "incr_op_margin_yoy": 0.1975070893469336,
      "rev_growth_yoy": 0.04385444711415762,
      "rev_growth_yoy_accel": -0.249799536859401,
      "fcf_margin_change": -0.0203760178244977
    },
    {
      "date": "2023-03-31T00:00:00",
      "quarter_label": "2023-03 (Q1)",
      "revenue": 1016159000,
      "gross_profit": 82059000,
      "operating_income": 9110000,
      "net_income": null,
      "opex": 71182000,
      "cogs": 934100000,
      "rd": null,
      "sga": 5739000,
      "fcf": 5537000,
      "ocf": 11538000,
      "capex": -6001000,
      "gross_margin": 0.08075409458559143,
      "op_margin": 0.008965132425142129,
      "fcf_margin": 0.005448950410319645,
      "incr_op_margin_yoy": 0.007903753309453357,
      "rev_growth_yoy": -0.07048227652301339,
      "rev_growth_yoy_accel": -0.11433672363717101,
      "fcf_margin_change": -0.02236999616823443
    },
    {
      "date": "2023-06-30T00:00:00",
      "quarter_label": "2023-06 (Q2)",
      "revenue": 1145396000,
      "gross_profit": 97724000,
      "operating_income": 27853000,
      "net_income": null,
      "opex": 76571000,
      "cogs": 1047672000,
      "rd": null,
      "sga": 7475000,
      "fcf": 30398000,
      "ocf": 35725000,
      "capex": -5327000,
      "gross_margin": 0.08531896392164806,
      "op_margin": 0.024317353998093236,
      "fcf_margin": 0.02653929296068783,
      "incr_op_margin_yoy": -0.020571113072865,
      "rev_growth_yoy": -0.22347771202406996,
      "rev_growth_yoy_accel": -0.15299543550105657,
      "op_leverage_ratio": 1.6799145929921917,
      "fcf_margin_change": 0.021090342550368187
    },
    {
      "date": "2023-09-30T00:00:00",
      "quarter_label": "2023-09 (Q3)",
      "revenue": 1210023000,
      "gross_profit": 100440000,
      "operating_income": 24145000,
      "net_income": null,
      "opex": 76582000,
      "cogs": 1109583000,
      "rd": null,
      "sga": 6877000,
      "fcf": 21374000,
      "ocf": 31726000,
      "capex": -10352000,
      "gross_margin": 0.0830066866497579,
      "op_margin": 0.019954166160477942,
      "fcf_margin": 0.01766412704551897,
      "incr_op_margin_yoy": 0.2406498508946322,
      "rev_growth_yoy": -0.05052075200465785,
      "rev_growth_yoy_accel": 0.1729569600194121,
      "op_leverage_ratio": Infinity,
      "fcf_margin_change": -0.008875165915168862
    },
    {
      "date": "2023-12-31T00:00:00",
      "quarter_label": "2023-12 (Q4)",
      "revenue": 1014685000,
      "gross_profit": 102045000,
      "operating_income": 26962000,
      "net_income": null,
      "opex": 74600000,
      "cogs": 912640000,
      "rd": null,
      "sga": 6940000,
      "fcf": 25146000,
      "ocf": 38094000,
      "capex": -12948000,
      "gross_margin": 0.1005681566200348,
      "op_margin": 0.02657179321661402,
      "fcf_margin": 0.02478207522531623,
      "incr_op_margin_yoy": -0.012589928057553957,
      "rev_growth_yoy": -0.09787574915116205,
      "rev_growth_yoy_accel": -0.0473549971465042,
      "fcf_margin_change": 0.007117948179797263
    },
    {
      "date": "2024-03-31T00:00:00",
      "quarter_label": "2024-03 (Q1)",
      "revenue": 941548000,
      "gross_profit": 81348000,
      "operating_income": -13045000,
      "net_income": null,
      "opex": 77587000,
      "cogs": 860200000,
      "rd": null,
      "sga": 6838000,
      "fcf": -289000,
      "ocf": 5816000,
      "capex": -6105000,
      "gross_margin": 0.08639814433252474,
      "op_margin": -0.013854843300607085,
      "fcf_margin": -0.00030694133490804506,
      "incr_op_margin_yoy": 0.29694012947152565,
      "rev_growth_yoy": -0.07342453297171013,
      "rev_growth_yoy_accel": 0.024451216179451923,
      "fcf_margin_change": -0.025089016560224275
    },
    {
      "date": "2024-06-30T00:00:00",
      "quarter_label": "2024-06 (Q2)",
      "revenue": 1133355000,
      "gross_profit": 104762000,
      "operating_income": 28177000,
      "net_income": null,
      "opex": 82163000,
      "cogs": 1028593000,
      "rd": null,
      "sga": 7892000,
      "fcf": 23601000,
      "ocf": 28907000,
      "capex": -5306000,
      "gross_margin": 0.09243529167824732,
      "op_margin": 0.02486158352855019,
      "fcf_margin": 0.02082401365856241,
      "incr_op_margin_yoy": -0.026908064114276223,
      "rev_growth_yoy": -0.01051252143363518,
      "rev_growth_yoy_accel": 0.06291201153807495,
      "op_leverage_ratio": 3.4540206634140307,
      "fcf_margin_change": 0.021130954993470452
    },
    {
      "date": "2024-09-30T00:00:00",
      "quarter_label": "2024-09 (Q3)",
      "revenue": 1079163000,
      "gross_profit": 111226000,
      "operating_income": 27096000,
      "net_income": null,
      "opex": 88812000,
      "cogs": 967937000,
      "rd": null,
      "sga": 7310000,
      "fcf": 34229000,
      "ocf": 41949000,
      "capex": -7720000,
      "gross_margin": 0.1030669138953059,
      "op_margin": 0.02510834785847921,
      "fcf_margin": 0.03171810004605421,
      "incr_op_margin_yoy": -0.022550817667736513,
      "rev_growth_yoy": -0.10814670464941575,
      "rev_growth_yoy_accel": -0.09763418321578057,
      "fcf_margin_change": 0.0108940863874918
    },
    {
      "date": "2024-12-31T00:00:00",
      "quarter_label": "2024-12 (Q4)",
      "revenue": 944222000,
      "gross_profit": 100983000,
      "operating_income": 28332000,
      "net_income": null,
      "opex": 84163000,
      "cogs": 843239000,
      "rd": null,
      "sga": 6716000,
      "fcf": 3923000,
      "ocf": 11110000,
      "capex": -7187000,
      "gross_margin": 0.10694836595631112,
      "op_margin": 0.030005655449671792,
      "fcf_margin": 0.004154743270120798,
      "incr_op_margin_yoy": -0.019442828150944468,
      "rev_growth_yoy": -0.06944322622291647,
      "rev_growth_yoy_accel": 0.03870347842649928,
      "fcf_margin_change": -0.027563356775933412
    },
    {
      "date": "2025-03-31T00:00:00",
      "quarter_label": "2025-03 (Q1)",
      "revenue": 862475000,
      "gross_profit": 89814000,
      "operating_income": 2001000,
      "net_income": null,
      "opex": 92850000,
      "cogs": 772661000,
      "rd": null,
      "sga": 7672000,
      "fcf": 4933000,
      "ocf": 15047000,
      "capex": -10114000,
      "gross_margin": 0.1041351923244152,
      "op_margin": 0.0023200672483260384,
      "fcf_margin": 0.005719586074958694,
      "incr_op_margin_yoy": -0.19027986797010357,
      "rev_growth_yoy": -0.08398191064077455,
      "rev_growth_yoy_accel": -0.014538684417858078,
      "fcf_margin_change": 0.0015648428048378963
    },
    {
      "date": "2025-06-30T00:00:00",
      "quarter_label": "2025-06 (Q2)",
      "revenue": 961925000,
      "gross_profit": 100992000,
      "operating_income": 41497000,
      "net_income": null,
      "opex": 87860000,
      "cogs": 860933000,
      "rd": null,
      "sga": 6577000,
      "fcf": 10806000,
      "ocf": 22650000,
      "capex": -11844000,
      "gross_margin": 0.10498947423135899,
      "op_margin": 0.04313953790576188,
      "fcf_margin": 0.01123372404293474,
      "incr_op_margin_yoy": -0.0776993525053958,
      "rev_growth_yoy": -0.15125887299213397,
      "rev_growth_yoy_accel": -0.06727696235135942,
      "op_leverage_ratio": Infinity,
      "fcf_margin_change": 0.005514137967976045
    },
    {
      "date": "2025-09-30T00:00:00",
      "quarter_label": "2025-09 (Q3)",
      "revenue": 971847000,
      "gross_profit": 104770000,
      "operating_income": 28087000,
      "net_income": null,
      "opex": 84070000,
      "cogs": 867077000,
      "rd": null,
      "sga": 6496000,
      "fcf": 17669000,
      "ocf": 24368000,
      "capex": -6699000,
      "gross_margin": 0.10780503515471057,
      "op_margin": 0.02890063970974855,
      "fcf_margin": 0.01818084533882391,
      "incr_op_margin_yoy": -0.00923441052592344,
      "rev_growth_yoy": -0.099443735561727,
      "rev_growth_yoy_accel": 0.05181513743040697,
      "op_leverage_ratio": Infinity,
      "fcf_margin_change": 0.006947121295889171
    }
  ],
  "signals": [
    {
      "quarter": "2025-09 (Q3)",
      "signal": "YoY REVENUE GROWTH ACCELERATION",
      "detail": "YoY growth: -9.9% vs prior quarter YoY: -15.1% (accel: +5.2%)",
      "severity": "MEDIUM"
    },
    {
      "quarter": "2025-06 (Q2)",
      "signal": "YoY REVENUE GROWTH DECELERATION",
      "detail": "YoY growth: -15.1% vs prior quarter YoY: -8.4% (decel: -6.7%)",
      "severity": "WARNING"
    },
    {
      "quarter": "2025-03 (Q1)",
      "signal": "OP MARGIN TURNED POSITIVE (YoY)",
      "detail": "Op margin: -1.4% (year-ago) -> +0.2%",
      "severity": "HIGH"
    },
    {
      "quarter": "2024-09 (Q3)",
      "signal": "YoY REVENUE GROWTH DECELERATION",
      "detail": "YoY growth: -10.8% vs prior quarter YoY: -1.1% (decel: -9.8%)",
      "severity": "WARNING"
    },
    {
      "quarter": "2024-06 (Q2)",
      "signal": "FCF TURNED POSITIVE",
      "detail": "FCF margin: -0.0% -> +2.1%",
      "severity": "HIGH"
    },
    {
      "quarter": "2024-06 (Q2)",
      "signal": "OPERATING LEVERAGE",
      "detail": "Rev growth +20.4% vs OpEx growth +5.9% (leverage: 3.5x)",
      "severity": "MEDIUM"
    },
    {
      "quarter": "2024-06 (Q2)",
      "signal": "YoY REVENUE GROWTH ACCELERATION",
      "detail": "YoY growth: -1.1% vs prior quarter YoY: -7.3% (accel: +6.3%)",
      "severity": "MEDIUM"
    },
    {
      "quarter": "2024-06 (Q2)",
      "signal": "OP MARGIN TURNED POSITIVE (QoQ)",
      "detail": "Op margin: -1.4% -> +2.5%",
      "severity": "HIGH"
    },
    {
      "quarter": "2023-09 (Q3)",
      "signal": "OPERATING LEVERAGE",
      "detail": "Rev growth +5.6% vs OpEx growth +0.0% (leverage: 392.8x)",
      "severity": "MEDIUM"
    },
    {
      "quarter": "2023-09 (Q3)",
      "signal": "YoY REVENUE GROWTH ACCELERATION",
      "detail": "YoY growth: -5.1% vs prior quarter YoY: -22.3% (accel: +17.3%)",
      "severity": "HIGH"
    },
    {
      "quarter": "2023-09 (Q3)",
      "signal": "INCREMENTAL MARGIN (YoY)",
      "detail": "YoY Incr OPM: +24.1% vs year-ago OPM: +3.1%",
      "severity": "HIGH"
    },
    {
      "quarter": "2023-06 (Q2)",
      "signal": "OPERATING LEVERAGE",
      "detail": "Rev growth +12.7% vs OpEx growth +7.6% (leverage: 1.7x)",
      "severity": "MEDIUM"
    },
    {
      "quarter": "2023-06 (Q2)",
      "signal": "YoY REVENUE GROWTH DECELERATION",
      "detail": "YoY growth: -22.3% vs prior quarter YoY: -7.0% (decel: -15.3%)",
      "severity": "WARNING"
    },
    {
      "quarter": "2023-03 (Q1)",
      "signal": "YoY REVENUE GROWTH DECELERATION",
      "detail": "YoY growth: -7.0% vs prior quarter YoY: +4.4% (decel: -11.4%)",
      "severity": "WARNING"
    },
    {
      "quarter": "2022-12 (Q4)",
      "signal": "YoY REVENUE GROWTH DECELERATION",
      "detail": "YoY growth: +4.4% vs prior quarter YoY: +29.4% (decel: -25.0%)",
      "severity": "WARNING"
    },
    {
      "quarter": "2022-12 (Q4)",
      "signal": "INCREMENTAL MARGIN (YoY)",
      "detail": "YoY Incr OPM: +19.8% vs year-ago OPM: +1.5%",
      "severity": "MEDIUM"
    },
    {
      "quarter": "2022-09 (Q3)",
      "signal": "GROSS MARGIN INFLECTION",
      "detail": "GM: +7.2% -> +6.0% -> +9.0% (reversal +3.0%)",
      "severity": "MEDIUM"
    },
    {
      "quarter": "2022-09 (Q3)",
      "signal": "YoY REVENUE GROWTH DECELERATION",
      "detail": "YoY growth: +29.4% vs prior quarter YoY: +71.6% (decel: -42.3%)",
      "severity": "WARNING"
    },
    {
      "quarter": "2022-06 (Q2)",
      "signal": "YoY REVENUE GROWTH ACCELERATION",
      "detail": "YoY growth: +71.6% vs prior quarter YoY: +66.3% (accel: +5.3%)",
      "severity": "MEDIUM"
    },
    {
      "quarter": "2022-03 (Q1)",
      "signal": "YoY REVENUE GROWTH DECELERATION",
      "detail": "YoY growth: +66.3% vs prior quarter YoY: +95.5% (decel: -29.2%)",
      "severity": "WARNING"
    },
    {
      "quarter": "2022-03 (Q1)",
      "signal": "OP MARGIN TURNED POSITIVE (YoY)",
      "detail": "Op margin: -0.1% (year-ago) -> +0.9%",
      "severity": "HIGH"
    },
    {
      "quarter": "2021-12 (Q4)",
      "signal": "OPERATING LEVERAGE",
      "detail": "Rev growth +9.4% vs OpEx growth +4.9% (leverage: 1.9x)",
      "severity": "MEDIUM"
    },
    {
      "quarter": "2021-06 (Q2)",
      "signal": "OPERATING LEVERAGE",
      "detail": "Rev growth +30.7% vs OpEx growth +4.4% (leverage: 6.9x)",
      "severity": "MEDIUM"
    },
    {
      "quarter": "2021-06 (Q2)",
      "signal": "OP MARGIN TURNED POSITIVE (QoQ)",
      "detail": "Op margin: -0.1% -> +0.9%",
      "severity": "HIGH"
    },
    {
      "quarter": "2021-03 (Q1)",
      "signal": "OPERATING LEVERAGE",
      "detail": "Rev growth +19.2% vs OpEx growth +10.1% (leverage: 1.9x)",
      "severity": "MEDIUM"
    }
  ],
  "data_quality": {
    "n_quarters": 20,
    "coverage": {
      "revenue": [
        20,
        20
      ],
      "gross_profit": [
        20,
        20
      ],
      "op_income": [
        20,
        20
      ],
      "fcf": [
        20,
        20
      ]
    },
    "gaps": [],
    "warnings": []
  },
  "market_cap": null,
  "source": "SEC EDGAR",
  "last_updated": "2026-02-02T22:06:19.711705"
}