{
  "ticker": "CAPS",
  "name": "CAPSTONE HOLDING CORP.",
  "quarters": [
    {
      "date": "2017-06-30T00:00:00",
      "quarter_label": "2017-06 (Q2)",
      "revenue": 0,
      "gross_profit": null,
      "operating_income": -214000,
      "net_income": -206000,
      "opex": 214000,
      "cogs": null,
      "rd": null,
      "sga": null,
      "fcf": -49000,
      "ocf": -49000,
      "capex": null,
      "gross_margin": null,
      "op_margin": null,
      "fcf_margin": null
    },
    {
      "date": "2017-09-30T00:00:00",
      "quarter_label": "2017-09 (Q3)",
      "revenue": 0,
      "gross_profit": null,
      "operating_income": -545000,
      "net_income": -598000,
      "opex": 545000,
      "cogs": null,
      "rd": null,
      "sga": null,
      "fcf": -872000,
      "ocf": -872000,
      "capex": null,
      "gross_margin": null,
      "op_margin": null,
      "fcf_margin": null
    },
    {
      "date": "2017-12-31T00:00:00",
      "quarter_label": "2017-12 (Q4)",
      "revenue": 0,
      "gross_profit": null,
      "operating_income": 2819000,
      "net_income": -564000,
      "opex": 541000,
      "cogs": null,
      "rd": null,
      "sga": null,
      "fcf": -428000,
      "ocf": -428000,
      "capex": null,
      "gross_margin": null,
      "op_margin": null,
      "fcf_margin": null
    },
    {
      "date": "2018-03-31T00:00:00",
      "quarter_label": "2018-03 (Q1)",
      "revenue": 0,
      "gross_profit": null,
      "operating_income": -530000,
      "net_income": -587000,
      "opex": 530000,
      "cogs": null,
      "rd": null,
      "sga": null,
      "fcf": -470000,
      "ocf": -470000,
      "capex": null,
      "gross_margin": null,
      "op_margin": null,
      "fcf_margin": null
    },
    {
      "date": "2018-06-30T00:00:00",
      "quarter_label": "2018-06 (Q2)",
      "revenue": 2000000,
      "gross_profit": null,
      "operating_income": 1340000,
      "net_income": 1278000,
      "opex": 660000,
      "cogs": null,
      "rd": null,
      "sga": null,
      "fcf": 1486000,
      "ocf": 1486000,
      "capex": null,
      "gross_margin": null,
      "op_margin": 0.67,
      "fcf_margin": 0.743,
      "incr_op_margin_yoy": 0.777
    },
    {
      "date": "2018-09-30T00:00:00",
      "quarter_label": "2018-09 (Q3)",
      "revenue": 0,
      "gross_profit": null,
      "operating_income": -633000,
      "net_income": -693000,
      "opex": 633000,
      "cogs": null,
      "rd": null,
      "sga": null,
      "fcf": -475000,
      "ocf": -475000,
      "capex": null,
      "gross_margin": null,
      "op_margin": null,
      "fcf_margin": null
    },
    {
      "date": "2018-12-31T00:00:00",
      "quarter_label": "2018-12 (Q4)",
      "revenue": -4000000,
      "gross_profit": null,
      "operating_income": 4000,
      "net_income": 382000,
      "opex": 358000,
      "cogs": null,
      "rd": null,
      "sga": null,
      "fcf": -475000,
      "ocf": -475000,
      "capex": null,
      "gross_margin": null,
      "op_margin": -0.001,
      "fcf_margin": 0.11875,
      "incr_op_margin_yoy": 0.70375
    },
    {
      "date": "2019-03-31T00:00:00",
      "quarter_label": "2019-03 (Q1)",
      "revenue": 0,
      "gross_profit": null,
      "operating_income": -789000,
      "net_income": -855000,
      "opex": 789000,
      "cogs": null,
      "rd": 401000,
      "sga": null,
      "fcf": -299000,
      "ocf": -299000,
      "capex": null,
      "gross_margin": null,
      "op_margin": null,
      "fcf_margin": null
    },
    {
      "date": "2019-06-30T00:00:00",
      "quarter_label": "2019-06 (Q2)",
      "revenue": 0,
      "gross_profit": null,
      "operating_income": -605000,
      "net_income": -668000,
      "opex": 605000,
      "cogs": null,
      "rd": null,
      "sga": null,
      "fcf": -787000,
      "ocf": -787000,
      "capex": null,
      "gross_margin": null,
      "op_margin": null,
      "fcf_margin": null,
      "incr_op_margin_yoy": 0.9725,
      "rev_growth_yoy": -1.0
    },
    {
      "date": "2024-03-31T00:00:00",
      "quarter_label": "2024-03 (Q1)",
      "revenue": 9359000,
      "gross_profit": 1745000,
      "operating_income": -717000,
      "net_income": -1113000,
      "opex": 2462000,
      "cogs": 7614000,
      "rd": null,
      "sga": 2462000,
      "fcf": -1342000,
      "ocf": -1242000,
      "capex": -100000,
      "gross_margin": 0.18645154396837268,
      "op_margin": -0.07661074901164654,
      "fcf_margin": -0.14339138796880008
    },
    {
      "date": "2024-06-30T00:00:00",
      "quarter_label": "2024-06 (Q2)",
      "revenue": 12886000,
      "gross_profit": 2764000,
      "operating_income": 14000,
      "net_income": -381000,
      "opex": 2750000,
      "cogs": 10122000,
      "rd": null,
      "sga": 2750000,
      "fcf": 86000,
      "ocf": 107000,
      "capex": -21000,
      "gross_margin": 0.21449635263076205,
      "op_margin": 0.0010864504112990843,
      "fcf_margin": 0.006673909669408661,
      "op_leverage_ratio": 3.2215996782657217,
      "fcf_margin_change": 0.15006529763820875
    },
    {
      "date": "2024-09-30T00:00:00",
      "quarter_label": "2024-09 (Q3)",
      "revenue": 12318000,
      "gross_profit": 2993000,
      "operating_income": 413000,
      "net_income": 34000,
      "opex": 2580000,
      "cogs": 9325000,
      "rd": null,
      "sga": 2580000,
      "fcf": 2242000,
      "ocf": 2222000,
      "capex": 20000,
      "gross_margin": 0.24297775612924177,
      "op_margin": 0.0335281701574931,
      "fcf_margin": 0.18201006656924826,
      "fcf_margin_change": 0.17533615689983958
    },
    {
      "date": "2024-12-31T00:00:00",
      "quarter_label": "2024-12 (Q4)",
      "revenue": 10313000,
      "gross_profit": 2069000,
      "operating_income": -348000,
      "net_income": -1103000,
      "opex": 2417000,
      "cogs": 8244000,
      "rd": null,
      "sga": 2417000,
      "fcf": 2715000,
      "ocf": 2734000,
      "capex": -19000,
      "gross_margin": 0.20062057597207408,
      "op_margin": -0.033743818481528166,
      "fcf_margin": 0.26325996315330163,
      "fcf_margin_change": 0.08124989658405338
    },
    {
      "date": "2025-03-31T00:00:00",
      "quarter_label": "2025-03 (Q1)",
      "revenue": 7899000,
      "gross_profit": 1325000,
      "operating_income": -1428000,
      "net_income": -1728000,
      "opex": 2753000,
      "cogs": 6574000,
      "rd": null,
      "sga": 2753000,
      "fcf": -2286000,
      "ocf": -2286000,
      "capex": null,
      "gross_margin": 0.16774275224711988,
      "op_margin": -0.1807823775161413,
      "fcf_margin": -0.2894037219901253,
      "incr_op_margin_yoy": 0.48698630136986304,
      "rev_growth_yoy": -0.15599957260391067,
      "fcf_margin_change": -0.552663685143427
    },
    {
      "date": "2025-06-30T00:00:00",
      "quarter_label": "2025-06 (Q2)",
      "revenue": 12852000,
      "gross_profit": 3130000,
      "operating_income": -260000,
      "net_income": -700000,
      "opex": 3390000,
      "cogs": 9722000,
      "rd": null,
      "sga": 3390000,
      "fcf": -1706000,
      "ocf": -1706000,
      "capex": null,
      "gross_margin": 0.24354186118892002,
      "op_margin": -0.020230314347961405,
      "fcf_margin": -0.13274198568316214,
      "rev_growth_yoy": -0.002638522427440633,
      "rev_growth_yoy_accel": 0.15336105017647003,
      "op_leverage_ratio": 2.7099607028531123,
      "fcf_margin_change": 0.15666173630696317
    },
    {
      "date": "2025-09-30T00:00:00",
      "quarter_label": "2025-09 (Q3)",
      "revenue": 13654000,
      "gross_profit": 3254000,
      "operating_income": -768000,
      "net_income": -2014000,
      "opex": 652000,
      "cogs": 10400000,
      "rd": null,
      "sga": 3370000,
      "fcf": 0,
      "ocf": 0,
      "capex": null,
      "gross_margin": 0.23831844148234949,
      "op_margin": -0.056247253552072655,
      "fcf_margin": 0.0,
      "incr_op_margin_yoy": -0.8839820359281437,
      "rev_growth_yoy": 0.10845916544893651,
      "rev_growth_yoy_accel": 0.11109768787637714,
      "op_leverage_ratio": Infinity,
      "fcf_margin_change": 0.13274198568316214
    }
  ],
  "signals": [
    {
      "quarter": "2025-09 (Q3)",
      "signal": "FCF MARGIN EXPANSION",
      "detail": "FCF margin: -13.3% -> +0.0% (+13.3%)",
      "severity": "MEDIUM"
    },
    {
      "quarter": "2025-09 (Q3)",
      "signal": "YoY REVENUE GROWTH ACCELERATION",
      "detail": "YoY growth: +10.8% vs prior quarter YoY: -0.3% (accel: +11.1%)",
      "severity": "MEDIUM"
    },
    {
      "quarter": "2025-06 (Q2)",
      "signal": "FCF MARGIN EXPANSION",
      "detail": "FCF margin: -28.9% -> -13.3% (+15.7%)",
      "severity": "MEDIUM"
    },
    {
      "quarter": "2025-06 (Q2)",
      "signal": "OPERATING LEVERAGE",
      "detail": "Rev growth +62.7% vs OpEx growth +23.1% (leverage: 2.7x)",
      "severity": "MEDIUM"
    },
    {
      "quarter": "2025-06 (Q2)",
      "signal": "GROSS MARGIN INFLECTION",
      "detail": "GM: +20.1% -> +16.8% -> +24.4% (reversal +7.6%)",
      "severity": "HIGH"
    },
    {
      "quarter": "2025-06 (Q2)",
      "signal": "YoY REVENUE GROWTH ACCELERATION",
      "detail": "YoY growth: -0.3% vs prior quarter YoY: -15.6% (accel: +15.3%)",
      "severity": "HIGH"
    },
    {
      "quarter": "2024-12 (Q4)",
      "signal": "FCF MARGIN EXPANSION",
      "detail": "FCF margin: +18.2% -> +26.3% (+8.1%)",
      "severity": "MEDIUM"
    },
    {
      "quarter": "2024-09 (Q3)",
      "signal": "FCF MARGIN EXPANSION",
      "detail": "FCF margin: +0.7% -> +18.2% (+17.5%)",
      "severity": "MEDIUM"
    },
    {
      "quarter": "2024-06 (Q2)",
      "signal": "FCF TURNED POSITIVE",
      "detail": "FCF margin: -14.3% -> +0.7%",
      "severity": "HIGH"
    },
    {
      "quarter": "2024-06 (Q2)",
      "signal": "OPERATING LEVERAGE",
      "detail": "Rev growth +37.7% vs OpEx growth +11.7% (leverage: 3.2x)",
      "severity": "MEDIUM"
    },
    {
      "quarter": "2024-06 (Q2)",
      "signal": "OP MARGIN TURNED POSITIVE (QoQ)",
      "detail": "Op margin: -7.7% -> +0.1%",
      "severity": "HIGH"
    }
  ],
  "data_quality": {
    "n_quarters": 16,
    "coverage": {
      "revenue": [
        16,
        16
      ],
      "gross_profit": [
        7,
        16
      ],
      "op_income": [
        16,
        16
      ],
      "fcf": [
        16,
        16
      ]
    },
    "gaps": [
      [
        "2019-06 (Q2)",
        "2024-03 (Q1)",
        1736
      ]
    ],
    "warnings": [
      "gross_profit: 7/16Q",
      "gap: 18Q missing between 2019-06 (Q2) and 2024-03 (Q1)"
    ]
  },
  "market_cap": null,
  "source": "SEC EDGAR",
  "last_updated": "2026-02-03T00:20:11.252295",
  "sector": "Basic Materials",
  "industry": "Building Materials"
}