{
  "ticker": "CARG",
  "name": "CARGURUS, INC.",
  "sector": "Consumer Cyclical",
  "industry": "Auto & Truck Dealerships",
  "quarters": [
    {
      "date": "2021-03-31T00:00:00",
      "quarter_label": "2021-03 (Q1)",
      "revenue": 171368000,
      "gross_profit": 147310000,
      "operating_income": 25791000,
      "net_income": 22361000,
      "opex": 121519000,
      "cogs": 24058000,
      "rd": 25164000,
      "sga": null,
      "fcf": 42635000,
      "ocf": 43862000,
      "capex": -1227000,
      "gross_margin": 0.8596120629289016,
      "op_margin": 0.15050067690584007,
      "fcf_margin": 0.24879207319919705
    },
    {
      "date": "2021-06-30T00:00:00",
      "quarter_label": "2021-06 (Q2)",
      "revenue": 217748000,
      "gross_profit": 167431000,
      "operating_income": 38477000,
      "net_income": 28052000,
      "opex": 128954000,
      "cogs": 50317000,
      "rd": 27630000,
      "sga": null,
      "fcf": 34028000,
      "ocf": 37473000,
      "capex": -3445000,
      "gross_margin": 0.7689209544978599,
      "op_margin": 0.17670426364421257,
      "fcf_margin": 0.15627238826533424,
      "op_leverage_ratio": 4.423481652151929,
      "fcf_margin_change": -0.09251968493386281
    },
    {
      "date": "2021-09-30T00:00:00",
      "quarter_label": "2021-09 (Q3)",
      "revenue": 222915000,
      "gross_profit": 162882000,
      "operating_income": 40076000,
      "net_income": 29199000,
      "opex": 122806000,
      "cogs": 60033000,
      "rd": 26539000,
      "sga": null,
      "fcf": 53465000,
      "ocf": 53728000,
      "capex": -263000,
      "gross_margin": 0.7306910705874436,
      "op_margin": 0.17978153107686787,
      "fcf_margin": 0.23984478388623467,
      "op_leverage_ratio": null,
      "fcf_margin_change": 0.08357239562090044
    },
    {
      "date": "2021-12-31T00:00:00",
      "quarter_label": "2021-12 (Q4)",
      "revenue": 339342000,
      "gross_profit": 179735000,
      "operating_income": 43924000,
      "net_income": 29632000,
      "opex": 135811000,
      "cogs": 159607000,
      "rd": 27090000,
      "sga": null,
      "fcf": -39549000,
      "ocf": -36771000,
      "capex": -2778000,
      "gross_margin": 0.5296573957836047,
      "op_margin": 0.12943873732105074,
      "fcf_margin": -0.11654613929310254,
      "op_leverage_ratio": 4.932006532610366,
      "fcf_margin_change": -0.3563909231793372
    },
    {
      "date": "2022-03-31T00:00:00",
      "quarter_label": "2022-03 (Q1)",
      "revenue": 430608000,
      "gross_profit": 181875000,
      "operating_income": 26659000,
      "net_income": 19910000,
      "opex": 155216000,
      "cogs": 248733000,
      "rd": 30653000,
      "sga": null,
      "fcf": 91830000,
      "ocf": 93060000,
      "capex": -1230000,
      "gross_margin": 0.42236790770259725,
      "op_margin": 0.06191013636532531,
      "fcf_margin": 0.21325660461487014,
      "incr_op_margin_yoy": 0.003348248727048295,
      "rev_growth_yoy": 1.512767844638439,
      "op_leverage_ratio": 1.8823167267839969,
      "fcf_margin_change": 0.3298027439079727
    },
    {
      "date": "2022-06-30T00:00:00",
      "quarter_label": "2022-06 (Q2)",
      "revenue": 511229000,
      "gross_profit": 187851000,
      "operating_income": 23542000,
      "net_income": 19284000,
      "opex": 164309000,
      "cogs": 323378000,
      "rd": 31354000,
      "sga": null,
      "fcf": -6896000,
      "ocf": -5465000,
      "capex": -1431000,
      "gross_margin": 0.367449812119422,
      "op_margin": 0.04604981329306436,
      "fcf_margin": -0.013489062631423491,
      "incr_op_margin_yoy": -0.050889154664186094,
      "rev_growth_yoy": 1.3478011279093263,
      "rev_growth_yoy_accel": -0.16496671672911267,
      "op_leverage_ratio": 3.1959161974026395,
      "fcf_margin_change": -0.22674566724629364
    },
    {
      "date": "2022-09-30T00:00:00",
      "quarter_label": "2022-09 (Q3)",
      "revenue": 426454000,
      "gross_profit": 150785000,
      "operating_income": 28656000,
      "net_income": 20400000,
      "opex": 122129000,
      "cogs": 275669000,
      "rd": 30208000,
      "sga": null,
      "fcf": 71701000,
      "ocf": 73208000,
      "capex": -1507000,
      "gross_margin": 0.35357858057375474,
      "op_margin": 0.06719599300276231,
      "fcf_margin": 0.16813302255342896,
      "incr_op_margin_yoy": -0.056107183389915445,
      "rev_growth_yoy": 0.9130789762914115,
      "rev_growth_yoy_accel": -0.4347221516179147,
      "fcf_margin_change": 0.18162208518485246
    },
    {
      "date": "2022-12-31T00:00:00",
      "quarter_label": "2022-12 (Q4)",
      "revenue": 286744000,
      "gross_profit": 137042000,
      "operating_income": 29621000,
      "net_income": 24793000,
      "opex": 107421000,
      "cogs": 149702000,
      "rd": 31553000,
      "sga": null,
      "fcf": 93547000,
      "ocf": 95303000,
      "capex": -1756000,
      "gross_margin": 0.4779245598861702,
      "op_margin": 0.10330120246631141,
      "fcf_margin": 0.32623873559690875,
      "incr_op_margin_yoy": 0.27193049165367505,
      "rev_growth_yoy": -0.1549999705312045,
      "rev_growth_yoy_accel": -1.0680789468226162,
      "fcf_margin_change": 0.15810571304347978
    },
    {
      "date": "2023-03-31T00:00:00",
      "quarter_label": "2023-03 (Q1)",
      "revenue": 231963000,
      "gross_profit": 154980000,
      "operating_income": 14059000,
      "net_income": 16132000,
      "opex": 140921000,
      "cogs": 76983000,
      "rd": 36607000,
      "sga": null,
      "fcf": 63947000,
      "ocf": 66345000,
      "capex": -2398000,
      "gross_margin": 0.6681237956053336,
      "op_margin": 0.06060880399029155,
      "fcf_margin": 0.2756775865116419,
      "incr_op_margin_yoy": 0.0634297364645473,
      "rev_growth_yoy": -0.46131284137777284,
      "rev_growth_yoy_accel": -0.30631287084656833,
      "fcf_margin_change": -0.05056114908526682
    },
    {
      "date": "2023-06-30T00:00:00",
      "quarter_label": "2023-06 (Q2)",
      "revenue": 239737000,
      "gross_profit": 164141000,
      "operating_income": 17738000,
      "net_income": 16413000,
      "opex": 146403000,
      "cogs": 75596000,
      "rd": 37391000,
      "sga": null,
      "fcf": 27479000,
      "ocf": 29336000,
      "capex": -1857000,
      "gross_margin": 0.6846711187676495,
      "op_margin": 0.07398941339884957,
      "fcf_margin": 0.11462143932726279,
      "incr_op_margin_yoy": 0.021378162155790963,
      "rev_growth_yoy": -0.5310575104307463,
      "rev_growth_yoy_accel": -0.0697446690529735,
      "op_leverage_ratio": 0.8615143277663876,
      "fcf_margin_change": -0.16105614718437913
    },
    {
      "date": "2023-09-30T00:00:00",
      "quarter_label": "2023-09 (Q3)",
      "revenue": 219419000,
      "gross_profit": 164298000,
      "operating_income": 23095000,
      "net_income": 22302000,
      "opex": 141203000,
      "cogs": 55121000,
      "rd": 35434000,
      "sga": null,
      "fcf": 21557000,
      "ocf": 26350000,
      "capex": -4793000,
      "gross_margin": 0.7487865681641062,
      "op_margin": 0.10525524225340559,
      "fcf_margin": 0.09824582192061763,
      "incr_op_margin_yoy": 0.026860192721037505,
      "rev_growth_yoy": -0.4854802628184986,
      "rev_growth_yoy_accel": 0.04557724761224774,
      "fcf_margin_change": -0.016375617406645157
    },
    {
      "date": "2023-12-31T00:00:00",
      "quarter_label": "2023-12 (Q4)",
      "revenue": 223123000,
      "gross_profit": 168035000,
      "operating_income": -22265000,
      "net_income": -17905000,
      "opex": 190300000,
      "cogs": 55088000,
      "rd": 36737000,
      "sga": null,
      "fcf": -13019000,
      "ocf": 2496000,
      "capex": -15515000,
      "gross_margin": 0.75310478973481,
      "op_margin": -0.09978800930428508,
      "fcf_margin": -0.058348982399842236,
      "incr_op_margin_yoy": 0.8155483252385218,
      "rev_growth_yoy": -0.22187386658482827,
      "rev_growth_yoy_accel": 0.2636063962336703,
      "op_leverage_ratio": 0.04854960651716469,
      "fcf_margin_change": -0.15659480432045986
    },
    {
      "date": "2024-03-31T00:00:00",
      "quarter_label": "2024-03 (Q1)",
      "revenue": 215796000,
      "gross_profit": 174961000,
      "operating_income": 26284000,
      "net_income": 21301000,
      "opex": 148677000,
      "cogs": 15829000,
      "rd": 35545000,
      "sga": null,
      "fcf": 23299000,
      "ocf": 51964000,
      "capex": -28665000,
      "gross_margin": 0.8107703571891972,
      "op_margin": 0.12180021872509221,
      "fcf_margin": 0.10796771024486089,
      "incr_op_margin_yoy": -0.756169975876786,
      "rev_growth_yoy": -0.0696964602113268,
      "rev_growth_yoy_accel": 0.15217740637350147,
      "fcf_margin_change": 0.1663166926447031
    },
    {
      "date": "2024-06-30T00:00:00",
      "quarter_label": "2024-06 (Q2)",
      "revenue": 218692000,
      "gross_profit": 182444000,
      "operating_income": -93584000,
      "net_income": -68721000,
      "opex": 276028000,
      "cogs": 15275000,
      "rd": 36580000,
      "sga": null,
      "fcf": 45613000,
      "ocf": 71597000,
      "capex": -25984000,
      "gross_margin": 0.834250909955554,
      "op_margin": -0.42792603295959614,
      "fcf_margin": 0.20857187277083752,
      "incr_op_margin_yoy": 5.289712520788786,
      "rev_growth_yoy": -0.08778369630052933,
      "rev_growth_yoy_accel": -0.018087236089202527,
      "op_leverage_ratio": 0.015667387935642815,
      "fcf_margin_change": 0.10060416252597663
    },
    {
      "date": "2024-09-30T00:00:00",
      "quarter_label": "2024-09 (Q3)",
      "revenue": 231358000,
      "gross_profit": 182551000,
      "operating_income": 27434000,
      "net_income": 22511000,
      "opex": 155117000,
      "cogs": 25086000,
      "rd": 36359000,
      "sga": null,
      "fcf": 45908000,
      "ocf": 56196000,
      "capex": -10288000,
      "gross_margin": 0.7890412261516784,
      "op_margin": 0.11857813431997165,
      "fcf_margin": 0.19842840965084416,
      "incr_op_margin_yoy": 0.36343077309657423,
      "rev_growth_yoy": 0.05441187864314394,
      "rev_growth_yoy_accel": 0.14219557494367327,
      "op_leverage_ratio": null,
      "fcf_margin_change": -0.010143463119993368
    },
    {
      "date": "2024-12-31T00:00:00",
      "quarter_label": "2024-12 (Q4)",
      "revenue": 210244000,
      "gross_profit": 196087000,
      "operating_income": 53278000,
      "net_income": 45881000,
      "opex": 145711000,
      "cogs": 14157000,
      "rd": 35948000,
      "sga": null,
      "fcf": 65501000,
      "ocf": 75737000,
      "capex": -10236000,
      "gross_margin": 0.9326639523601149,
      "op_margin": 0.2534103232434695,
      "fcf_margin": 0.31154753524476325,
      "incr_op_margin_yoy": -5.865595154903331,
      "rev_growth_yoy": -0.0577215257951892,
      "rev_growth_yoy_accel": -0.11213340443833314,
      "fcf_margin_change": 0.1131191255939191
    },
    {
      "date": "2025-03-31T00:00:00",
      "quarter_label": "2025-03 (Q1)",
      "revenue": 225158000,
      "gross_profit": 199707000,
      "operating_income": 45755000,
      "net_income": 39045000,
      "opex": 153952000,
      "cogs": 14343000,
      "rd": 36250000,
      "sga": null,
      "fcf": 65639000,
      "ocf": 67879000,
      "capex": -2240000,
      "gross_margin": 0.8869638209612806,
      "op_margin": 0.20321285497295233,
      "fcf_margin": 0.291524174135496,
      "incr_op_margin_yoy": 2.0797906430249946,
      "rev_growth_yoy": 0.043383565960444126,
      "rev_growth_yoy_accel": 0.10110509175563333,
      "op_leverage_ratio": 1.254246658578157,
      "fcf_margin_change": -0.02002336110926728
    },
    {
      "date": "2025-06-30T00:00:00",
      "quarter_label": "2025-06 (Q2)",
      "revenue": 234033000,
      "gross_profit": 204382000,
      "operating_income": 24844000,
      "net_income": 22343000,
      "opex": 179538000,
      "cogs": 15677000,
      "rd": 34370000,
      "sga": null,
      "fcf": 71536000,
      "ocf": 73119000,
      "capex": -1583000,
      "gross_margin": 0.8733041921438429,
      "op_margin": 0.10615596945729876,
      "fcf_margin": 0.3056662949242201,
      "incr_op_margin_yoy": 7.7197053647089495,
      "rev_growth_yoy": 0.0701488851901304,
      "rev_growth_yoy_accel": 0.02676531922968628,
      "op_leverage_ratio": 0.23717227480444045,
      "fcf_margin_change": 0.014142120788724122
    },
    {
      "date": "2025-09-30T00:00:00",
      "quarter_label": "2025-09 (Q3)",
      "revenue": 238696000,
      "gross_profit": 213532000,
      "operating_income": 54674000,
      "net_income": 44717000,
      "opex": 158858000,
      "cogs": 16946000,
      "rd": 36316000,
      "sga": null,
      "fcf": 69803000,
      "ocf": 71165000,
      "capex": -1362000,
      "gross_margin": 0.8945772028018902,
      "op_margin": 0.22905285383919294,
      "fcf_margin": 0.29243472869256293,
      "incr_op_margin_yoy": 3.712183156173344,
      "rev_growth_yoy": 0.03171707915870642,
      "rev_growth_yoy_accel": -0.03843180603142399,
      "op_leverage_ratio": null,
      "fcf_margin_change": -0.013231566231657166
    },
    {
      "date": "2025-12-31T00:00:00",
      "quarter_label": "2025-12 (Q4)",
      "revenue": 241094000,
      "gross_profit": 222593000,
      "operating_income": 119172000,
      "net_income": 49798000,
      "opex": 104720000,
      "cogs": 18501000,
      "rd": 31347000,
      "sga": null,
      "fcf": 81919000,
      "ocf": 83117000,
      "capex": -1198000,
      "gross_margin": 0.9232622960339121,
      "op_margin": 0.4942968302819647,
      "fcf_margin": 0.33978033464126023,
      "incr_op_margin_yoy": 2.1359481361426256,
      "rev_growth_yoy": 0.14673427065695097,
      "rev_growth_yoy_accel": 0.11501719149824455,
      "op_leverage_ratio": null,
      "fcf_margin_change": 0.0473456059486973
    }
  ],
  "signals": [
    {
      "quarter": "2025-12 (Q4)",
      "signal": "YoY REVENUE GROWTH ACCELERATION",
      "detail": "YoY growth: +14.7% vs prior quarter YoY: +3.2% (accel: +11.5%)",
      "severity": "MEDIUM"
    },
    {
      "quarter": "2025-12 (Q4)",
      "signal": "INCREMENTAL MARGIN (YoY)",
      "detail": "YoY Incr OPM: +213.6% vs year-ago OPM: +25.3%",
      "severity": "HIGH"
    },
    {
      "quarter": "2025-09 (Q3)",
      "signal": "GROSS MARGIN INFLECTION",
      "detail": "GM: +88.7% -> +87.3% -> +89.5% (reversal +2.1%)",
      "severity": "MEDIUM"
    },
    {
      "quarter": "2025-09 (Q3)",
      "signal": "INCREMENTAL MARGIN (YoY)",
      "detail": "YoY Incr OPM: +371.2% vs year-ago OPM: +11.9%",
      "severity": "HIGH"
    },
    {
      "quarter": "2025-06 (Q2)",
      "signal": "OP MARGIN TURNED POSITIVE (YoY)",
      "detail": "Op margin: -42.8% (year-ago) -> +10.6%",
      "severity": "HIGH"
    },
    {
      "quarter": "2025-03 (Q1)",
      "signal": "YoY REVENUE GROWTH ACCELERATION",
      "detail": "YoY growth: +4.3% vs prior quarter YoY: -5.8% (accel: +10.1%)",
      "severity": "MEDIUM"
    },
    {
      "quarter": "2025-03 (Q1)",
      "signal": "INCREMENTAL MARGIN (YoY)",
      "detail": "YoY Incr OPM: +208.0% vs year-ago OPM: +12.2%",
      "severity": "HIGH"
    },
    {
      "quarter": "2024-12 (Q4)",
      "signal": "FCF MARGIN EXPANSION",
      "detail": "FCF margin: +19.8% -> +31.2% (+11.3%)",
      "severity": "MEDIUM"
    },
    {
      "quarter": "2024-12 (Q4)",
      "signal": "GROSS MARGIN INFLECTION",
      "detail": "GM: +83.4% -> +78.9% -> +93.3% (reversal +14.4%)",
      "severity": "HIGH"
    },
    {
      "quarter": "2024-12 (Q4)",
      "signal": "YoY REVENUE GROWTH DECELERATION",
      "detail": "YoY growth: -5.8% vs prior quarter YoY: +5.4% (decel: -11.2%)",
      "severity": "WARNING"
    },
    {
      "quarter": "2024-12 (Q4)",
      "signal": "OP MARGIN TURNED POSITIVE (YoY)",
      "detail": "Op margin: -10.0% (year-ago) -> +25.3%",
      "severity": "HIGH"
    },
    {
      "quarter": "2024-09 (Q3)",
      "signal": "YoY REVENUE GROWTH ACCELERATION",
      "detail": "YoY growth: +5.4% vs prior quarter YoY: -8.8% (accel: +14.2%)",
      "severity": "MEDIUM"
    },
    {
      "quarter": "2024-09 (Q3)",
      "signal": "INCREMENTAL MARGIN (YoY)",
      "detail": "YoY Incr OPM: +36.3% vs year-ago OPM: +10.5%",
      "severity": "HIGH"
    },
    {
      "quarter": "2024-09 (Q3)",
      "signal": "OP MARGIN TURNED POSITIVE (QoQ)",
      "detail": "Op margin: -42.8% -> +11.9%",
      "severity": "HIGH"
    },
    {
      "quarter": "2024-06 (Q2)",
      "signal": "FCF MARGIN EXPANSION",
      "detail": "FCF margin: +10.8% -> +20.9% (+10.1%)",
      "severity": "MEDIUM"
    },
    {
      "quarter": "2024-03 (Q1)",
      "signal": "FCF TURNED POSITIVE",
      "detail": "FCF margin: -5.8% -> +10.8%",
      "severity": "HIGH"
    },
    {
      "quarter": "2024-03 (Q1)",
      "signal": "YoY REVENUE GROWTH ACCELERATION",
      "detail": "YoY growth: -7.0% vs prior quarter YoY: -22.2% (accel: +15.2%)",
      "severity": "HIGH"
    },
    {
      "quarter": "2024-03 (Q1)",
      "signal": "OP MARGIN TURNED POSITIVE (QoQ)",
      "detail": "Op margin: -10.0% -> +12.2%",
      "severity": "HIGH"
    },
    {
      "quarter": "2023-12 (Q4)",
      "signal": "YoY REVENUE GROWTH ACCELERATION",
      "detail": "YoY growth: -22.2% vs prior quarter YoY: -48.5% (accel: +26.4%)",
      "severity": "HIGH"
    },
    {
      "quarter": "2023-06 (Q2)",
      "signal": "YoY REVENUE GROWTH DECELERATION",
      "detail": "YoY growth: -53.1% vs prior quarter YoY: -46.1% (decel: -7.0%)",
      "severity": "WARNING"
    },
    {
      "quarter": "2023-03 (Q1)",
      "signal": "YoY REVENUE GROWTH DECELERATION",
      "detail": "YoY growth: -46.1% vs prior quarter YoY: -15.5% (decel: -30.6%)",
      "severity": "WARNING"
    },
    {
      "quarter": "2022-12 (Q4)",
      "signal": "FCF MARGIN EXPANSION",
      "detail": "FCF margin: +16.8% -> +32.6% (+15.8%)",
      "severity": "MEDIUM"
    },
    {
      "quarter": "2022-12 (Q4)",
      "signal": "GROSS MARGIN INFLECTION",
      "detail": "GM: +36.7% -> +35.4% -> +47.8% (reversal +12.4%)",
      "severity": "HIGH"
    },
    {
      "quarter": "2022-12 (Q4)",
      "signal": "YoY REVENUE GROWTH DECELERATION",
      "detail": "YoY growth: -15.5% vs prior quarter YoY: +91.3% (decel: -106.8%)",
      "severity": "WARNING"
    },
    {
      "quarter": "2022-12 (Q4)",
      "signal": "INCREMENTAL MARGIN (YoY)",
      "detail": "YoY Incr OPM: +27.2% vs year-ago OPM: +12.9%",
      "severity": "MEDIUM"
    },
    {
      "quarter": "2022-09 (Q3)",
      "signal": "FCF TURNED POSITIVE",
      "detail": "FCF margin: -1.3% -> +16.8%",
      "severity": "HIGH"
    },
    {
      "quarter": "2022-09 (Q3)",
      "signal": "YoY REVENUE GROWTH DECELERATION",
      "detail": "YoY growth: +91.3% vs prior quarter YoY: +134.8% (decel: -43.5%)",
      "severity": "WARNING"
    },
    {
      "quarter": "2022-06 (Q2)",
      "signal": "OPERATING LEVERAGE",
      "detail": "Rev growth +18.7% vs OpEx growth +5.9% (leverage: 3.2x)",
      "severity": "MEDIUM"
    },
    {
      "quarter": "2022-06 (Q2)",
      "signal": "YoY REVENUE GROWTH DECELERATION",
      "detail": "YoY growth: +134.8% vs prior quarter YoY: +151.3% (decel: -16.5%)",
      "severity": "WARNING"
    },
    {
      "quarter": "2022-03 (Q1)",
      "signal": "FCF TURNED POSITIVE",
      "detail": "FCF margin: -11.7% -> +21.3%",
      "severity": "HIGH"
    },
    {
      "quarter": "2022-03 (Q1)",
      "signal": "OPERATING LEVERAGE",
      "detail": "Rev growth +26.9% vs OpEx growth +14.3% (leverage: 1.9x)",
      "severity": "MEDIUM"
    },
    {
      "quarter": "2021-12 (Q4)",
      "signal": "OPERATING LEVERAGE",
      "detail": "Rev growth +52.2% vs OpEx growth +10.6% (leverage: 4.9x)",
      "severity": "MEDIUM"
    },
    {
      "quarter": "2021-09 (Q3)",
      "signal": "FCF MARGIN EXPANSION",
      "detail": "FCF margin: +15.6% -> +24.0% (+8.4%)",
      "severity": "MEDIUM"
    },
    {
      "quarter": "2021-06 (Q2)",
      "signal": "OPERATING LEVERAGE",
      "detail": "Rev growth +27.1% vs OpEx growth +6.1% (leverage: 4.4x)",
      "severity": "MEDIUM"
    }
  ],
  "data_quality": {
    "n_quarters": 20,
    "coverage": {
      "revenue": [
        20,
        20
      ],
      "gross_profit": [
        20,
        20
      ],
      "op_income": [
        20,
        20
      ],
      "fcf": [
        20,
        20
      ]
    },
    "gaps": [],
    "warnings": []
  },
  "market_cap": null,
  "source": "SEC EDGAR",
  "last_updated": "2026-02-24T10:25:36.686411"
}