{
  "ticker": "CART",
  "name": "MAPLEBEAR INC.",
  "quarters": [
    {
      "date": "2022-09-30T00:00:00",
      "quarter_label": "2022-09 (Q3)",
      "revenue": 668000000,
      "gross_profit": 485000000,
      "operating_income": 33000000,
      "net_income": 36000000,
      "opex": 452000000,
      "cogs": 183000000,
      "rd": 127000000,
      "sga": null,
      "fcf": null,
      "ocf": null,
      "capex": null,
      "gross_margin": 0.7260479041916168,
      "op_margin": 0.04940119760479042,
      "fcf_margin": null
    },
    {
      "date": "2022-12-31T00:00:00",
      "quarter_label": "2022-12 (Q4)",
      "revenue": 757000000,
      "gross_profit": 577000000,
      "operating_income": 102000000,
      "net_income": 466000000,
      "opex": 475000000,
      "cogs": 180000000,
      "rd": 148000000,
      "sga": null,
      "fcf": 46000000,
      "ocf": 49000000,
      "capex": -3000000,
      "gross_margin": 0.76221928665786,
      "op_margin": 0.13474240422721268,
      "fcf_margin": 0.0607661822985469,
      "op_leverage_ratio": 2.6183285602707627
    },
    {
      "date": "2023-03-31T00:00:00",
      "quarter_label": "2023-03 (Q1)",
      "revenue": 759000000,
      "gross_profit": 582000000,
      "operating_income": 150000000,
      "net_income": 128000000,
      "opex": 432000000,
      "cogs": 177000000,
      "rd": 127000000,
      "sga": null,
      "fcf": 61000000,
      "ocf": 70000000,
      "capex": -9000000,
      "gross_margin": 0.766798418972332,
      "op_margin": 0.1976284584980237,
      "fcf_margin": 0.08036890645586298,
      "fcf_margin_change": 0.01960272415731608
    },
    {
      "date": "2023-06-30T00:00:00",
      "quarter_label": "2023-06 (Q2)",
      "revenue": 716000000,
      "gross_profit": 527000000,
      "operating_income": 119000000,
      "net_income": 114000000,
      "opex": 408000000,
      "cogs": 189000000,
      "rd": 130000000,
      "sga": null,
      "fcf": 159000000,
      "ocf": 172000000,
      "capex": -13000000,
      "gross_margin": 0.7360335195530726,
      "op_margin": 0.16620111731843576,
      "fcf_margin": 0.22206703910614525,
      "fcf_margin_change": 0.14169813265028228
    },
    {
      "date": "2023-09-30T00:00:00",
      "quarter_label": "2023-09 (Q3)",
      "revenue": 764000000,
      "gross_profit": 561000000,
      "operating_income": -2457000000,
      "net_income": -1999000000,
      "opex": 3018000000,
      "cogs": 203000000,
      "rd": 1850000000,
      "sga": null,
      "fcf": 95000000,
      "ocf": 111000000,
      "capex": -16000000,
      "gross_margin": 0.7342931937172775,
      "op_margin": -3.2159685863874348,
      "fcf_margin": 0.1243455497382199,
      "incr_op_margin_yoy": -25.9375,
      "rev_growth_yoy": 0.1437125748502994,
      "op_leverage_ratio": 0.01047967636293585,
      "fcf_margin_change": -0.09772148936792535
    },
    {
      "date": "2023-12-31T00:00:00",
      "quarter_label": "2023-12 (Q4)",
      "revenue": 803000000,
      "gross_profit": 608000000,
      "operating_income": 46000000,
      "net_income": 135000000,
      "opex": 562000000,
      "cogs": 195000000,
      "rd": 205000000,
      "sga": null,
      "fcf": 217000000,
      "ocf": 233000000,
      "capex": -16000000,
      "gross_margin": 0.7571606475716065,
      "op_margin": 0.057285180572851806,
      "fcf_margin": 0.27023661270236615,
      "incr_op_margin_yoy": -1.2173913043478262,
      "rev_growth_yoy": 0.0607661822985469,
      "rev_growth_yoy_accel": -0.0829463925517525,
      "op_leverage_ratio": Infinity,
      "fcf_margin_change": 0.14589106296414625
    },
    {
      "date": "2024-03-31T00:00:00",
      "quarter_label": "2024-03 (Q1)",
      "revenue": 820000000,
      "gross_profit": 614000000,
      "operating_income": 144000000,
      "net_income": 130000000,
      "opex": 470000000,
      "cogs": 206000000,
      "rd": 115000000,
      "sga": null,
      "fcf": 91000000,
      "ocf": 105000000,
      "capex": -14000000,
      "gross_margin": 0.748780487804878,
      "op_margin": 0.17560975609756097,
      "fcf_margin": 0.11097560975609756,
      "incr_op_margin_yoy": -0.09836065573770492,
      "rev_growth_yoy": 0.08036890645586298,
      "rev_growth_yoy_accel": 0.01960272415731608,
      "op_leverage_ratio": Infinity,
      "fcf_margin_change": -0.1592610029462686
    },
    {
      "date": "2024-06-30T00:00:00",
      "quarter_label": "2024-06 (Q2)",
      "revenue": 823000000,
      "gross_profit": 623000000,
      "operating_income": 52000000,
      "net_income": 61000000,
      "opex": 571000000,
      "cogs": 200000000,
      "rd": 185000000,
      "sga": null,
      "fcf": 220000000,
      "ocf": 244000000,
      "capex": -24000000,
      "gross_margin": 0.7569866342648846,
      "op_margin": 0.06318347509113001,
      "fcf_margin": 0.267314702308627,
      "incr_op_margin_yoy": -0.6261682242990654,
      "rev_growth_yoy": 0.1494413407821229,
      "rev_growth_yoy_accel": 0.06907243432625992,
      "fcf_margin_change": 0.15633909255252942
    },
    {
      "date": "2024-09-30T00:00:00",
      "quarter_label": "2024-09 (Q3)",
      "revenue": 852000000,
      "gross_profit": 641000000,
      "operating_income": 138000000,
      "net_income": 118000000,
      "opex": 503000000,
      "cogs": 211000000,
      "rd": 149000000,
      "sga": null,
      "fcf": 171000000,
      "ocf": 185000000,
      "capex": -14000000,
      "gross_margin": 0.7523474178403756,
      "op_margin": 0.1619718309859155,
      "fcf_margin": 0.2007042253521127,
      "incr_op_margin_yoy": 29.488636363636363,
      "rev_growth_yoy": 0.11518324607329843,
      "rev_growth_yoy_accel": -0.034258094708824474,
      "op_leverage_ratio": Infinity,
      "fcf_margin_change": -0.06661047695651429
    },
    {
      "date": "2024-12-31T00:00:00",
      "quarter_label": "2024-12 (Q4)",
      "revenue": 883000000,
      "gross_profit": 664000000,
      "operating_income": 155000000,
      "net_income": 148000000,
      "opex": 509000000,
      "cogs": 219000000,
      "rd": 155000000,
      "sga": null,
      "fcf": 141000000,
      "ocf": 153000000,
      "capex": -12000000,
      "gross_margin": 0.7519818799546999,
      "op_margin": 0.1755379388448471,
      "fcf_margin": 0.159682899207248,
      "incr_op_margin_yoy": 1.3625,
      "rev_growth_yoy": 0.099626400996264,
      "rev_growth_yoy_accel": -0.01555684507703442,
      "op_leverage_ratio": 3.0502738654147104,
      "fcf_margin_change": -0.04102132614486467
    },
    {
      "date": "2025-03-31T00:00:00",
      "quarter_label": "2025-03 (Q1)",
      "revenue": 897000000,
      "gross_profit": 671000000,
      "operating_income": 110000000,
      "net_income": 106000000,
      "opex": 561000000,
      "cogs": 226000000,
      "rd": 144000000,
      "sga": null,
      "fcf": 280000000,
      "ocf": 298000000,
      "capex": -18000000,
      "gross_margin": 0.7480490523968785,
      "op_margin": 0.12263099219620958,
      "fcf_margin": 0.31215161649944256,
      "incr_op_margin_yoy": -0.44155844155844154,
      "rev_growth_yoy": 0.09390243902439024,
      "rev_growth_yoy_accel": -0.005723961971873762,
      "op_leverage_ratio": 0.1551964456834219,
      "fcf_margin_change": 0.15246871729219455
    },
    {
      "date": "2025-06-30T00:00:00",
      "quarter_label": "2025-06 (Q2)",
      "revenue": 914000000,
      "gross_profit": 678000000,
      "operating_income": 124000000,
      "net_income": 116000000,
      "opex": 554000000,
      "cogs": 236000000,
      "rd": 166000000,
      "sga": null,
      "fcf": 187000000,
      "ocf": 203000000,
      "capex": -16000000,
      "gross_margin": 0.7417943107221007,
      "op_margin": 0.13566739606126915,
      "fcf_margin": 0.20459518599562362,
      "incr_op_margin_yoy": 0.7912087912087912,
      "rev_growth_yoy": 0.11057108140947752,
      "rev_growth_yoy_accel": 0.01666864238508728,
      "op_leverage_ratio": Infinity,
      "fcf_margin_change": -0.10755643050381894
    },
    {
      "date": "2025-09-30T00:00:00",
      "quarter_label": "2025-09 (Q3)",
      "revenue": 939000000,
      "gross_profit": 692000000,
      "operating_income": 166000000,
      "net_income": 144000000,
      "opex": 525000000,
      "cogs": 247000000,
      "rd": 169000000,
      "sga": null,
      "fcf": 272000000,
      "ocf": 287000000,
      "capex": -15000000,
      "gross_margin": 0.7369542066027689,
      "op_margin": 0.17678381256656017,
      "fcf_margin": 0.2896698615548456,
      "incr_op_margin_yoy": 0.3218390804597701,
      "rev_growth_yoy": 0.10211267605633803,
      "rev_growth_yoy_accel": -0.008458405353139492,
      "op_leverage_ratio": Infinity,
      "fcf_margin_change": 0.08507467555922196
    }
  ],
  "signals": [
    {
      "quarter": "2025-09 (Q3)",
      "signal": "FCF MARGIN EXPANSION",
      "detail": "FCF margin: +20.5% -> +29.0% (+8.5%)",
      "severity": "MEDIUM"
    },
    {
      "quarter": "2025-09 (Q3)",
      "signal": "INCREMENTAL MARGIN (YoY)",
      "detail": "YoY Incr OPM: +32.2% vs year-ago OPM: +16.2%",
      "severity": "MEDIUM"
    },
    {
      "quarter": "2025-06 (Q2)",
      "signal": "INCREMENTAL MARGIN (YoY)",
      "detail": "YoY Incr OPM: +79.1% vs year-ago OPM: +6.3%",
      "severity": "HIGH"
    },
    {
      "quarter": "2025-03 (Q1)",
      "signal": "FCF MARGIN EXPANSION",
      "detail": "FCF margin: +16.0% -> +31.2% (+15.2%)",
      "severity": "MEDIUM"
    },
    {
      "quarter": "2024-12 (Q4)",
      "signal": "OPERATING LEVERAGE",
      "detail": "Rev growth +3.6% vs OpEx growth +1.2% (leverage: 3.1x)",
      "severity": "MEDIUM"
    },
    {
      "quarter": "2024-12 (Q4)",
      "signal": "INCREMENTAL MARGIN (YoY)",
      "detail": "YoY Incr OPM: +136.2% vs year-ago OPM: +5.7%",
      "severity": "HIGH"
    },
    {
      "quarter": "2024-09 (Q3)",
      "signal": "OP MARGIN TURNED POSITIVE (YoY)",
      "detail": "Op margin: -321.6% (year-ago) -> +16.2%",
      "severity": "HIGH"
    },
    {
      "quarter": "2024-06 (Q2)",
      "signal": "FCF MARGIN EXPANSION",
      "detail": "FCF margin: +11.1% -> +26.7% (+15.6%)",
      "severity": "MEDIUM"
    },
    {
      "quarter": "2024-06 (Q2)",
      "signal": "YoY REVENUE GROWTH ACCELERATION",
      "detail": "YoY growth: +14.9% vs prior quarter YoY: +8.0% (accel: +6.9%)",
      "severity": "MEDIUM"
    },
    {
      "quarter": "2023-12 (Q4)",
      "signal": "FCF MARGIN EXPANSION",
      "detail": "FCF margin: +12.4% -> +27.0% (+14.6%)",
      "severity": "MEDIUM"
    },
    {
      "quarter": "2023-12 (Q4)",
      "signal": "GROSS MARGIN INFLECTION",
      "detail": "GM: +73.6% -> +73.4% -> +75.7% (reversal +2.3%)",
      "severity": "MEDIUM"
    },
    {
      "quarter": "2023-12 (Q4)",
      "signal": "YoY REVENUE GROWTH DECELERATION",
      "detail": "YoY growth: +6.1% vs prior quarter YoY: +14.4% (decel: -8.3%)",
      "severity": "WARNING"
    },
    {
      "quarter": "2023-12 (Q4)",
      "signal": "OP MARGIN TURNED POSITIVE (QoQ)",
      "detail": "Op margin: -321.6% -> +5.7%",
      "severity": "HIGH"
    },
    {
      "quarter": "2023-06 (Q2)",
      "signal": "FCF MARGIN EXPANSION",
      "detail": "FCF margin: +8.0% -> +22.2% (+14.2%)",
      "severity": "MEDIUM"
    },
    {
      "quarter": "2022-12 (Q4)",
      "signal": "OPERATING LEVERAGE",
      "detail": "Rev growth +13.3% vs OpEx growth +5.1% (leverage: 2.6x)",
      "severity": "MEDIUM"
    }
  ],
  "data_quality": {
    "n_quarters": 13,
    "coverage": {
      "revenue": [
        13,
        13
      ],
      "gross_profit": [
        13,
        13
      ],
      "op_income": [
        13,
        13
      ],
      "fcf": [
        12,
        13
      ]
    },
    "gaps": [],
    "warnings": []
  },
  "market_cap": null,
  "source": "SEC EDGAR",
  "last_updated": "2026-02-02T20:38:09.652982",
  "sector": "Consumer Cyclical",
  "industry": "Internet Retail"
}