{
  "ticker": "CAT",
  "name": "CATERPILLAR INC",
  "sector": "Industrials",
  "industry": "Farm & Heavy Construction Machinery",
  "quarters": [
    {
      "date": "2021-03-31T00:00:00",
      "quarter_label": "2021-03 (Q1)",
      "revenue": 11887000000,
      "gross_profit": 3875000000,
      "operating_income": 1814000000,
      "net_income": null,
      "opex": 10073000000,
      "cogs": 8012000000,
      "rd": 374000000,
      "sga": 1239000000,
      "fcf": 1676000000,
      "ocf": 1928000000,
      "capex": -252000000,
      "gross_margin": 0.32598637166652644,
      "op_margin": 0.15260368469756877,
      "fcf_margin": 0.14099436359047698
    },
    {
      "date": "2021-06-30T00:00:00",
      "quarter_label": "2021-06 (Q2)",
      "revenue": 12889000000,
      "gross_profit": 4008000000,
      "operating_income": 1789000000,
      "net_income": null,
      "opex": 11100000000,
      "cogs": 8881000000,
      "rd": 446000000,
      "sga": 1364000000,
      "fcf": 1951000000,
      "ocf": 2118000000,
      "capex": -167000000,
      "gross_margin": 0.3109628365272713,
      "op_margin": 0.13880052758165878,
      "fcf_margin": 0.1513693847466832,
      "op_leverage_ratio": 0.826768362154855,
      "fcf_margin_change": 0.010375021156206227
    },
    {
      "date": "2021-09-30T00:00:00",
      "quarter_label": "2021-09 (Q3)",
      "revenue": 12397000000,
      "gross_profit": 3780000000,
      "operating_income": 1664000000,
      "net_income": null,
      "opex": 10733000000,
      "cogs": 8617000000,
      "rd": 427000000,
      "sga": 1340000000,
      "fcf": 1486000000,
      "ocf": 1740000000,
      "capex": -254000000,
      "gross_margin": 0.3049124788255223,
      "op_margin": 0.13422602242478018,
      "fcf_margin": 0.11986770992982174,
      "fcf_margin_change": -0.031501674816861475
    },
    {
      "date": "2021-12-31T00:00:00",
      "quarter_label": "2021-12 (Q4)",
      "revenue": 13798000000,
      "gross_profit": 3795000000,
      "operating_income": 1611000000,
      "net_income": null,
      "opex": 12187000000,
      "cogs": 10003000000,
      "rd": 439000000,
      "sga": 1422000000,
      "fcf": 992000000,
      "ocf": 1412000000,
      "capex": -420000000,
      "gross_margin": 0.27503986084939847,
      "op_margin": 0.1167560516016814,
      "fcf_margin": 0.07189447746050152,
      "op_leverage_ratio": 0.8342155038396719,
      "fcf_margin_change": -0.04797323246932021
    },
    {
      "date": "2022-03-31T00:00:00",
      "quarter_label": "2022-03 (Q1)",
      "revenue": 13589000000,
      "gross_profit": 4030000000,
      "operating_income": 1855000000,
      "net_income": null,
      "opex": 11734000000,
      "cogs": 9559000000,
      "rd": 457000000,
      "sga": 1346000000,
      "fcf": -33000000,
      "ocf": 313000000,
      "capex": -346000000,
      "gross_margin": 0.29656339686511146,
      "op_margin": 0.1365074692766208,
      "fcf_margin": -0.002428434763411583,
      "incr_op_margin_yoy": 0.02408930669800235,
      "rev_growth_yoy": 0.1431816269874653,
      "fcf_margin_change": -0.0743229122239131
    },
    {
      "date": "2022-06-30T00:00:00",
      "quarter_label": "2022-06 (Q2)",
      "revenue": 14247000000,
      "gross_profit": 4272000000,
      "operating_income": 1944000000,
      "net_income": null,
      "opex": 12303000000,
      "cogs": 9975000000,
      "rd": 480000000,
      "sga": 1425000000,
      "fcf": 1993000000,
      "ocf": 2233000000,
      "capex": -240000000,
      "gross_margin": 0.2998526005474837,
      "op_margin": 0.13644977890082122,
      "fcf_margin": 0.13988909945953534,
      "incr_op_margin_yoy": 0.11413843888070692,
      "rev_growth_yoy": 0.10536116067964932,
      "rev_growth_yoy_accel": -0.03782046630781599,
      "op_leverage_ratio": 0.9985555100456652,
      "fcf_margin_change": 0.14231753422294693
    },
    {
      "date": "2022-09-30T00:00:00",
      "quarter_label": "2022-09 (Q3)",
      "revenue": 14994000000,
      "gross_profit": 4792000000,
      "operating_income": 2425000000,
      "net_income": null,
      "opex": 12569000000,
      "cogs": 10202000000,
      "rd": 476000000,
      "sga": 1401000000,
      "fcf": 2199000000,
      "ocf": 2481000000,
      "capex": -282000000,
      "gross_margin": 0.31959450446845405,
      "op_margin": 0.1617313592103508,
      "fcf_margin": 0.14665866346538614,
      "incr_op_margin_yoy": 0.29303041971505583,
      "rev_growth_yoy": 0.20948616600790515,
      "rev_growth_yoy_accel": 0.10412500532825583,
      "op_leverage_ratio": 2.4250827637634833,
      "fcf_margin_change": 0.006769564005850798
    },
    {
      "date": "2022-12-31T00:00:00",
      "quarter_label": "2022-12 (Q4)",
      "revenue": 16597000000,
      "gross_profit": 4983000000,
      "operating_income": 1680000000,
      "net_income": null,
      "opex": 14917000000,
      "cogs": 11614000000,
      "rd": 401000000,
      "sga": 1479000000,
      "fcf": 2311000000,
      "ocf": 2739000000,
      "capex": -428000000,
      "gross_margin": 0.30023498222570344,
      "op_margin": 0.10122311261071278,
      "fcf_margin": 0.13924203169247454,
      "incr_op_margin_yoy": 0.02465166130760986,
      "rev_growth_yoy": 0.20285548630236266,
      "rev_growth_yoy_accel": -0.006630679705542486,
      "op_leverage_ratio": 0.5722932841506847,
      "fcf_margin_change": -0.007416631772911603
    },
    {
      "date": "2023-03-31T00:00:00",
      "quarter_label": "2023-03 (Q1)",
      "revenue": 15862000000,
      "gross_profit": 5759000000,
      "operating_income": 2731000000,
      "net_income": null,
      "opex": 13131000000,
      "cogs": 10103000000,
      "rd": 472000000,
      "sga": 1463000000,
      "fcf": 1151000000,
      "ocf": 1573000000,
      "capex": -422000000,
      "gross_margin": 0.36306896986508636,
      "op_margin": 0.17217248770646829,
      "fcf_margin": 0.07256335897112597,
      "incr_op_margin_yoy": 0.38539375274967,
      "rev_growth_yoy": 0.16726764294650084,
      "rev_growth_yoy_accel": -0.03558784335586182,
      "fcf_margin_change": -0.06667867272134857
    },
    {
      "date": "2023-06-30T00:00:00",
      "quarter_label": "2023-06 (Q2)",
      "revenue": 17318000000,
      "gross_profit": 6253000000,
      "operating_income": 3652000000,
      "net_income": null,
      "opex": 13666000000,
      "cogs": 11065000000,
      "rd": 528000000,
      "sga": 1528000000,
      "fcf": 2988000000,
      "ocf": 3249000000,
      "capex": -261000000,
      "gross_margin": 0.3610694075528352,
      "op_margin": 0.2108788543711745,
      "fcf_margin": 0.17253724448550642,
      "incr_op_margin_yoy": 0.556170628459785,
      "rev_growth_yoy": 0.21555415175124587,
      "rev_growth_yoy_accel": 0.048286508804745026,
      "op_leverage_ratio": 2.252928706353986,
      "fcf_margin_change": 0.09997388551438045
    },
    {
      "date": "2023-09-30T00:00:00",
      "quarter_label": "2023-09 (Q3)",
      "revenue": 16810000000,
      "gross_profit": 6227000000,
      "operating_income": 3449000000,
      "net_income": null,
      "opex": 13361000000,
      "cogs": 10583000000,
      "rd": 554000000,
      "sga": 1624000000,
      "fcf": 3682000000,
      "ocf": 4060000000,
      "capex": -378000000,
      "gross_margin": 0.37043426531826296,
      "op_margin": 0.20517549077929803,
      "fcf_margin": 0.21903628792385485,
      "incr_op_margin_yoy": 0.5638766519823789,
      "rev_growth_yoy": 0.12111511271175136,
      "rev_growth_yoy_accel": -0.09443903903949451,
      "fcf_margin_change": 0.04649904343834843
    },
    {
      "date": "2023-12-31T00:00:00",
      "quarter_label": "2023-12 (Q4)",
      "revenue": 17070000000,
      "gross_profit": 6054000000,
      "operating_income": 3134000000,
      "net_income": null,
      "opex": 13936000000,
      "cogs": 11016000000,
      "rd": 554000000,
      "sga": 1756000000,
      "fcf": 3467000000,
      "ocf": 4003000000,
      "capex": -536000000,
      "gross_margin": 0.3546572934973638,
      "op_margin": 0.18359695371997656,
      "fcf_margin": 0.20310486233157587,
      "incr_op_margin_yoy": 3.0739957716701904,
      "rev_growth_yoy": 0.028499126348135204,
      "rev_growth_yoy_accel": -0.09261598636361616,
      "op_leverage_ratio": 0.359398908517187,
      "fcf_margin_change": -0.015931425592278975
    },
    {
      "date": "2024-03-31T00:00:00",
      "quarter_label": "2024-03 (Q1)",
      "revenue": 15799000000,
      "gross_profit": 6137000000,
      "operating_income": 3519000000,
      "net_income": null,
      "opex": 12280000000,
      "cogs": 9662000000,
      "rd": 520000000,
      "sga": 1577000000,
      "fcf": 1552000000,
      "ocf": 2052000000,
      "capex": -500000000,
      "gross_margin": 0.38844230647509337,
      "op_margin": 0.22273561617823912,
      "fcf_margin": 0.0982340654471802,
      "incr_op_margin_yoy": -12.507936507936508,
      "rev_growth_yoy": -0.003971756398940865,
      "rev_growth_yoy_accel": -0.03247088274707607,
      "fcf_margin_change": -0.10487079688439567
    },
    {
      "date": "2024-06-30T00:00:00",
      "quarter_label": "2024-06 (Q2)",
      "revenue": 16689000000,
      "gross_profit": 6539000000,
      "operating_income": 3482000000,
      "net_income": null,
      "opex": 13207000000,
      "cogs": 10150000000,
      "rd": 535000000,
      "sga": 1652000000,
      "fcf": 2680000000,
      "ocf": 3021000000,
      "capex": -341000000,
      "gross_margin": 0.39181496794295645,
      "op_margin": 0.20864042183474144,
      "fcf_margin": 0.16058481634609623,
      "incr_op_margin_yoy": 0.2702702702702703,
      "rev_growth_yoy": -0.03632059129229703,
      "rev_growth_yoy_accel": -0.03234883489335617,
      "op_leverage_ratio": 0.746240886301367,
      "fcf_margin_change": 0.06235075089891602
    },
    {
      "date": "2024-09-30T00:00:00",
      "quarter_label": "2024-09 (Q3)",
      "revenue": 16106000000,
      "gross_profit": 6040000000,
      "operating_income": 3147000000,
      "net_income": null,
      "opex": 12959000000,
      "cogs": 10066000000,
      "rd": 533000000,
      "sga": 1669000000,
      "fcf": 3125000000,
      "ocf": 3569000000,
      "capex": -444000000,
      "gross_margin": 0.37501552216565254,
      "op_margin": 0.19539302123432262,
      "fcf_margin": 0.19402707065689806,
      "incr_op_margin_yoy": 0.4289772727272727,
      "rev_growth_yoy": -0.04187983343248067,
      "rev_growth_yoy_accel": -0.0055592421401836345,
      "fcf_margin_change": 0.03344225431080183
    },
    {
      "date": "2024-12-31T00:00:00",
      "quarter_label": "2024-12 (Q4)",
      "revenue": 16215000000,
      "gross_profit": 5894000000,
      "operating_income": 2924000000,
      "net_income": null,
      "opex": 13291000000,
      "cogs": 10321000000,
      "rd": 519000000,
      "sga": 1769000000,
      "fcf": 2690000000,
      "ocf": 3393000000,
      "capex": -703000000,
      "gross_margin": 0.36349059512796794,
      "op_margin": 0.1803268578476719,
      "fcf_margin": 0.16589577551649706,
      "incr_op_margin_yoy": 0.24561403508771928,
      "rev_growth_yoy": -0.05008787346221441,
      "rev_growth_yoy_accel": -0.008208040029733743,
      "fcf_margin_change": -0.028131295140400997
    },
    {
      "date": "2025-03-31T00:00:00",
      "quarter_label": "2025-03 (Q1)",
      "revenue": 14249000000,
      "gross_profit": 5284000000,
      "operating_income": 2579000000,
      "net_income": null,
      "opex": 11670000000,
      "cogs": 8965000000,
      "rd": 480000000,
      "sga": 1593000000,
      "fcf": 579000000,
      "ocf": 1289000000,
      "capex": -710000000,
      "gross_margin": 0.37083304091515196,
      "op_margin": 0.18099515755491613,
      "fcf_margin": 0.04063443048634992,
      "incr_op_margin_yoy": 0.6064516129032258,
      "rev_growth_yoy": -0.09810747515665548,
      "rev_growth_yoy_accel": -0.04801960169444107,
      "fcf_margin_change": -0.12526134503014713
    },
    {
      "date": "2025-06-30T00:00:00",
      "quarter_label": "2025-06 (Q2)",
      "revenue": 16569000000,
      "gross_profit": 5762000000,
      "operating_income": 2860000000,
      "net_income": null,
      "opex": 13709000000,
      "cogs": 10807000000,
      "rd": 551000000,
      "sga": 1694000000,
      "fcf": 2567000000,
      "ocf": 3122000000,
      "capex": -555000000,
      "gross_margin": 0.34775786106584583,
      "op_margin": 0.1726115034099825,
      "fcf_margin": 0.15492787736133742,
      "incr_op_margin_yoy": 5.183333333333334,
      "rev_growth_yoy": -0.007190364911019234,
      "rev_growth_yoy_accel": 0.09091711024563624,
      "op_leverage_ratio": 0.9318740728163778,
      "fcf_margin_change": 0.1142934468749875
    },
    {
      "date": "2025-09-30T00:00:00",
      "quarter_label": "2025-09 (Q3)",
      "revenue": 17638000000,
      "gross_profit": 5965000000,
      "operating_income": 3052000000,
      "net_income": null,
      "opex": 14586000000,
      "cogs": 11673000000,
      "rd": 555000000,
      "sga": 1822000000,
      "fcf": 3079000000,
      "ocf": 3737000000,
      "capex": -658000000,
      "gross_margin": 0.33819027100578297,
      "op_margin": 0.1730354915523302,
      "fcf_margin": 0.17456627735570926,
      "incr_op_margin_yoy": -0.06201044386422976,
      "rev_growth_yoy": 0.0951198311188377,
      "rev_growth_yoy_accel": 0.10231019602985694,
      "op_leverage_ratio": 1.0085271412254604,
      "fcf_margin_change": 0.019638399994371836
    },
    {
      "date": "2025-12-31T00:00:00",
      "quarter_label": "2025-12 (Q4)",
      "revenue": 19133000000,
      "gross_profit": 5826000000,
      "operating_income": 2660000000,
      "net_income": null,
      "opex": 16473000000,
      "cogs": 13307000000,
      "rd": 562000000,
      "sga": 1876000000,
      "fcf": 2693000000,
      "ocf": 3591000000,
      "capex": -898000000,
      "gross_margin": 0.3045000783985784,
      "op_margin": 0.13902681231380337,
      "fcf_margin": 0.14075158103799718,
      "incr_op_margin_yoy": -0.09047292666209733,
      "rev_growth_yoy": 0.1799568300955905,
      "rev_growth_yoy_accel": 0.08483699897675279,
      "op_leverage_ratio": 0.6551732592099981,
      "fcf_margin_change": -0.033814696317712084
    }
  ],
  "signals": [
    {
      "quarter": "2025-12 (Q4)",
      "signal": "YoY REVENUE GROWTH ACCELERATION",
      "detail": "YoY growth: +18.0% vs prior quarter YoY: +9.5% (accel: +8.5%)",
      "severity": "MEDIUM"
    },
    {
      "quarter": "2025-09 (Q3)",
      "signal": "YoY REVENUE GROWTH ACCELERATION",
      "detail": "YoY growth: +9.5% vs prior quarter YoY: -0.7% (accel: +10.2%)",
      "severity": "MEDIUM"
    },
    {
      "quarter": "2025-06 (Q2)",
      "signal": "FCF MARGIN EXPANSION",
      "detail": "FCF margin: +4.1% -> +15.5% (+11.4%)",
      "severity": "MEDIUM"
    },
    {
      "quarter": "2025-06 (Q2)",
      "signal": "YoY REVENUE GROWTH ACCELERATION",
      "detail": "YoY growth: -0.7% vs prior quarter YoY: -9.8% (accel: +9.1%)",
      "severity": "MEDIUM"
    },
    {
      "quarter": "2025-06 (Q2)",
      "signal": "INCREMENTAL MARGIN (YoY)",
      "detail": "YoY Incr OPM: +518.3% vs year-ago OPM: +20.9%",
      "severity": "HIGH"
    },
    {
      "quarter": "2025-03 (Q1)",
      "signal": "INCREMENTAL MARGIN (YoY)",
      "detail": "YoY Incr OPM: +60.6% vs year-ago OPM: +22.3%",
      "severity": "HIGH"
    },
    {
      "quarter": "2024-09 (Q3)",
      "signal": "INCREMENTAL MARGIN (YoY)",
      "detail": "YoY Incr OPM: +42.9% vs year-ago OPM: +20.5%",
      "severity": "HIGH"
    },
    {
      "quarter": "2024-06 (Q2)",
      "signal": "FCF MARGIN EXPANSION",
      "detail": "FCF margin: +9.8% -> +16.1% (+6.2%)",
      "severity": "MEDIUM"
    },
    {
      "quarter": "2024-03 (Q1)",
      "signal": "GROSS MARGIN INFLECTION",
      "detail": "GM: +37.0% -> +35.5% -> +38.8% (reversal +3.4%)",
      "severity": "MEDIUM"
    },
    {
      "quarter": "2023-12 (Q4)",
      "signal": "YoY REVENUE GROWTH DECELERATION",
      "detail": "YoY growth: +2.8% vs prior quarter YoY: +12.1% (decel: -9.3%)",
      "severity": "WARNING"
    },
    {
      "quarter": "2023-12 (Q4)",
      "signal": "INCREMENTAL MARGIN (YoY)",
      "detail": "YoY Incr OPM: +307.4% vs year-ago OPM: +10.1%",
      "severity": "HIGH"
    },
    {
      "quarter": "2023-09 (Q3)",
      "signal": "YoY REVENUE GROWTH DECELERATION",
      "detail": "YoY growth: +12.1% vs prior quarter YoY: +21.6% (decel: -9.4%)",
      "severity": "WARNING"
    },
    {
      "quarter": "2023-09 (Q3)",
      "signal": "INCREMENTAL MARGIN (YoY)",
      "detail": "YoY Incr OPM: +56.4% vs year-ago OPM: +16.2%",
      "severity": "HIGH"
    },
    {
      "quarter": "2023-06 (Q2)",
      "signal": "FCF MARGIN EXPANSION",
      "detail": "FCF margin: +7.3% -> +17.3% (+10.0%)",
      "severity": "MEDIUM"
    },
    {
      "quarter": "2023-06 (Q2)",
      "signal": "OPERATING LEVERAGE",
      "detail": "Rev growth +9.2% vs OpEx growth +4.1% (leverage: 2.3x)",
      "severity": "MEDIUM"
    },
    {
      "quarter": "2023-06 (Q2)",
      "signal": "INCREMENTAL MARGIN (YoY)",
      "detail": "YoY Incr OPM: +55.6% vs year-ago OPM: +13.6%",
      "severity": "HIGH"
    },
    {
      "quarter": "2023-03 (Q1)",
      "signal": "GROSS MARGIN INFLECTION",
      "detail": "GM: +32.0% -> +30.0% -> +36.3% (reversal +6.3%)",
      "severity": "HIGH"
    },
    {
      "quarter": "2023-03 (Q1)",
      "signal": "INCREMENTAL MARGIN (YoY)",
      "detail": "YoY Incr OPM: +38.5% vs year-ago OPM: +13.7%",
      "severity": "HIGH"
    },
    {
      "quarter": "2022-09 (Q3)",
      "signal": "OPERATING LEVERAGE",
      "detail": "Rev growth +5.2% vs OpEx growth +2.2% (leverage: 2.4x)",
      "severity": "MEDIUM"
    },
    {
      "quarter": "2022-09 (Q3)",
      "signal": "YoY REVENUE GROWTH ACCELERATION",
      "detail": "YoY growth: +20.9% vs prior quarter YoY: +10.5% (accel: +10.4%)",
      "severity": "MEDIUM"
    },
    {
      "quarter": "2022-09 (Q3)",
      "signal": "INCREMENTAL MARGIN (YoY)",
      "detail": "YoY Incr OPM: +29.3% vs year-ago OPM: +13.4%",
      "severity": "MEDIUM"
    },
    {
      "quarter": "2022-06 (Q2)",
      "signal": "FCF TURNED POSITIVE",
      "detail": "FCF margin: -0.2% -> +14.0%",
      "severity": "HIGH"
    },
    {
      "quarter": "2022-03 (Q1)",
      "signal": "GROSS MARGIN INFLECTION",
      "detail": "GM: +30.5% -> +27.5% -> +29.7% (reversal +2.2%)",
      "severity": "MEDIUM"
    }
  ],
  "data_quality": {
    "n_quarters": 20,
    "coverage": {
      "revenue": [
        20,
        20
      ],
      "gross_profit": [
        20,
        20
      ],
      "op_income": [
        20,
        20
      ],
      "fcf": [
        20,
        20
      ]
    },
    "gaps": [],
    "warnings": []
  },
  "market_cap": null,
  "source": "SEC EDGAR",
  "last_updated": "2026-02-24T10:46:23.513222"
}