{
  "ticker": "CATO",
  "name": "THE CATO CORPORATION",
  "quarters": [
    {
      "date": "2021-01-30T00:00:00",
      "quarter_label": "2021-01 (Q1)",
      "revenue": 155418000,
      "gross_profit": 47968000,
      "operating_income": -10898000,
      "net_income": -8274000,
      "opex": 166316000,
      "cogs": 107449000,
      "rd": null,
      "sga": 58139000,
      "fcf": -7373000,
      "ocf": -4645000,
      "capex": -2728000,
      "gross_margin": 0.30863863902508076,
      "op_margin": -0.07012057805402205,
      "fcf_margin": -0.04743980748690628
    },
    {
      "date": "2021-05-01T00:00:00",
      "quarter_label": "2021-05 (Q2)",
      "revenue": 213085000,
      "gross_profit": 89410000,
      "operating_income": 23794000,
      "net_income": 20713000,
      "opex": 189291000,
      "cogs": 123675000,
      "rd": null,
      "sga": 63237000,
      "fcf": 43946000,
      "ocf": 44500000,
      "capex": -554000,
      "gross_margin": 0.4195978130792876,
      "op_margin": 0.11166435929323978,
      "fcf_margin": 0.20623694769692846,
      "op_leverage_ratio": 2.6859910065132224,
      "fcf_margin_change": 0.25367675518383476
    },
    {
      "date": "2021-07-31T00:00:00",
      "quarter_label": "2021-07 (Q3)",
      "revenue": 207746000,
      "gross_profit": 92159000,
      "operating_income": 18553000,
      "net_income": 13992000,
      "opex": 189193000,
      "cogs": 115587000,
      "rd": null,
      "sga": 70984000,
      "fcf": 36887000,
      "ocf": 37457000,
      "capex": -570000,
      "gross_margin": 0.4436138361268087,
      "op_margin": 0.0893061719599896,
      "fcf_margin": 0.17755817199849816,
      "fcf_margin_change": -0.028678775698430303
    },
    {
      "date": "2021-10-30T00:00:00",
      "quarter_label": "2021-10 (Q4)",
      "revenue": 172213000,
      "gross_profit": 67988000,
      "operating_income": 2890000,
      "net_income": 8603000,
      "opex": 169323000,
      "cogs": 104225000,
      "rd": null,
      "sga": 62466000,
      "fcf": -3212000,
      "ocf": -2547000,
      "capex": -665000,
      "gross_margin": 0.3947901726350508,
      "op_margin": 0.01678154378589305,
      "fcf_margin": -0.018651321328819543,
      "fcf_margin_change": -0.1962094933273177
    },
    {
      "date": "2022-01-29T00:00:00",
      "quarter_label": "2022-01 (Q1)",
      "revenue": 176227000,
      "gross_profit": 66649000,
      "operating_income": -6272000,
      "net_income": -6464000,
      "opex": 182499000,
      "cogs": 109578000,
      "rd": null,
      "sga": 70267000,
      "fcf": -21937000,
      "ocf": -19622000,
      "capex": -2315000,
      "gross_margin": 0.3781997083307325,
      "op_margin": -0.035590460031663704,
      "fcf_margin": -0.12448149262031358,
      "incr_op_margin_yoy": 0.2223076553414388,
      "rev_growth_yoy": 0.13389054034925169,
      "op_leverage_ratio": 0.29953239854610086,
      "fcf_margin_change": -0.10583017129149404
    },
    {
      "date": "2022-04-30T00:00:00",
      "quarter_label": "2022-04 (Q2)",
      "revenue": 206721000,
      "gross_profit": 74478000,
      "operating_income": 11697000,
      "net_income": 9748000,
      "opex": 195024000,
      "cogs": 132243000,
      "rd": null,
      "sga": 60441000,
      "fcf": -5205000,
      "ocf": -765000,
      "capex": -4440000,
      "gross_margin": 0.3602826998708404,
      "op_margin": 0.056583511109176136,
      "fcf_margin": -0.02517886426632998,
      "incr_op_margin_yoy": 1.9008485229415462,
      "rev_growth_yoy": -0.02986601590914424,
      "rev_growth_yoy_accel": -0.1637565562583959,
      "op_leverage_ratio": 2.5213010369824795,
      "fcf_margin_change": 0.0993026283539836
    },
    {
      "date": "2022-07-30T00:00:00",
      "quarter_label": "2022-07 (Q3)",
      "revenue": 196864000,
      "gross_profit": 65115000,
      "operating_income": 3420000,
      "net_income": -2274000,
      "opex": 193444000,
      "cogs": 131749000,
      "rd": null,
      "sga": 60768000,
      "fcf": 11797000,
      "ocf": 17741000,
      "capex": -5944000,
      "gross_margin": 0.3307613377763329,
      "op_margin": 0.01737239921976593,
      "fcf_margin": 0.05992461801040312,
      "incr_op_margin_yoy": 1.3906451020033082,
      "rev_growth_yoy": -0.052381273285646894,
      "rev_growth_yoy_accel": -0.022515257376502656,
      "fcf_margin_change": 0.0851034822767331
    },
    {
      "date": "2022-10-29T00:00:00",
      "quarter_label": "2022-10 (Q4)",
      "revenue": 176626000,
      "gross_profit": 52874000,
      "operating_income": -9109000,
      "net_income": -4453000,
      "opex": 185735000,
      "cogs": 123752000,
      "rd": null,
      "sga": 61397000,
      "fcf": -1676000,
      "ocf": 2322000,
      "capex": -3998000,
      "gross_margin": 0.2993557007462095,
      "op_margin": -0.05157224870630598,
      "fcf_margin": -0.009488976707845957,
      "incr_op_margin_yoy": -2.7190120099705415,
      "rev_growth_yoy": 0.02562524315818202,
      "rev_growth_yoy_accel": 0.07800651644382892,
      "fcf_margin_change": -0.06941359471824908
    },
    {
      "date": "2023-01-28T00:00:00",
      "quarter_label": "2023-01 (Q1)",
      "revenue": 179049000,
      "gross_profit": 57129000,
      "operating_income": -4238000,
      "net_income": -2991000,
      "opex": 183287000,
      "cogs": 121920000,
      "rd": null,
      "sga": 59955000,
      "fcf": -10979000,
      "ocf": -5928000,
      "capex": -5051000,
      "gross_margin": 0.3190690816480405,
      "op_margin": -0.02366949829376316,
      "fcf_margin": -0.06131841004417785,
      "incr_op_margin_yoy": 0.7207654145995748,
      "rev_growth_yoy": 0.01601343721450175,
      "rev_growth_yoy_accel": -0.009611805943680267,
      "op_leverage_ratio": Infinity,
      "fcf_margin_change": -0.051829433336331894
    },
    {
      "date": "2023-04-29T00:00:00",
      "quarter_label": "2023-04 (Q2)",
      "revenue": 192050000,
      "gross_profit": 69963000,
      "operating_income": 6569000,
      "net_income": 4428000,
      "opex": 185481000,
      "cogs": 122087000,
      "rd": null,
      "sga": 61934000,
      "fcf": 3725000,
      "ocf": 9895000,
      "capex": -6170000,
      "gross_margin": 0.36429575631346006,
      "op_margin": 0.034204634209841184,
      "fcf_margin": 0.01939599062744077,
      "incr_op_margin_yoy": 0.3495330924953991,
      "rev_growth_yoy": -0.07097005142196487,
      "rev_growth_yoy_accel": -0.08698348863646663,
      "op_leverage_ratio": 6.065964971429906,
      "fcf_margin_change": 0.08071440067161863
    },
    {
      "date": "2023-07-29T00:00:00",
      "quarter_label": "2023-07 (Q3)",
      "revenue": 182871000,
      "gross_profit": 65254000,
      "operating_income": 2460000,
      "net_income": 1127000,
      "opex": 180411000,
      "cogs": 117617000,
      "rd": null,
      "sga": 61618000,
      "fcf": 9384000,
      "ocf": 11684000,
      "capex": -2300000,
      "gross_margin": 0.3568307714181035,
      "op_margin": 0.013452105582623816,
      "fcf_margin": 0.05131486129566744,
      "incr_op_margin_yoy": 0.06860573143714714,
      "rev_growth_yoy": -0.07107952698309493,
      "rev_growth_yoy_accel": -0.00010947556113005685,
      "fcf_margin_change": 0.03191887066822667
    },
    {
      "date": "2023-10-28T00:00:00",
      "quarter_label": "2023-10 (Q4)",
      "revenue": 158256000,
      "gross_profit": 52424000,
      "operating_income": -10349000,
      "net_income": -6077000,
      "opex": 168605000,
      "cogs": 105832000,
      "rd": null,
      "sga": 61792000,
      "fcf": -11710000,
      "ocf": -9909000,
      "capex": -1801000,
      "gross_margin": 0.33126074208876755,
      "op_margin": -0.06539404509149732,
      "fcf_margin": -0.07399403498129613,
      "incr_op_margin_yoy": 0.06750136091453457,
      "rev_growth_yoy": -0.1040050728658295,
      "rev_growth_yoy_accel": -0.032925545882734567,
      "fcf_margin_change": -0.12530889627696357
    },
    {
      "date": "2024-02-03T00:00:00",
      "quarter_label": "2024-02 (Q1)",
      "revenue": 174882000,
      "gross_profit": 56105000,
      "operating_income": -12481000,
      "net_income": -23418000,
      "opex": 187363000,
      "cogs": 118777000,
      "rd": null,
      "sga": 67398000,
      "fcf": -13454000,
      "ocf": -11193000,
      "capex": -2261000,
      "gross_margin": 0.3208163218627417,
      "op_margin": -0.07136812250546082,
      "fcf_margin": -0.07693187406365434,
      "incr_op_margin_yoy": 1.9781617470602353,
      "rev_growth_yoy": -0.023272958798987987,
      "rev_growth_yoy_accel": 0.08073211406684151,
      "op_leverage_ratio": 0.9443033049201,
      "fcf_margin_change": -0.002937839082358215
    },
    {
      "date": "2024-05-04T00:00:00",
      "quarter_label": "2024-05 (Q2)",
      "revenue": 177099000,
      "gross_profit": 64594000,
      "operating_income": 11623000,
      "net_income": 10974000,
      "opex": 165476000,
      "cogs": 112505000,
      "rd": null,
      "sga": 56752000,
      "fcf": 2445000,
      "ocf": 5706000,
      "capex": -3261000,
      "gross_margin": 0.3647338494288505,
      "op_margin": 0.06562995838485819,
      "fcf_margin": 0.013805837412972406,
      "incr_op_margin_yoy": -0.33803758945889906,
      "rev_growth_yoy": -0.07784951835459515,
      "rev_growth_yoy_accel": -0.05457655955560717,
      "op_leverage_ratio": Infinity,
      "fcf_margin_change": 0.09073771147662675
    },
    {
      "date": "2024-08-03T00:00:00",
      "quarter_label": "2024-08 (Q3)",
      "revenue": 168628000,
      "gross_profit": 59506000,
      "operating_income": 738000,
      "net_income": 95000,
      "opex": 167890000,
      "cogs": 109122000,
      "rd": null,
      "sga": 58181000,
      "fcf": 1592000,
      "ocf": 3130000,
      "capex": -1538000,
      "gross_margin": 0.35288326968237776,
      "op_margin": 0.004376497378845743,
      "fcf_margin": 0.00944089949474583,
      "incr_op_margin_yoy": 0.12090149547145966,
      "rev_growth_yoy": -0.07788550398915083,
      "rev_growth_yoy_accel": -3.598563455567416e-05,
      "fcf_margin_change": -0.004364937918226576
    },
    {
      "date": "2024-11-02T00:00:00",
      "quarter_label": "2024-11 (Q4)",
      "revenue": 146170000,
      "gross_profit": 43215000,
      "operating_income": -14752000,
      "net_income": -15074000,
      "opex": 160922000,
      "cogs": 102955000,
      "rd": null,
      "sga": 57876000,
      "fcf": -23812000,
      "ocf": -22102000,
      "capex": -1710000,
      "gross_margin": 0.2956489019634672,
      "op_margin": -0.10092358213039611,
      "fcf_margin": -0.16290620510364645,
      "incr_op_margin_yoy": 0.3643058083733245,
      "rev_growth_yoy": -0.07636993226165201,
      "rev_growth_yoy_accel": 0.0015155717274988184,
      "fcf_margin_change": -0.17234710459839228
    },
    {
      "date": "2025-02-01T00:00:00",
      "quarter_label": "2025-02 (Q1)",
      "revenue": 157909000,
      "gross_profit": 46051000,
      "operating_income": -23977000,
      "net_income": -14052000,
      "opex": 171631000,
      "cogs": 111858000,
      "rd": null,
      "sga": 58621000,
      "fcf": -7842000,
      "ocf": -6479000,
      "capex": -1363000,
      "gross_margin": 0.2916299894242887,
      "op_margin": -0.15184061706425853,
      "fcf_margin": -0.04966151390991014,
      "incr_op_margin_yoy": 0.6773110233900902,
      "rev_growth_yoy": -0.09705401356343134,
      "rev_growth_yoy_accel": -0.02068408130177933,
      "op_leverage_ratio": 1.2068112737537324,
      "fcf_margin_change": 0.11324469119373631
    },
    {
      "date": "2025-05-03T00:00:00",
      "quarter_label": "2025-05 (Q2)",
      "revenue": 170242000,
      "gross_profit": 60924000,
      "operating_income": 3443000,
      "net_income": 3309000,
      "opex": 166005000,
      "cogs": 109318000,
      "rd": null,
      "sga": 55325000,
      "fcf": 2849000,
      "ocf": 3868000,
      "capex": -1019000,
      "gross_margin": 0.3578670363365092,
      "op_margin": 0.020224151501979534,
      "fcf_margin": 0.01673500076361885,
      "incr_op_margin_yoy": 1.192941519614992,
      "rev_growth_yoy": -0.03871845690828294,
      "rev_growth_yoy_accel": 0.0583355566551484,
      "op_leverage_ratio": Infinity,
      "fcf_margin_change": 0.06639651467352899
    },
    {
      "date": "2025-08-02T00:00:00",
      "quarter_label": "2025-08 (Q3)",
      "revenue": 176509000,
      "gross_profit": 65042000,
      "operating_income": 5523000,
      "net_income": 6832000,
      "opex": 169970000,
      "cogs": 111467000,
      "rd": null,
      "sga": 57371000,
      "fcf": 10429000,
      "ocf": 11772000,
      "capex": -1343000,
      "gross_margin": 0.3684911250984369,
      "op_margin": 0.03129018916882425,
      "fcf_margin": 0.059084805873921446,
      "incr_op_margin_yoy": 0.6071564522268748,
      "rev_growth_yoy": 0.046736010626942145,
      "rev_growth_yoy_accel": 0.08545446753522509,
      "op_leverage_ratio": 1.5412424399400704,
      "fcf_margin_change": 0.0423498051103026
    },
    {
      "date": "2025-11-01T00:00:00",
      "quarter_label": "2025-11 (Q4)",
      "revenue": 155402000,
      "gross_profit": 50885000,
      "operating_income": -8159000,
      "net_income": -5189000,
      "opex": 161754000,
      "cogs": 104517000,
      "rd": null,
      "sga": 56974000,
      "fcf": -12925000,
      "ocf": -12395000,
      "capex": -530000,
      "gross_margin": 0.3274410882742822,
      "op_margin": -0.0525025417948289,
      "fcf_margin": -0.08317138775562734,
      "incr_op_margin_yoy": 0.7141464471403813,
      "rev_growth_yoy": 0.06315933502086611,
      "rev_growth_yoy_accel": 0.016423324393923966,
      "fcf_margin_change": -0.14225619362954878
    }
  ],
  "signals": [
    {
      "quarter": "2025-08 (Q3)",
      "signal": "OPERATING LEVERAGE",
      "detail": "Rev growth +3.7% vs OpEx growth +2.4% (leverage: 1.5x)",
      "severity": "MEDIUM"
    },
    {
      "quarter": "2025-08 (Q3)",
      "signal": "YoY REVENUE GROWTH ACCELERATION",
      "detail": "YoY growth: +4.7% vs prior quarter YoY: -3.9% (accel: +8.5%)",
      "severity": "MEDIUM"
    },
    {
      "quarter": "2025-08 (Q3)",
      "signal": "INCREMENTAL MARGIN (YoY)",
      "detail": "YoY Incr OPM: +60.7% vs year-ago OPM: +0.4%",
      "severity": "HIGH"
    },
    {
      "quarter": "2025-05 (Q2)",
      "signal": "FCF TURNED POSITIVE",
      "detail": "FCF margin: -5.0% -> +1.7%",
      "severity": "HIGH"
    },
    {
      "quarter": "2025-05 (Q2)",
      "signal": "GROSS MARGIN INFLECTION",
      "detail": "GM: +29.6% -> +29.2% -> +35.8% (reversal +6.6%)",
      "severity": "HIGH"
    },
    {
      "quarter": "2025-05 (Q2)",
      "signal": "YoY REVENUE GROWTH ACCELERATION",
      "detail": "YoY growth: -3.9% vs prior quarter YoY: -9.7% (accel: +5.8%)",
      "severity": "MEDIUM"
    },
    {
      "quarter": "2025-05 (Q2)",
      "signal": "INCREMENTAL MARGIN (YoY)",
      "detail": "YoY Incr OPM: +119.3% vs year-ago OPM: +6.6%",
      "severity": "HIGH"
    },
    {
      "quarter": "2025-05 (Q2)",
      "signal": "OP MARGIN TURNED POSITIVE (QoQ)",
      "detail": "Op margin: -15.2% -> +2.0%",
      "severity": "HIGH"
    },
    {
      "quarter": "2025-02 (Q1)",
      "signal": "FCF MARGIN EXPANSION",
      "detail": "FCF margin: -16.3% -> -5.0% (+11.3%)",
      "severity": "MEDIUM"
    },
    {
      "quarter": "2024-08 (Q3)",
      "signal": "INCREMENTAL MARGIN (YoY)",
      "detail": "YoY Incr OPM: +12.1% vs year-ago OPM: +1.3%",
      "severity": "MEDIUM"
    },
    {
      "quarter": "2024-05 (Q2)",
      "signal": "FCF TURNED POSITIVE",
      "detail": "FCF margin: -7.7% -> +1.4%",
      "severity": "HIGH"
    },
    {
      "quarter": "2024-05 (Q2)",
      "signal": "GROSS MARGIN INFLECTION",
      "detail": "GM: +33.1% -> +32.1% -> +36.5% (reversal +4.4%)",
      "severity": "MEDIUM"
    },
    {
      "quarter": "2024-05 (Q2)",
      "signal": "YoY REVENUE GROWTH DECELERATION",
      "detail": "YoY growth: -7.8% vs prior quarter YoY: -2.3% (decel: -5.5%)",
      "severity": "WARNING"
    },
    {
      "quarter": "2024-05 (Q2)",
      "signal": "OP MARGIN TURNED POSITIVE (QoQ)",
      "detail": "Op margin: -7.1% -> +6.6%",
      "severity": "HIGH"
    },
    {
      "quarter": "2024-02 (Q1)",
      "signal": "YoY REVENUE GROWTH ACCELERATION",
      "detail": "YoY growth: -2.3% vs prior quarter YoY: -10.4% (accel: +8.1%)",
      "severity": "MEDIUM"
    },
    {
      "quarter": "2023-04 (Q2)",
      "signal": "FCF TURNED POSITIVE",
      "detail": "FCF margin: -6.1% -> +1.9%",
      "severity": "HIGH"
    },
    {
      "quarter": "2023-04 (Q2)",
      "signal": "OPERATING LEVERAGE",
      "detail": "Rev growth +7.3% vs OpEx growth +1.2% (leverage: 6.1x)",
      "severity": "MEDIUM"
    },
    {
      "quarter": "2023-04 (Q2)",
      "signal": "YoY REVENUE GROWTH DECELERATION",
      "detail": "YoY growth: -7.1% vs prior quarter YoY: +1.6% (decel: -8.7%)",
      "severity": "WARNING"
    },
    {
      "quarter": "2023-04 (Q2)",
      "signal": "INCREMENTAL MARGIN (YoY)",
      "detail": "YoY Incr OPM: +35.0% vs year-ago OPM: +5.7%",
      "severity": "HIGH"
    },
    {
      "quarter": "2023-04 (Q2)",
      "signal": "OP MARGIN TURNED POSITIVE (QoQ)",
      "detail": "Op margin: -2.4% -> +3.4%",
      "severity": "HIGH"
    },
    {
      "quarter": "2022-10 (Q4)",
      "signal": "YoY REVENUE GROWTH ACCELERATION",
      "detail": "YoY growth: +2.6% vs prior quarter YoY: -5.2% (accel: +7.8%)",
      "severity": "MEDIUM"
    },
    {
      "quarter": "2022-07 (Q3)",
      "signal": "FCF TURNED POSITIVE",
      "detail": "FCF margin: -2.5% -> +6.0%",
      "severity": "HIGH"
    },
    {
      "quarter": "2022-07 (Q3)",
      "signal": "INCREMENTAL MARGIN (YoY)",
      "detail": "YoY Incr OPM: +139.1% vs year-ago OPM: +8.9%",
      "severity": "HIGH"
    },
    {
      "quarter": "2022-04 (Q2)",
      "signal": "FCF MARGIN EXPANSION",
      "detail": "FCF margin: -12.4% -> -2.5% (+9.9%)",
      "severity": "MEDIUM"
    },
    {
      "quarter": "2022-04 (Q2)",
      "signal": "OPERATING LEVERAGE",
      "detail": "Rev growth +17.3% vs OpEx growth +6.9% (leverage: 2.5x)",
      "severity": "MEDIUM"
    },
    {
      "quarter": "2022-04 (Q2)",
      "signal": "YoY REVENUE GROWTH DECELERATION",
      "detail": "YoY growth: -3.0% vs prior quarter YoY: +13.4% (decel: -16.4%)",
      "severity": "WARNING"
    },
    {
      "quarter": "2022-04 (Q2)",
      "signal": "INCREMENTAL MARGIN (YoY)",
      "detail": "YoY Incr OPM: +190.1% vs year-ago OPM: +11.2%",
      "severity": "HIGH"
    },
    {
      "quarter": "2022-04 (Q2)",
      "signal": "OP MARGIN TURNED POSITIVE (QoQ)",
      "detail": "Op margin: -3.6% -> +5.7%",
      "severity": "HIGH"
    },
    {
      "quarter": "2021-05 (Q2)",
      "signal": "FCF TURNED POSITIVE",
      "detail": "FCF margin: -4.7% -> +20.6%",
      "severity": "HIGH"
    },
    {
      "quarter": "2021-05 (Q2)",
      "signal": "OPERATING LEVERAGE",
      "detail": "Rev growth +37.1% vs OpEx growth +13.8% (leverage: 2.7x)",
      "severity": "MEDIUM"
    },
    {
      "quarter": "2021-05 (Q2)",
      "signal": "OP MARGIN TURNED POSITIVE (QoQ)",
      "detail": "Op margin: -7.0% -> +11.2%",
      "severity": "HIGH"
    }
  ],
  "data_quality": {
    "n_quarters": 20,
    "coverage": {
      "revenue": [
        20,
        20
      ],
      "gross_profit": [
        20,
        20
      ],
      "op_income": [
        20,
        20
      ],
      "fcf": [
        20,
        20
      ]
    },
    "gaps": [],
    "warnings": []
  },
  "market_cap": null,
  "source": "SEC EDGAR",
  "last_updated": "2026-02-02T23:32:16.714013"
}