{
  "ticker": "CBAT",
  "name": "CBAK ENERGY TECHNOLOGY, INC.",
  "quarters": [
    {
      "date": "2020-12-31T00:00:00",
      "quarter_label": "2020-12 (Q4)",
      "revenue": 15419975,
      "gross_profit": 1045562,
      "operating_income": -5987799,
      "net_income": -4336205,
      "opex": 7033361,
      "cogs": 14374413,
      "rd": 548579,
      "sga": null,
      "fcf": -13673632,
      "ocf": -9997006,
      "capex": -3676626,
      "gross_margin": 0.06780568710390257,
      "op_margin": -0.3883144427925467,
      "fcf_margin": -0.8867480005642032
    },
    {
      "date": "2021-03-31T00:00:00",
      "quarter_label": "2021-03 (Q1)",
      "revenue": 9416049,
      "gross_profit": 1839429,
      "operating_income": -27882,
      "net_income": 29608168,
      "opex": 1867311,
      "cogs": 7576620,
      "rd": 483749,
      "sga": null,
      "fcf": -4917272,
      "ocf": 763859,
      "capex": -5681131,
      "gross_margin": 0.19535040652401023,
      "op_margin": -0.0029611145821352458,
      "fcf_margin": -0.5222224310854797,
      "fcf_margin_change": 0.3645255694787235
    },
    {
      "date": "2021-06-30T00:00:00",
      "quarter_label": "2021-06 (Q2)",
      "revenue": 5889154,
      "gross_profit": 1097651,
      "operating_income": -2723511,
      "net_income": 2720223,
      "opex": 3821162,
      "cogs": 4791503,
      "rd": 1045312,
      "sga": null,
      "fcf": -10707834,
      "ocf": -3188138,
      "capex": -7519696,
      "gross_margin": 0.18638517518815095,
      "op_margin": -0.46246218047617704,
      "fcf_margin": -1.818229579324976,
      "fcf_margin_change": -1.2960071482394964
    },
    {
      "date": "2021-09-30T00:00:00",
      "quarter_label": "2021-09 (Q3)",
      "revenue": 9562190,
      "gross_profit": 1131382,
      "operating_income": -3174046,
      "net_income": 20023221,
      "opex": 4305428,
      "cogs": 8430808,
      "rd": 1815756,
      "sga": null,
      "fcf": -9163306,
      "ocf": -4815232,
      "capex": -4348074,
      "gross_margin": 0.11831829319434146,
      "op_margin": -0.3319371399229674,
      "fcf_margin": -0.9582852882028071,
      "op_leverage_ratio": 4.921344252662546,
      "fcf_margin_change": 0.859944291122169
    },
    {
      "date": "2021-12-31T00:00:00",
      "quarter_label": "2021-12 (Q4)",
      "revenue": 27802340,
      "gross_profit": 1042028,
      "operating_income": -5787067,
      "net_income": 9207532,
      "opex": 6829095,
      "cogs": 26760312,
      "rd": 1929499,
      "sga": null,
      "fcf": 1306802,
      "ocf": 2969455,
      "capex": -1662653,
      "gross_margin": 0.03747986680257849,
      "op_margin": -0.20815035712821295,
      "fcf_margin": 0.04700330979334833,
      "incr_op_margin_yoy": 0.016211119604372833,
      "rev_growth_yoy": 0.8030081112323464,
      "op_leverage_ratio": 3.2542830089606443,
      "fcf_margin_change": 1.0052885979961554
    },
    {
      "date": "2022-03-31T00:00:00",
      "quarter_label": "2022-03 (Q1)",
      "revenue": 80196298,
      "gross_profit": 5316354,
      "operating_income": -1335261,
      "net_income": 680503,
      "opex": 6651615,
      "cogs": 74879944,
      "rd": 3313124,
      "sga": null,
      "fcf": 2333281,
      "ocf": 5051103,
      "capex": -2717822,
      "gross_margin": 0.06629176324323599,
      "op_margin": -0.016649908203992158,
      "fcf_margin": 0.02909462229790208,
      "incr_op_margin_yoy": -0.018470957908045788,
      "rev_growth_yoy": 7.516979680118487,
      "rev_growth_yoy_accel": 6.713971568886141,
      "op_leverage_ratio": Infinity,
      "fcf_margin_change": -0.017908687495446253
    },
    {
      "date": "2022-06-30T00:00:00",
      "quarter_label": "2022-06 (Q2)",
      "revenue": 56349660,
      "gross_profit": 5535308,
      "operating_income": 144489,
      "net_income": 805190,
      "opex": 5390819,
      "cogs": 50814352,
      "rd": 2299466,
      "sga": null,
      "fcf": 8667813,
      "ocf": 12287680,
      "capex": -3619867,
      "gross_margin": 0.09823143564663922,
      "op_margin": 0.0025641503426994945,
      "fcf_margin": 0.1538219219068935,
      "incr_op_margin_yoy": 0.05683652874983061,
      "rev_growth_yoy": 8.568379431069387,
      "rev_growth_yoy_accel": 1.0513997509508997,
      "fcf_margin_change": 0.12472729960899143
    },
    {
      "date": "2022-09-30T00:00:00",
      "quarter_label": "2022-09 (Q3)",
      "revenue": 57721692,
      "gross_profit": 3460448,
      "operating_income": -1482733,
      "net_income": -290,
      "opex": 4943181,
      "cogs": 54261244,
      "rd": 2385591,
      "sga": null,
      "fcf": -4067171,
      "ocf": -643771,
      "capex": -3423400,
      "gross_margin": 0.05995056416572127,
      "op_margin": -0.025687621908242052,
      "fcf_margin": -0.07046174252826823,
      "incr_op_margin_yoy": 0.03511898856429205,
      "rev_growth_yoy": 5.036451064034495,
      "rev_growth_yoy_accel": -3.531928367034892,
      "op_leverage_ratio": Infinity,
      "fcf_margin_change": -0.22428366443516173
    },
    {
      "date": "2022-12-31T00:00:00",
      "quarter_label": "2022-12 (Q4)",
      "revenue": 54457835,
      "gross_profit": 3783214,
      "operating_income": -8831098,
      "net_income": -10697799,
      "opex": 12614312,
      "cogs": 50674621,
      "rd": 2637305,
      "sga": null,
      "fcf": -4192221,
      "ocf": -1580198,
      "capex": -2612023,
      "gross_margin": 0.06947051787864868,
      "op_margin": -0.16216395675663567,
      "fcf_margin": -0.07698104414176583,
      "incr_op_margin_yoy": -0.11419900474555059,
      "rev_growth_yoy": 0.9587500548514981,
      "rev_growth_yoy_accel": -4.077701009182997,
      "fcf_margin_change": -0.006519301613497605
    },
    {
      "date": "2023-03-31T00:00:00",
      "quarter_label": "2023-03 (Q1)",
      "revenue": 42396701,
      "gross_profit": 2905744,
      "operating_income": -2880890,
      "net_income": -1380355,
      "opex": 5786634,
      "cogs": 39490957,
      "rd": 2455328,
      "sga": null,
      "fcf": 2303630,
      "ocf": 9520520,
      "capex": -7216890,
      "gross_margin": 0.06853703074680269,
      "op_margin": -0.06795080588935445,
      "fcf_margin": 0.054335123857868095,
      "incr_op_margin_yoy": 0.04089009202928804,
      "rev_growth_yoy": -0.4713384276166962,
      "rev_growth_yoy_accel": -1.4300884824681943,
      "fcf_margin_change": 0.13131616799963391
    },
    {
      "date": "2023-06-30T00:00:00",
      "quarter_label": "2023-06 (Q2)",
      "revenue": 42420870,
      "gross_profit": 3884642,
      "operating_income": -3773050,
      "net_income": -2634990,
      "opex": 7657692,
      "cogs": 38536228,
      "rd": 2980718,
      "sga": null,
      "fcf": -6046981,
      "ocf": 6306400,
      "capex": -12353381,
      "gross_margin": 0.0915738408948237,
      "op_margin": -0.08894324892440914,
      "fcf_margin": -0.14254731220741113,
      "incr_op_margin_yoy": 0.2812547967196002,
      "rev_growth_yoy": -0.2471849874515658,
      "rev_growth_yoy_accel": 0.2241534401651304,
      "fcf_margin_change": -0.19688243606527922
    },
    {
      "date": "2023-09-30T00:00:00",
      "quarter_label": "2023-09 (Q3)",
      "revenue": 63441109,
      "gross_profit": 12248578,
      "operating_income": 5289094,
      "net_income": 6334792,
      "opex": 6959484,
      "cogs": 51192531,
      "rd": 2577714,
      "sga": null,
      "fcf": -449524,
      "ocf": 4918037,
      "capex": -5367561,
      "gross_margin": 0.19307004863360758,
      "op_margin": 0.08337013780764772,
      "fcf_margin": -0.007085689501424069,
      "incr_op_margin_yoy": 1.184006516748123,
      "rev_growth_yoy": 0.09908609401124277,
      "rev_growth_yoy_accel": 0.3462710814628086,
      "op_leverage_ratio": Infinity,
      "fcf_margin_change": 0.13546162270598705
    },
    {
      "date": "2023-12-31T00:00:00",
      "quarter_label": "2023-12 (Q4)",
      "revenue": 56179685,
      "gross_profit": 12685359,
      "operating_income": -5886966,
      "net_income": -4768504,
      "opex": 18572325,
      "cogs": 43494326,
      "rd": 3914310,
      "sga": null,
      "fcf": 19559234,
      "ocf": 25761952,
      "capex": -6202718,
      "gross_margin": 0.22579975306020317,
      "op_margin": -0.10478816319457826,
      "fcf_margin": 0.34815492468496395,
      "incr_op_margin_yoy": 1.7098655515869559,
      "rev_growth_yoy": 0.03161803990188005,
      "rev_growth_yoy_accel": -0.06746805410936271,
      "fcf_margin_change": 0.355240614186388
    },
    {
      "date": "2024-03-31T00:00:00",
      "quarter_label": "2024-03 (Q1)",
      "revenue": 58822432,
      "gross_profit": 18781047,
      "operating_income": 10262983,
      "net_income": 9836450,
      "opex": 8518064,
      "cogs": 40041385,
      "rd": 2815518,
      "sga": null,
      "fcf": -454011,
      "ocf": 7447169,
      "capex": -7901180,
      "gross_margin": 0.3192837555577437,
      "op_margin": 0.17447396598630943,
      "fcf_margin": -0.007718330993183009,
      "incr_op_margin_yoy": 0.8002001859156223,
      "rev_growth_yoy": 0.3874294606082676,
      "rev_growth_yoy_accel": 0.35581142070638755,
      "op_leverage_ratio": Infinity,
      "fcf_margin_change": -0.355873255678147
    },
    {
      "date": "2024-06-30T00:00:00",
      "quarter_label": "2024-06 (Q2)",
      "revenue": 47793045,
      "gross_profit": 12728026,
      "operating_income": 5947480,
      "net_income": 6445462,
      "opex": 6780546,
      "cogs": 35065019,
      "rd": 2955509,
      "sga": null,
      "fcf": 2503492,
      "ocf": 2941880,
      "capex": -438388,
      "gross_margin": 0.2663154440149189,
      "op_margin": 0.12444237440824288,
      "fcf_margin": 0.05238193130402133,
      "incr_op_margin_yoy": 1.8094216960542053,
      "rev_growth_yoy": 0.1266399062536907,
      "rev_growth_yoy_accel": -0.2607895543545769,
      "fcf_margin_change": 0.06010026229720434
    },
    {
      "date": "2024-09-30T00:00:00",
      "quarter_label": "2024-09 (Q3)",
      "revenue": 44628241,
      "gross_profit": 6954557,
      "operating_income": -827873,
      "net_income": 17647,
      "opex": 7782430,
      "cogs": 37673684,
      "rd": 3434351,
      "sga": null,
      "fcf": 16547069,
      "ocf": 19689171,
      "capex": -3142102,
      "gross_margin": 0.15583309680522697,
      "op_margin": -0.01855042864001743,
      "fcf_margin": 0.370775738169918,
      "incr_op_margin_yoy": 0.32514803165577943,
      "rev_growth_yoy": -0.2965406547354019,
      "rev_growth_yoy_accel": -0.4231805609890926,
      "fcf_margin_change": 0.3183938068658967
    },
    {
      "date": "2024-12-31T00:00:00",
      "quarter_label": "2024-12 (Q4)",
      "revenue": 25370891,
      "gross_profit": 3311615,
      "operating_income": -6594441,
      "net_income": -4509527,
      "opex": 9906056,
      "cogs": 22059276,
      "rd": 3804704,
      "sga": null,
      "fcf": 3921038,
      "ocf": 9626240,
      "capex": -5705202,
      "gross_margin": 0.13052813162927546,
      "op_margin": -0.25992153763933634,
      "fcf_margin": 0.15454869125408327,
      "incr_op_margin_yoy": 0.022963411031278927,
      "rev_growth_yoy": -0.5483974144746451,
      "rev_growth_yoy_accel": -0.25185675973924315,
      "fcf_margin_change": -0.21622704691583472
    },
    {
      "date": "2025-03-31T00:00:00",
      "quarter_label": "2025-03 (Q1)",
      "revenue": 34938901,
      "gross_profit": 4801734,
      "operating_income": -2864019,
      "net_income": -1579234,
      "opex": 7665753,
      "cogs": 30137167,
      "rd": 3023961,
      "sga": null,
      "fcf": -22310504,
      "ocf": -9621121,
      "capex": -12689383,
      "gross_margin": 0.13743231362657915,
      "op_margin": -0.08197221200518012,
      "fcf_margin": -0.6385576924700637,
      "incr_op_margin_yoy": 0.5496256813952677,
      "rev_growth_yoy": -0.4060276018509401,
      "rev_growth_yoy_accel": 0.14236981262370496,
      "op_leverage_ratio": Infinity,
      "fcf_margin_change": -0.793106383724147
    },
    {
      "date": "2025-06-30T00:00:00",
      "quarter_label": "2025-06 (Q2)",
      "revenue": 40524333,
      "gross_profit": 4462409,
      "operating_income": -3528576,
      "net_income": -3072964,
      "opex": 7990985,
      "cogs": 36061924,
      "rd": 3613478,
      "sga": null,
      "fcf": 4138839,
      "ocf": 13768485,
      "capex": -9629646,
      "gross_margin": 0.11011677847973464,
      "op_margin": -0.08707301857380355,
      "fcf_margin": 0.10213219302091905,
      "incr_op_margin_yoy": 1.3036774603258459,
      "rev_growth_yoy": -0.1520872336131753,
      "rev_growth_yoy_accel": 0.2539403682377648,
      "op_leverage_ratio": 3.767984264796971,
      "fcf_margin_change": 0.7406898854909827
    },
    {
      "date": "2025-09-30T00:00:00",
      "quarter_label": "2025-09 (Q3)",
      "revenue": 60923560,
      "gross_profit": 4875723,
      "operating_income": -4033673,
      "net_income": 2650503,
      "opex": 8909396,
      "cogs": 56047837,
      "rd": 3861633,
      "sga": null,
      "fcf": 6003124,
      "ocf": 14599484,
      "capex": -8596360,
      "gross_margin": 0.08003017223550297,
      "op_margin": -0.06620875405179869,
      "fcf_margin": 0.09853534494701228,
      "incr_op_margin_yoy": -0.19673134352263985,
      "rev_growth_yoy": 0.36513469128214127,
      "rev_growth_yoy_accel": 0.5172219248953166,
      "op_leverage_ratio": 4.379868525288848,
      "fcf_margin_change": -0.0035968480739067693
    }
  ],
  "signals": [
    {
      "quarter": "2025-09 (Q3)",
      "signal": "OPERATING LEVERAGE",
      "detail": "Rev growth +50.3% vs OpEx growth +11.5% (leverage: 4.4x)",
      "severity": "MEDIUM"
    },
    {
      "quarter": "2025-09 (Q3)",
      "signal": "YoY REVENUE GROWTH ACCELERATION",
      "detail": "YoY growth: +36.5% vs prior quarter YoY: -15.2% (accel: +51.7%)",
      "severity": "HIGH"
    },
    {
      "quarter": "2025-06 (Q2)",
      "signal": "FCF TURNED POSITIVE",
      "detail": "FCF margin: -63.9% -> +10.2%",
      "severity": "HIGH"
    },
    {
      "quarter": "2025-06 (Q2)",
      "signal": "OPERATING LEVERAGE",
      "detail": "Rev growth +16.0% vs OpEx growth +4.2% (leverage: 3.8x)",
      "severity": "MEDIUM"
    },
    {
      "quarter": "2025-06 (Q2)",
      "signal": "YoY REVENUE GROWTH ACCELERATION",
      "detail": "YoY growth: -15.2% vs prior quarter YoY: -40.6% (accel: +25.4%)",
      "severity": "HIGH"
    },
    {
      "quarter": "2025-03 (Q1)",
      "signal": "YoY REVENUE GROWTH ACCELERATION",
      "detail": "YoY growth: -40.6% vs prior quarter YoY: -54.8% (accel: +14.2%)",
      "severity": "MEDIUM"
    },
    {
      "quarter": "2024-12 (Q4)",
      "signal": "YoY REVENUE GROWTH DECELERATION",
      "detail": "YoY growth: -54.8% vs prior quarter YoY: -29.7% (decel: -25.2%)",
      "severity": "WARNING"
    },
    {
      "quarter": "2024-09 (Q3)",
      "signal": "FCF MARGIN EXPANSION",
      "detail": "FCF margin: +5.2% -> +37.1% (+31.8%)",
      "severity": "MEDIUM"
    },
    {
      "quarter": "2024-09 (Q3)",
      "signal": "YoY REVENUE GROWTH DECELERATION",
      "detail": "YoY growth: -29.7% vs prior quarter YoY: +12.7% (decel: -42.3%)",
      "severity": "WARNING"
    },
    {
      "quarter": "2024-06 (Q2)",
      "signal": "FCF TURNED POSITIVE",
      "detail": "FCF margin: -0.8% -> +5.2%",
      "severity": "HIGH"
    },
    {
      "quarter": "2024-06 (Q2)",
      "signal": "YoY REVENUE GROWTH DECELERATION",
      "detail": "YoY growth: +12.7% vs prior quarter YoY: +38.7% (decel: -26.1%)",
      "severity": "WARNING"
    },
    {
      "quarter": "2024-06 (Q2)",
      "signal": "OP MARGIN TURNED POSITIVE (YoY)",
      "detail": "Op margin: -8.9% (year-ago) -> +12.4%",
      "severity": "HIGH"
    },
    {
      "quarter": "2024-03 (Q1)",
      "signal": "YoY REVENUE GROWTH ACCELERATION",
      "detail": "YoY growth: +38.7% vs prior quarter YoY: +3.2% (accel: +35.6%)",
      "severity": "HIGH"
    },
    {
      "quarter": "2024-03 (Q1)",
      "signal": "OP MARGIN TURNED POSITIVE (YoY)",
      "detail": "Op margin: -6.8% (year-ago) -> +17.4%",
      "severity": "HIGH"
    },
    {
      "quarter": "2024-03 (Q1)",
      "signal": "OP MARGIN TURNED POSITIVE (QoQ)",
      "detail": "Op margin: -10.5% -> +17.4%",
      "severity": "HIGH"
    },
    {
      "quarter": "2023-12 (Q4)",
      "signal": "FCF TURNED POSITIVE",
      "detail": "FCF margin: -0.7% -> +34.8%",
      "severity": "HIGH"
    },
    {
      "quarter": "2023-12 (Q4)",
      "signal": "YoY REVENUE GROWTH DECELERATION",
      "detail": "YoY growth: +3.2% vs prior quarter YoY: +9.9% (decel: -6.7%)",
      "severity": "WARNING"
    },
    {
      "quarter": "2023-09 (Q3)",
      "signal": "FCF MARGIN EXPANSION",
      "detail": "FCF margin: -14.3% -> -0.7% (+13.5%)",
      "severity": "MEDIUM"
    },
    {
      "quarter": "2023-09 (Q3)",
      "signal": "YoY REVENUE GROWTH ACCELERATION",
      "detail": "YoY growth: +9.9% vs prior quarter YoY: -24.7% (accel: +34.6%)",
      "severity": "HIGH"
    },
    {
      "quarter": "2023-09 (Q3)",
      "signal": "OP MARGIN TURNED POSITIVE (YoY)",
      "detail": "Op margin: -2.6% (year-ago) -> +8.3%",
      "severity": "HIGH"
    },
    {
      "quarter": "2023-09 (Q3)",
      "signal": "OP MARGIN TURNED POSITIVE (QoQ)",
      "detail": "Op margin: -8.9% -> +8.3%",
      "severity": "HIGH"
    },
    {
      "quarter": "2023-06 (Q2)",
      "signal": "GROSS MARGIN INFLECTION",
      "detail": "GM: +6.9% -> +6.9% -> +9.2% (reversal +2.3%)",
      "severity": "MEDIUM"
    },
    {
      "quarter": "2023-06 (Q2)",
      "signal": "YoY REVENUE GROWTH ACCELERATION",
      "detail": "YoY growth: -24.7% vs prior quarter YoY: -47.1% (accel: +22.4%)",
      "severity": "HIGH"
    },
    {
      "quarter": "2023-03 (Q1)",
      "signal": "FCF TURNED POSITIVE",
      "detail": "FCF margin: -7.7% -> +5.4%",
      "severity": "HIGH"
    },
    {
      "quarter": "2023-03 (Q1)",
      "signal": "YoY REVENUE GROWTH DECELERATION",
      "detail": "YoY growth: -47.1% vs prior quarter YoY: +95.9% (decel: -143.0%)",
      "severity": "WARNING"
    },
    {
      "quarter": "2022-12 (Q4)",
      "signal": "YoY REVENUE GROWTH DECELERATION",
      "detail": "YoY growth: +95.9% vs prior quarter YoY: +503.6% (decel: -407.8%)",
      "severity": "WARNING"
    },
    {
      "quarter": "2022-09 (Q3)",
      "signal": "YoY REVENUE GROWTH DECELERATION",
      "detail": "YoY growth: +503.6% vs prior quarter YoY: +856.8% (decel: -353.2%)",
      "severity": "WARNING"
    },
    {
      "quarter": "2022-06 (Q2)",
      "signal": "FCF MARGIN EXPANSION",
      "detail": "FCF margin: +2.9% -> +15.4% (+12.5%)",
      "severity": "MEDIUM"
    },
    {
      "quarter": "2022-06 (Q2)",
      "signal": "YoY REVENUE GROWTH ACCELERATION",
      "detail": "YoY growth: +856.8% vs prior quarter YoY: +751.7% (accel: +105.1%)",
      "severity": "HIGH"
    },
    {
      "quarter": "2022-06 (Q2)",
      "signal": "OP MARGIN TURNED POSITIVE (YoY)",
      "detail": "Op margin: -46.2% (year-ago) -> +0.3%",
      "severity": "HIGH"
    },
    {
      "quarter": "2022-06 (Q2)",
      "signal": "OP MARGIN TURNED POSITIVE (QoQ)",
      "detail": "Op margin: -1.7% -> +0.3%",
      "severity": "HIGH"
    },
    {
      "quarter": "2022-03 (Q1)",
      "signal": "GROSS MARGIN INFLECTION",
      "detail": "GM: +11.8% -> +3.7% -> +6.6% (reversal +2.9%)",
      "severity": "MEDIUM"
    },
    {
      "quarter": "2022-03 (Q1)",
      "signal": "YoY REVENUE GROWTH ACCELERATION",
      "detail": "YoY growth: +751.7% vs prior quarter YoY: +80.3% (accel: +671.4%)",
      "severity": "HIGH"
    },
    {
      "quarter": "2021-12 (Q4)",
      "signal": "FCF TURNED POSITIVE",
      "detail": "FCF margin: -95.8% -> +4.7%",
      "severity": "HIGH"
    },
    {
      "quarter": "2021-12 (Q4)",
      "signal": "OPERATING LEVERAGE",
      "detail": "Rev growth +190.8% vs OpEx growth +58.6% (leverage: 3.3x)",
      "severity": "MEDIUM"
    },
    {
      "quarter": "2021-09 (Q3)",
      "signal": "FCF MARGIN EXPANSION",
      "detail": "FCF margin: -181.8% -> -95.8% (+86.0%)",
      "severity": "MEDIUM"
    },
    {
      "quarter": "2021-09 (Q3)",
      "signal": "OPERATING LEVERAGE",
      "detail": "Rev growth +62.4% vs OpEx growth +12.7% (leverage: 4.9x)",
      "severity": "MEDIUM"
    },
    {
      "quarter": "2021-03 (Q1)",
      "signal": "FCF MARGIN EXPANSION",
      "detail": "FCF margin: -88.7% -> -52.2% (+36.5%)",
      "severity": "MEDIUM"
    }
  ],
  "data_quality": {
    "n_quarters": 20,
    "coverage": {
      "revenue": [
        20,
        20
      ],
      "gross_profit": [
        20,
        20
      ],
      "op_income": [
        20,
        20
      ],
      "fcf": [
        20,
        20
      ]
    },
    "gaps": [],
    "warnings": []
  },
  "market_cap": null,
  "source": "SEC EDGAR",
  "last_updated": "2026-02-02T23:30:37.574430"
}