{
  "ticker": "CBOE",
  "name": "Cboe Global Markets, Inc.",
  "quarters": [
    {
      "date": "2020-12-31T00:00:00",
      "quarter_label": "2020-12 (Q4)",
      "revenue": 844200000,
      "gross_profit": 307100000,
      "operating_income": 134800000,
      "net_income": 87300000,
      "opex": 172300000,
      "cogs": 537100000,
      "rd": null,
      "sga": null,
      "fcf": 259200000,
      "ocf": 269400000,
      "capex": -10200000,
      "gross_margin": 0.3637763563136697,
      "op_margin": 0.15967780146884625,
      "fcf_margin": 0.3070362473347548
    },
    {
      "date": "2021-03-31T00:00:00",
      "quarter_label": "2021-03 (Q1)",
      "revenue": 1010800000,
      "gross_profit": 365500000,
      "operating_income": 204600000,
      "net_income": 137200000,
      "opex": 160900000,
      "cogs": 645300000,
      "rd": null,
      "sga": null,
      "fcf": 589200000,
      "ocf": 599100000,
      "capex": -9900000,
      "gross_margin": 0.361594776414721,
      "op_margin": 0.20241392956074397,
      "fcf_margin": 0.5829046299960428,
      "op_leverage_ratio": Infinity,
      "fcf_margin_change": 0.27586838266128794
    },
    {
      "date": "2021-06-30T00:00:00",
      "quarter_label": "2021-06 (Q2)",
      "revenue": 800800000,
      "gross_profit": 350600000,
      "operating_income": 190000000,
      "net_income": 105500000,
      "opex": 160600000,
      "cogs": 450200000,
      "rd": null,
      "sga": null,
      "fcf": 111300000,
      "ocf": 122700000,
      "capex": -11400000,
      "gross_margin": 0.43781218781218784,
      "op_margin": 0.23726273726273725,
      "fcf_margin": 0.13898601398601398,
      "fcf_margin_change": -0.4439186160100288
    },
    {
      "date": "2021-09-30T00:00:00",
      "quarter_label": "2021-09 (Q3)",
      "revenue": 816800000,
      "gross_profit": 369500000,
      "operating_income": 190700000,
      "net_income": 120400000,
      "opex": 178800000,
      "cogs": 447300000,
      "rd": null,
      "sga": null,
      "fcf": 547600000,
      "ocf": 563600000,
      "capex": -16000000,
      "gross_margin": 0.4523751224289912,
      "op_margin": 0.23347208619000978,
      "fcf_margin": 0.6704211557296768,
      "op_leverage_ratio": 0.17630720927424226,
      "fcf_margin_change": 0.5314351417436628
    },
    {
      "date": "2021-12-31T00:00:00",
      "quarter_label": "2021-12 (Q4)",
      "revenue": 866400000,
      "gross_profit": 390500000,
      "operating_income": 220600000,
      "net_income": null,
      "opex": 169900000,
      "cogs": 475900000,
      "rd": null,
      "sga": null,
      "fcf": -702300000,
      "ocf": -688600000,
      "capex": -13700000,
      "gross_margin": 0.4507156048014774,
      "op_margin": 0.2546168051708218,
      "fcf_margin": -0.810595567867036,
      "incr_op_margin_yoy": 3.864864864864865,
      "rev_growth_yoy": 0.026297085998578537,
      "op_leverage_ratio": Infinity,
      "fcf_margin_change": -1.4810167235967127
    },
    {
      "date": "2022-03-31T00:00:00",
      "quarter_label": "2022-03 (Q1)",
      "revenue": 974500000,
      "gross_profit": 418100000,
      "operating_income": 239700000,
      "net_income": 109600000,
      "opex": 178400000,
      "cogs": 556400000,
      "rd": null,
      "sga": null,
      "fcf": 1249000000,
      "ocf": 1259800000,
      "capex": -10800000,
      "gross_margin": 0.4290405336069779,
      "op_margin": 0.24597229348383787,
      "fcf_margin": 1.2816829143150335,
      "incr_op_margin_yoy": -0.9669421487603306,
      "rev_growth_yoy": -0.03591214879303522,
      "rev_growth_yoy_accel": -0.062209234791613756,
      "op_leverage_ratio": 2.493915322361632,
      "fcf_margin_change": 2.0922784821820697
    },
    {
      "date": "2022-06-30T00:00:00",
      "quarter_label": "2022-06 (Q2)",
      "revenue": 985800000,
      "gross_profit": 424100000,
      "operating_income": -237400000,
      "net_income": -184500000,
      "opex": 661500000,
      "cogs": 561700000,
      "rd": null,
      "sga": null,
      "fcf": -645800000,
      "ocf": -634400000,
      "capex": -11400000,
      "gross_margin": 0.43020896733617364,
      "op_margin": -0.24081963887198216,
      "fcf_margin": -0.6551024548589978,
      "incr_op_margin_yoy": -2.31027027027027,
      "rev_growth_yoy": 0.23101898101898102,
      "rev_growth_yoy_accel": 0.2669311298120162,
      "op_leverage_ratio": 0.004282076409421409,
      "fcf_margin_change": -1.9367853691740313
    },
    {
      "date": "2022-09-30T00:00:00",
      "quarter_label": "2022-09 (Q3)",
      "revenue": 993500000,
      "gross_profit": 442400000,
      "operating_income": 236800000,
      "net_income": 150200000,
      "opex": 205600000,
      "cogs": 551100000,
      "rd": null,
      "sga": null,
      "fcf": 159100000,
      "ocf": 169300000,
      "capex": -10200000,
      "gross_margin": 0.4452944136889784,
      "op_margin": 0.23834927025666836,
      "fcf_margin": 0.16014091595369903,
      "incr_op_margin_yoy": 0.26089417091114886,
      "rev_growth_yoy": 0.21633202742409402,
      "rev_growth_yoy_accel": -0.014686953594887003,
      "fcf_margin_change": 0.8152433708126968
    },
    {
      "date": "2022-12-31T00:00:00",
      "quarter_label": "2022-12 (Q4)",
      "revenue": 1004700000,
      "gross_profit": 457100000,
      "operating_income": 250500000,
      "net_income": null,
      "opex": 206600000,
      "cogs": 547600000,
      "rd": null,
      "sga": null,
      "fcf": -171000000,
      "ocf": -143600000,
      "capex": -27400000,
      "gross_margin": 0.4549616801035135,
      "op_margin": 0.24932815765900268,
      "fcf_margin": -0.1702000597193192,
      "incr_op_margin_yoy": 0.21619667389732466,
      "rev_growth_yoy": 0.15962603878116344,
      "rev_growth_yoy_accel": -0.05670598864293058,
      "op_leverage_ratio": 2.317785606441872,
      "fcf_margin_change": -0.33034097567301823
    },
    {
      "date": "2023-03-31T00:00:00",
      "quarter_label": "2023-03 (Q1)",
      "revenue": 988200000,
      "gross_profit": 471400000,
      "operating_income": 247900000,
      "net_income": null,
      "opex": 223500000,
      "cogs": 516800000,
      "rd": null,
      "sga": null,
      "fcf": 1018400000,
      "ocf": 1030800000,
      "capex": -12400000,
      "gross_margin": 0.47702894150981584,
      "op_margin": 0.25086014976725357,
      "fcf_margin": 1.0305606152600688,
      "incr_op_margin_yoy": 0.5985401459854015,
      "rev_growth_yoy": 0.014058491534120062,
      "rev_growth_yoy_accel": -0.14556754724704338,
      "fcf_margin_change": 1.200760674979388
    },
    {
      "date": "2023-06-30T00:00:00",
      "quarter_label": "2023-06 (Q2)",
      "revenue": 907800000,
      "gross_profit": 467100000,
      "operating_income": 244800000,
      "net_income": null,
      "opex": 222300000,
      "cogs": 440700000,
      "rd": null,
      "sga": null,
      "fcf": -510900000,
      "ocf": -503100000,
      "capex": -7800000,
      "gross_margin": 0.514540647719762,
      "op_margin": 0.2696629213483146,
      "fcf_margin": -0.5627891606080635,
      "incr_op_margin_yoy": -6.182051282051282,
      "rev_growth_yoy": -0.07912355447352404,
      "rev_growth_yoy_accel": -0.0931820460076441,
      "fcf_margin_change": -1.5933497758681323
    },
    {
      "date": "2023-09-30T00:00:00",
      "quarter_label": "2023-09 (Q3)",
      "revenue": 908800000,
      "gross_profit": 480500000,
      "operating_income": 271200000,
      "net_income": null,
      "opex": 209300000,
      "cogs": 428300000,
      "rd": null,
      "sga": null,
      "fcf": 729200000,
      "ocf": 736900000,
      "capex": -7700000,
      "gross_margin": 0.5287191901408451,
      "op_margin": 0.2984154929577465,
      "fcf_margin": 0.8023767605633803,
      "incr_op_margin_yoy": -0.40613931523022434,
      "rev_growth_yoy": -0.0852541519879215,
      "rev_growth_yoy_accel": -0.006130597514397457,
      "fcf_margin_change": 1.3651659211714438
    },
    {
      "date": "2023-12-31T00:00:00",
      "quarter_label": "2023-12 (Q4)",
      "revenue": 968700000,
      "gross_profit": 499000000,
      "operating_income": 294000000,
      "net_income": null,
      "opex": 205000000,
      "cogs": 469700000,
      "rd": null,
      "sga": null,
      "fcf": -206100000,
      "ocf": -189000000,
      "capex": -17100000,
      "gross_margin": 0.5151233612057396,
      "op_margin": 0.3034995354598947,
      "fcf_margin": -0.2127593682254568,
      "incr_op_margin_yoy": -1.2083333333333333,
      "rev_growth_yoy": -0.035831591519856675,
      "rev_growth_yoy_accel": 0.04942256046806482,
      "op_leverage_ratio": Infinity,
      "fcf_margin_change": -1.015136128788837
    },
    {
      "date": "2024-03-31T00:00:00",
      "quarter_label": "2024-03 (Q1)",
      "revenue": 957200000,
      "gross_profit": 502100000,
      "operating_income": 282400000,
      "net_income": 209500000,
      "opex": 219700000,
      "cogs": 455100000,
      "rd": null,
      "sga": null,
      "fcf": 888300000,
      "ocf": 895600000,
      "capex": -7300000,
      "gross_margin": 0.5245507730881739,
      "op_margin": 0.29502716255745925,
      "fcf_margin": 0.9280192227329712,
      "incr_op_margin_yoy": -1.1129032258064515,
      "rev_growth_yoy": -0.03137016798218984,
      "rev_growth_yoy_accel": 0.004461423537666834,
      "fcf_margin_change": 1.140778590958428
    },
    {
      "date": "2024-06-30T00:00:00",
      "quarter_label": "2024-06 (Q2)",
      "revenue": 974000000,
      "gross_profit": 513800000,
      "operating_income": 210100000,
      "net_income": 140400000,
      "opex": 303700000,
      "cogs": 460200000,
      "rd": null,
      "sga": null,
      "fcf": 1476100000,
      "ocf": 1493900000,
      "capex": -17800000,
      "gross_margin": 0.5275154004106776,
      "op_margin": 0.21570841889117043,
      "fcf_margin": 1.5155030800821356,
      "incr_op_margin_yoy": -0.5241691842900302,
      "rev_growth_yoy": 0.07292355144304913,
      "rev_growth_yoy_accel": 0.10429371942523896,
      "op_leverage_ratio": 0.045904722106142916,
      "fcf_margin_change": 0.5874838573491644
    },
    {
      "date": "2024-09-30T00:00:00",
      "quarter_label": "2024-09 (Q3)",
      "revenue": 1055700000,
      "gross_profit": 532000000,
      "operating_income": 307400000,
      "net_income": 218500000,
      "opex": 224600000,
      "cogs": 523700000,
      "rd": null,
      "sga": null,
      "fcf": -590500000,
      "ocf": -578500000,
      "capex": -12000000,
      "gross_margin": 0.50393104101544,
      "op_margin": 0.2911812067822298,
      "fcf_margin": -0.5593445107511603,
      "incr_op_margin_yoy": 0.24642614023144996,
      "rev_growth_yoy": 0.1616417253521127,
      "rev_growth_yoy_accel": 0.08871817390906356,
      "op_leverage_ratio": Infinity,
      "fcf_margin_change": -2.074847590833296
    },
    {
      "date": "2024-12-31T00:00:00",
      "quarter_label": "2024-12 (Q4)",
      "revenue": 1107600000,
      "gross_profit": 524500000,
      "operating_income": 298500000,
      "net_income": null,
      "opex": 226000000,
      "cogs": 583100000,
      "rd": null,
      "sga": null,
      "fcf": -734200000,
      "ocf": -710400000,
      "capex": -23800000,
      "gross_margin": 0.4735464066449982,
      "op_margin": 0.26950162513542797,
      "fcf_margin": -0.6628746840014446,
      "incr_op_margin_yoy": 0.032397408207343416,
      "rev_growth_yoy": 0.14338804583462372,
      "rev_growth_yoy_accel": -0.018253679517488963,
      "op_leverage_ratio": 7.88694028335972,
      "fcf_margin_change": -0.10353017325028424
    },
    {
      "date": "2025-03-31T00:00:00",
      "quarter_label": "2025-03 (Q1)",
      "revenue": 1195000000,
      "gross_profit": 565200000,
      "operating_income": 353900000,
      "net_income": 250600000,
      "opex": 211300000,
      "cogs": 629800000,
      "rd": null,
      "sga": null,
      "fcf": 898200000,
      "ocf": 912900000,
      "capex": -14700000,
      "gross_margin": 0.47297071129707113,
      "op_margin": 0.2961506276150628,
      "fcf_margin": 0.7516317991631799,
      "incr_op_margin_yoy": 0.30067283431455005,
      "rev_growth_yoy": 0.24843292937735062,
      "rev_growth_yoy_accel": 0.1050448835427269,
      "op_leverage_ratio": Infinity,
      "fcf_margin_change": 1.4145064831646246
    },
    {
      "date": "2025-06-30T00:00:00",
      "quarter_label": "2025-06 (Q2)",
      "revenue": 1173500000,
      "gross_profit": 587300000,
      "operating_income": 339100000,
      "net_income": 235100000,
      "opex": 248200000,
      "cogs": 586200000,
      "rd": null,
      "sga": null,
      "fcf": 313400000,
      "ocf": 333700000,
      "capex": -20300000,
      "gross_margin": 0.5004686834256498,
      "op_margin": 0.2889646357051555,
      "fcf_margin": 0.2670643374520665,
      "incr_op_margin_yoy": 0.6466165413533834,
      "rev_growth_yoy": 0.20482546201232033,
      "rev_growth_yoy_accel": -0.043607467365030295,
      "fcf_margin_change": -0.4845674617111134
    },
    {
      "date": "2025-09-30T00:00:00",
      "quarter_label": "2025-09 (Q3)",
      "revenue": 1141700000,
      "gross_profit": 605500000,
      "operating_income": 370300000,
      "net_income": 300800000,
      "opex": 235200000,
      "cogs": 536200000,
      "rd": null,
      "sga": null,
      "fcf": 137900000,
      "ocf": 153900000,
      "capex": -16000000,
      "gross_margin": 0.530349478847333,
      "op_margin": 0.3243408951563458,
      "fcf_margin": 0.12078479460453709,
      "incr_op_margin_yoy": 0.7313953488372092,
      "rev_growth_yoy": 0.08146253670550346,
      "rev_growth_yoy_accel": -0.12336292530681686,
      "fcf_margin_change": -0.1462795428475294
    }
  ],
  "signals": [
    {
      "quarter": "2025-09 (Q3)",
      "signal": "YoY REVENUE GROWTH DECELERATION",
      "detail": "YoY growth: +8.1% vs prior quarter YoY: +20.5% (decel: -12.3%)",
      "severity": "WARNING"
    },
    {
      "quarter": "2025-09 (Q3)",
      "signal": "INCREMENTAL MARGIN (YoY)",
      "detail": "YoY Incr OPM: +73.1% vs year-ago OPM: +29.1%",
      "severity": "HIGH"
    },
    {
      "quarter": "2025-06 (Q2)",
      "signal": "GROSS MARGIN INFLECTION",
      "detail": "GM: +47.4% -> +47.3% -> +50.0% (reversal +2.7%)",
      "severity": "MEDIUM"
    },
    {
      "quarter": "2025-06 (Q2)",
      "signal": "INCREMENTAL MARGIN (YoY)",
      "detail": "YoY Incr OPM: +64.7% vs year-ago OPM: +21.6%",
      "severity": "HIGH"
    },
    {
      "quarter": "2025-03 (Q1)",
      "signal": "FCF TURNED POSITIVE",
      "detail": "FCF margin: -66.3% -> +75.2%",
      "severity": "HIGH"
    },
    {
      "quarter": "2025-03 (Q1)",
      "signal": "YoY REVENUE GROWTH ACCELERATION",
      "detail": "YoY growth: +24.8% vs prior quarter YoY: +14.3% (accel: +10.5%)",
      "severity": "MEDIUM"
    },
    {
      "quarter": "2024-12 (Q4)",
      "signal": "OPERATING LEVERAGE",
      "detail": "Rev growth +4.9% vs OpEx growth +0.6% (leverage: 7.9x)",
      "severity": "MEDIUM"
    },
    {
      "quarter": "2024-09 (Q3)",
      "signal": "YoY REVENUE GROWTH ACCELERATION",
      "detail": "YoY growth: +16.2% vs prior quarter YoY: +7.3% (accel: +8.9%)",
      "severity": "MEDIUM"
    },
    {
      "quarter": "2024-06 (Q2)",
      "signal": "FCF MARGIN EXPANSION",
      "detail": "FCF margin: +92.8% -> +151.6% (+58.7%)",
      "severity": "MEDIUM"
    },
    {
      "quarter": "2024-06 (Q2)",
      "signal": "YoY REVENUE GROWTH ACCELERATION",
      "detail": "YoY growth: +7.3% vs prior quarter YoY: -3.1% (accel: +10.4%)",
      "severity": "MEDIUM"
    },
    {
      "quarter": "2024-03 (Q1)",
      "signal": "FCF TURNED POSITIVE",
      "detail": "FCF margin: -21.3% -> +92.8%",
      "severity": "HIGH"
    },
    {
      "quarter": "2023-09 (Q3)",
      "signal": "FCF TURNED POSITIVE",
      "detail": "FCF margin: -56.3% -> +80.2%",
      "severity": "HIGH"
    },
    {
      "quarter": "2023-06 (Q2)",
      "signal": "YoY REVENUE GROWTH DECELERATION",
      "detail": "YoY growth: -7.9% vs prior quarter YoY: +1.4% (decel: -9.3%)",
      "severity": "WARNING"
    },
    {
      "quarter": "2023-06 (Q2)",
      "signal": "OP MARGIN TURNED POSITIVE (YoY)",
      "detail": "Op margin: -24.1% (year-ago) -> +27.0%",
      "severity": "HIGH"
    },
    {
      "quarter": "2023-03 (Q1)",
      "signal": "FCF TURNED POSITIVE",
      "detail": "FCF margin: -17.0% -> +103.1%",
      "severity": "HIGH"
    },
    {
      "quarter": "2023-03 (Q1)",
      "signal": "YoY REVENUE GROWTH DECELERATION",
      "detail": "YoY growth: +1.4% vs prior quarter YoY: +16.0% (decel: -14.6%)",
      "severity": "WARNING"
    },
    {
      "quarter": "2023-03 (Q1)",
      "signal": "INCREMENTAL MARGIN (YoY)",
      "detail": "YoY Incr OPM: +59.9% vs year-ago OPM: +24.6%",
      "severity": "HIGH"
    },
    {
      "quarter": "2022-12 (Q4)",
      "signal": "OPERATING LEVERAGE",
      "detail": "Rev growth +1.1% vs OpEx growth +0.5% (leverage: 2.3x)",
      "severity": "MEDIUM"
    },
    {
      "quarter": "2022-12 (Q4)",
      "signal": "YoY REVENUE GROWTH DECELERATION",
      "detail": "YoY growth: +16.0% vs prior quarter YoY: +21.6% (decel: -5.7%)",
      "severity": "WARNING"
    },
    {
      "quarter": "2022-09 (Q3)",
      "signal": "FCF TURNED POSITIVE",
      "detail": "FCF margin: -65.5% -> +16.0%",
      "severity": "HIGH"
    },
    {
      "quarter": "2022-09 (Q3)",
      "signal": "OP MARGIN TURNED POSITIVE (QoQ)",
      "detail": "Op margin: -24.1% -> +23.8%",
      "severity": "HIGH"
    },
    {
      "quarter": "2022-06 (Q2)",
      "signal": "YoY REVENUE GROWTH ACCELERATION",
      "detail": "YoY growth: +23.1% vs prior quarter YoY: -3.6% (accel: +26.7%)",
      "severity": "HIGH"
    },
    {
      "quarter": "2022-03 (Q1)",
      "signal": "FCF TURNED POSITIVE",
      "detail": "FCF margin: -81.1% -> +128.2%",
      "severity": "HIGH"
    },
    {
      "quarter": "2022-03 (Q1)",
      "signal": "OPERATING LEVERAGE",
      "detail": "Rev growth +12.5% vs OpEx growth +5.0% (leverage: 2.5x)",
      "severity": "MEDIUM"
    },
    {
      "quarter": "2022-03 (Q1)",
      "signal": "YoY REVENUE GROWTH DECELERATION",
      "detail": "YoY growth: -3.6% vs prior quarter YoY: +2.6% (decel: -6.2%)",
      "severity": "WARNING"
    },
    {
      "quarter": "2021-12 (Q4)",
      "signal": "INCREMENTAL MARGIN (YoY)",
      "detail": "YoY Incr OPM: +386.5% vs year-ago OPM: +16.0%",
      "severity": "HIGH"
    },
    {
      "quarter": "2021-09 (Q3)",
      "signal": "FCF MARGIN EXPANSION",
      "detail": "FCF margin: +13.9% -> +67.0% (+53.1%)",
      "severity": "MEDIUM"
    },
    {
      "quarter": "2021-06 (Q2)",
      "signal": "GROSS MARGIN INFLECTION",
      "detail": "GM: +36.4% -> +36.2% -> +43.8% (reversal +7.6%)",
      "severity": "HIGH"
    },
    {
      "quarter": "2021-03 (Q1)",
      "signal": "FCF MARGIN EXPANSION",
      "detail": "FCF margin: +30.7% -> +58.3% (+27.6%)",
      "severity": "MEDIUM"
    }
  ],
  "data_quality": {
    "n_quarters": 20,
    "coverage": {
      "revenue": [
        20,
        20
      ],
      "gross_profit": [
        20,
        20
      ],
      "op_income": [
        20,
        20
      ],
      "fcf": [
        20,
        20
      ]
    },
    "gaps": [],
    "warnings": []
  },
  "market_cap": null,
  "source": "SEC EDGAR",
  "last_updated": "2026-02-02T20:10:46.261436",
  "sector": "Financial Services",
  "industry": "Financial Data & Stock Exchanges"
}