{
  "ticker": "CBRL",
  "name": "CRACKER BARREL OLD COUNTRY STORE, INC.",
  "quarters": [
    {
      "date": "2021-01-29T00:00:00",
      "quarter_label": "2021-01 (Q1)",
      "revenue": 677169000,
      "gross_profit": 452085000,
      "operating_income": 14395000,
      "net_income": 14000000,
      "opex": 437690000,
      "cogs": 225084000,
      "rd": null,
      "sga": null,
      "fcf": 46286000,
      "ocf": 64325000,
      "capex": -18039000,
      "gross_margin": 0.6676103011212858,
      "op_margin": 0.021257618113055973,
      "fcf_margin": 0.0683522134061069
    },
    {
      "date": "2021-04-30T00:00:00",
      "quarter_label": "2021-04 (Q2)",
      "revenue": 713416000,
      "gross_profit": 508037000,
      "operating_income": 52490000,
      "net_income": 33470000,
      "opex": 455547000,
      "cogs": 205379000,
      "rd": null,
      "sga": null,
      "fcf": 75556000,
      "ocf": 91221000,
      "capex": -15665000,
      "gross_margin": 0.7121188759433487,
      "op_margin": 0.07357558563306682,
      "fcf_margin": 0.10590735279276046,
      "op_leverage_ratio": 1.3119978552388032,
      "fcf_margin_change": 0.03755513938665357
    },
    {
      "date": "2021-07-30T00:00:00",
      "quarter_label": "2021-07 (Q3)",
      "revenue": 784405000,
      "gross_profit": 548651000,
      "operating_income": 62668000,
      "net_income": 36363000,
      "opex": 485983000,
      "cogs": 235754000,
      "rd": null,
      "sga": null,
      "fcf": 63092000,
      "ocf": 89366000,
      "capex": -26274000,
      "gross_margin": 0.6994486266660718,
      "op_margin": 0.07989240252165654,
      "fcf_margin": 0.08043293961665211,
      "op_leverage_ratio": 1.4893399144380532,
      "fcf_margin_change": -0.02547441317610835
    },
    {
      "date": "2021-10-29T00:00:00",
      "quarter_label": "2021-10 (Q4)",
      "revenue": 784930000,
      "gross_profit": 542159000,
      "operating_income": 42913000,
      "net_income": 33376000,
      "opex": 499246000,
      "cogs": 242771000,
      "rd": null,
      "sga": null,
      "fcf": 8926000,
      "ocf": 23023000,
      "capex": -14097000,
      "gross_margin": 0.6907099996178003,
      "op_margin": 0.05467111716968392,
      "fcf_margin": 0.011371714675193966,
      "fcf_margin_change": -0.06906122494145815
    },
    {
      "date": "2022-01-28T00:00:00",
      "quarter_label": "2022-01 (Q1)",
      "revenue": 862260000,
      "gross_profit": 578619000,
      "operating_income": 46664000,
      "net_income": 37624000,
      "opex": 531955000,
      "cogs": 283641000,
      "rd": null,
      "sga": null,
      "fcf": 68429000,
      "ocf": 84770000,
      "capex": -16341000,
      "gross_margin": 0.6710493354672604,
      "op_margin": 0.05411824739637696,
      "fcf_margin": 0.07936005381207524,
      "incr_op_margin_yoy": 0.1743412699699067,
      "rev_growth_yoy": 0.2733305866039349,
      "op_leverage_ratio": 1.5037111125290545,
      "fcf_margin_change": 0.06798833913688128
    },
    {
      "date": "2022-04-29T00:00:00",
      "quarter_label": "2022-04 (Q2)",
      "revenue": 790196000,
      "gross_profit": 540148000,
      "operating_income": 30454000,
      "net_income": 27516000,
      "opex": 509694000,
      "cogs": 250048000,
      "rd": null,
      "sga": null,
      "fcf": -30981000,
      "ocf": -1437000,
      "capex": -29544000,
      "gross_margin": 0.6835620529590127,
      "op_margin": 0.0385398053141246,
      "fcf_margin": -0.03920672845724352,
      "incr_op_margin_yoy": -0.2870018233915082,
      "rev_growth_yoy": 0.10762304181571482,
      "rev_growth_yoy_accel": -0.16570754478822008,
      "fcf_margin_change": -0.11856678226931876
    },
    {
      "date": "2022-07-29T00:00:00",
      "quarter_label": "2022-07 (Q3)",
      "revenue": 830400000,
      "gross_profit": 556976000,
      "operating_income": 32972000,
      "net_income": 33364000,
      "opex": 524004000,
      "cogs": 273424000,
      "rd": null,
      "sga": null,
      "fcf": 60538000,
      "ocf": 98897000,
      "capex": -38359000,
      "gross_margin": 0.6707321772639692,
      "op_margin": 0.03970616570327553,
      "fcf_margin": 0.07290221579961464,
      "incr_op_margin_yoy": -0.6456353951516469,
      "rev_growth_yoy": 0.05863680114226707,
      "rev_growth_yoy_accel": -0.04898624067344775,
      "op_leverage_ratio": 1.8121924838794607,
      "fcf_margin_change": 0.11210894425685816
    },
    {
      "date": "2022-10-28T00:00:00",
      "quarter_label": "2022-10 (Q4)",
      "revenue": 839519000,
      "gross_profit": 557979000,
      "operating_income": 23619000,
      "net_income": 17129000,
      "opex": 534360000,
      "cogs": 281540000,
      "rd": null,
      "sga": null,
      "fcf": -22379000,
      "ocf": -600000,
      "capex": -21779000,
      "gross_margin": 0.664641300554246,
      "op_margin": 0.028133967188354283,
      "fcf_margin": -0.02665693093307001,
      "incr_op_margin_yoy": -0.353441169466376,
      "rev_growth_yoy": 0.06954632897201024,
      "rev_growth_yoy_accel": 0.010909527829743172,
      "op_leverage_ratio": 0.5556514290673972,
      "fcf_margin_change": -0.09955914673268465
    },
    {
      "date": "2023-01-27T00:00:00",
      "quarter_label": "2023-01 (Q1)",
      "revenue": 933868000,
      "gross_profit": 607313000,
      "operating_income": 38971000,
      "net_income": 30491000,
      "opex": 568342000,
      "cogs": 326555000,
      "rd": null,
      "sga": null,
      "fcf": 74323000,
      "ocf": 101422000,
      "capex": -27099000,
      "gross_margin": 0.6503199595660201,
      "op_margin": 0.04173073710631481,
      "fcf_margin": 0.07958619419446859,
      "incr_op_margin_yoy": -0.10743213048821361,
      "rev_growth_yoy": 0.08304687681209844,
      "rev_growth_yoy_accel": 0.013500547840088195,
      "op_leverage_ratio": 1.7672247188434618,
      "fcf_margin_change": 0.1062431251275386
    },
    {
      "date": "2023-04-28T00:00:00",
      "quarter_label": "2023-04 (Q2)",
      "revenue": 832689000,
      "gross_profit": 570498000,
      "operating_income": 16790000,
      "net_income": 13968000,
      "opex": 553708000,
      "cogs": 262191000,
      "rd": null,
      "sga": null,
      "fcf": 11669000,
      "ocf": 50414000,
      "capex": -38745000,
      "gross_margin": 0.6851273404596434,
      "op_margin": 0.02016359048816545,
      "fcf_margin": 0.01401363534284709,
      "incr_op_margin_yoy": -0.32155884498623305,
      "rev_growth_yoy": 0.05377526588340108,
      "rev_growth_yoy_accel": -0.02927161092869736,
      "fcf_margin_change": -0.0655725588516215
    },
    {
      "date": "2023-07-28T00:00:00",
      "quarter_label": "2023-07 (Q3)",
      "revenue": 836732000,
      "gross_profit": 579401000,
      "operating_income": 41237000,
      "net_income": 37462000,
      "opex": 538164000,
      "cogs": 257331000,
      "rd": null,
      "sga": null,
      "fcf": 59857000,
      "ocf": 99221000,
      "capex": -39364000,
      "gross_margin": 0.69245708303256,
      "op_margin": 0.04928340257095462,
      "fcf_margin": 0.07153664494724715,
      "incr_op_margin_yoy": 1.3052747946936196,
      "rev_growth_yoy": 0.007625240847784201,
      "rev_growth_yoy_accel": -0.046150025035616875,
      "fcf_margin_change": 0.057523009604400065
    },
    {
      "date": "2023-10-27T00:00:00",
      "quarter_label": "2023-10 (Q4)",
      "revenue": 823839000,
      "gross_profit": 568280000,
      "operating_income": 11413000,
      "net_income": 5456000,
      "opex": 556867000,
      "cogs": 255559000,
      "rd": null,
      "sga": null,
      "fcf": -40515000,
      "ocf": -15797000,
      "capex": -24718000,
      "gross_margin": 0.6897949720758546,
      "op_margin": 0.013853434955130797,
      "fcf_margin": -0.04917829818690302,
      "incr_op_margin_yoy": 0.7784438775510204,
      "rev_growth_yoy": -0.018677361679723746,
      "rev_growth_yoy_accel": -0.02630260252750795,
      "fcf_margin_change": -0.12071494313415018
    },
    {
      "date": "2024-01-26T00:00:00",
      "quarter_label": "2024-01 (Q1)",
      "revenue": 935401000,
      "gross_profit": 620550000,
      "operating_income": 30762000,
      "net_income": 26534000,
      "opex": 589788000,
      "cogs": 314851000,
      "rd": null,
      "sga": null,
      "fcf": 50941000,
      "ocf": 77676000,
      "capex": -26735000,
      "gross_margin": 0.663405320285097,
      "op_margin": 0.032886430525517936,
      "fcf_margin": 0.05445899672974478,
      "incr_op_margin_yoy": -5.354859752120026,
      "rev_growth_yoy": 0.0016415596208457727,
      "rev_growth_yoy_accel": 0.020318921300569517,
      "op_leverage_ratio": 2.2906166205237444,
      "fcf_margin_change": 0.1036372949166478
    },
    {
      "date": "2024-04-26T00:00:00",
      "quarter_label": "2024-04 (Q2)",
      "revenue": 817135000,
      "gross_profit": 572065000,
      "operating_income": -19272000,
      "net_income": -9199000,
      "opex": 591337000,
      "cogs": 245070000,
      "rd": null,
      "sga": null,
      "fcf": 8205000,
      "ocf": 37577000,
      "capex": -29372000,
      "gross_margin": 0.7000862770533632,
      "op_margin": -0.023584842161943866,
      "fcf_margin": 0.010041180465896088,
      "incr_op_margin_yoy": 2.3185032788993185,
      "rev_growth_yoy": -0.018679242790525633,
      "rev_growth_yoy_accel": -0.020320802411371405,
      "fcf_margin_change": -0.04441781626384869
    },
    {
      "date": "2024-08-02T00:00:00",
      "quarter_label": "2024-08 (Q3)",
      "revenue": 894387000,
      "gross_profit": 622236000,
      "operating_income": 22216000,
      "net_income": 18139000,
      "opex": 600020000,
      "cogs": 272151000,
      "rd": null,
      "sga": null,
      "fcf": 22054000,
      "ocf": 69524000,
      "capex": -47470000,
      "gross_margin": 0.6957122587873035,
      "op_margin": 0.02483935924828961,
      "fcf_margin": 0.024658229603068918,
      "incr_op_margin_yoy": -0.32991067557020204,
      "rev_growth_yoy": 0.06890497793797776,
      "rev_growth_yoy_accel": 0.08758422072850339,
      "op_leverage_ratio": 6.438447691076922,
      "fcf_margin_change": 0.01461704913717283
    },
    {
      "date": "2024-11-01T00:00:00",
      "quarter_label": "2024-11 (Q4)",
      "revenue": 845089000,
      "gross_profit": 586188000,
      "operating_income": 7071000,
      "net_income": 4844000,
      "opex": 579117000,
      "cogs": 258901000,
      "rd": null,
      "sga": null,
      "fcf": -43347000,
      "ocf": -4395000,
      "capex": -38952000,
      "gross_margin": 0.6936405514685435,
      "op_margin": 0.008367166061799408,
      "fcf_margin": -0.05129282241278729,
      "incr_op_margin_yoy": -0.20432941176470587,
      "rev_growth_yoy": 0.025793874774076003,
      "rev_growth_yoy_accel": -0.04311110316390175,
      "fcf_margin_change": -0.07595105201585621
    },
    {
      "date": "2025-01-31T00:00:00",
      "quarter_label": "2025-01 (Q1)",
      "revenue": 949439000,
      "gross_profit": 639607000,
      "operating_income": 29123000,
      "net_income": 22207000,
      "opex": 610484000,
      "cogs": 309832000,
      "rd": null,
      "sga": null,
      "fcf": 59969000,
      "ocf": 98088000,
      "capex": -38119000,
      "gross_margin": 0.6736683452017455,
      "op_margin": 0.03067390322074404,
      "fcf_margin": 0.06316256231311332,
      "incr_op_margin_yoy": -0.11675452343638695,
      "rev_growth_yoy": 0.0150074673856453,
      "rev_growth_yoy_accel": -0.010786407388430702,
      "op_leverage_ratio": 2.2797295809989397,
      "fcf_margin_change": 0.11445538472590061
    },
    {
      "date": "2025-05-02T00:00:00",
      "quarter_label": "2025-05 (Q2)",
      "revenue": 821147000,
      "gross_profit": 573867000,
      "operating_income": 14857000,
      "net_income": 12574000,
      "opex": 559010000,
      "cogs": 247280000,
      "rd": null,
      "sga": null,
      "fcf": -13617000,
      "ocf": 22984000,
      "capex": -36601000,
      "gross_margin": 0.6988602527927399,
      "op_margin": 0.018092984569145355,
      "fcf_margin": -0.016582901721616226,
      "incr_op_margin_yoy": 8.506729810568295,
      "rev_growth_yoy": 0.0049098374197654,
      "rev_growth_yoy_accel": -0.0100976299658799,
      "fcf_margin_change": -0.07974546403472954
    },
    {
      "date": "2025-08-01T00:00:00",
      "quarter_label": "2025-08 (Q3)",
      "revenue": 868009000,
      "gross_profit": 602993000,
      "operating_income": 3978000,
      "net_income": 6754000,
      "opex": 599015000,
      "cogs": 265016000,
      "rd": null,
      "sga": null,
      "fcf": 56750000,
      "ocf": 102222000,
      "capex": -45472000,
      "gross_margin": 0.6946851933562901,
      "op_margin": 0.004582901790188811,
      "fcf_margin": 0.06537950643368905,
      "incr_op_margin_yoy": 0.6914095079232694,
      "rev_growth_yoy": -0.02949282581253976,
      "rev_growth_yoy_accel": -0.03440266323230516,
      "op_leverage_ratio": 0.7974532114359227,
      "fcf_margin_change": 0.08196240815530527
    },
    {
      "date": "2025-10-31T00:00:00",
      "quarter_label": "2025-10 (Q4)",
      "revenue": 797188000,
      "gross_profit": 548783000,
      "operating_income": -32797000,
      "net_income": -24622000,
      "opex": 581580000,
      "cogs": 248405000,
      "rd": null,
      "sga": null,
      "fcf": -88916000,
      "ocf": -53430000,
      "capex": -35486000,
      "gross_margin": 0.6883984706242442,
      "op_margin": -0.04114086012333352,
      "fcf_margin": -0.11153705274038245,
      "incr_op_margin_yoy": 0.832299951984301,
      "rev_growth_yoy": -0.05668160394940651,
      "rev_growth_yoy_accel": -0.027188778136866747,
      "fcf_margin_change": -0.1769165591740715
    }
  ],
  "signals": [
    {
      "quarter": "2025-08 (Q3)",
      "signal": "FCF TURNED POSITIVE",
      "detail": "FCF margin: -1.7% -> +6.5%",
      "severity": "HIGH"
    },
    {
      "quarter": "2025-08 (Q3)",
      "signal": "INCREMENTAL MARGIN (YoY)",
      "detail": "YoY Incr OPM: +69.1% vs year-ago OPM: +2.5%",
      "severity": "HIGH"
    },
    {
      "quarter": "2025-05 (Q2)",
      "signal": "GROSS MARGIN INFLECTION",
      "detail": "GM: +69.4% -> +67.4% -> +69.9% (reversal +2.5%)",
      "severity": "MEDIUM"
    },
    {
      "quarter": "2025-05 (Q2)",
      "signal": "OP MARGIN TURNED POSITIVE (YoY)",
      "detail": "Op margin: -2.4% (year-ago) -> +1.8%",
      "severity": "HIGH"
    },
    {
      "quarter": "2025-01 (Q1)",
      "signal": "FCF TURNED POSITIVE",
      "detail": "FCF margin: -5.1% -> +6.3%",
      "severity": "HIGH"
    },
    {
      "quarter": "2025-01 (Q1)",
      "signal": "OPERATING LEVERAGE",
      "detail": "Rev growth +12.3% vs OpEx growth +5.4% (leverage: 2.3x)",
      "severity": "MEDIUM"
    },
    {
      "quarter": "2024-08 (Q3)",
      "signal": "OPERATING LEVERAGE",
      "detail": "Rev growth +9.5% vs OpEx growth +1.5% (leverage: 6.4x)",
      "severity": "MEDIUM"
    },
    {
      "quarter": "2024-08 (Q3)",
      "signal": "YoY REVENUE GROWTH ACCELERATION",
      "detail": "YoY growth: +6.9% vs prior quarter YoY: -1.9% (accel: +8.8%)",
      "severity": "MEDIUM"
    },
    {
      "quarter": "2024-08 (Q3)",
      "signal": "OP MARGIN TURNED POSITIVE (QoQ)",
      "detail": "Op margin: -2.4% -> +2.5%",
      "severity": "HIGH"
    },
    {
      "quarter": "2024-04 (Q2)",
      "signal": "GROSS MARGIN INFLECTION",
      "detail": "GM: +69.0% -> +66.3% -> +70.0% (reversal +3.7%)",
      "severity": "MEDIUM"
    },
    {
      "quarter": "2024-01 (Q1)",
      "signal": "FCF TURNED POSITIVE",
      "detail": "FCF margin: -4.9% -> +5.4%",
      "severity": "HIGH"
    },
    {
      "quarter": "2024-01 (Q1)",
      "signal": "OPERATING LEVERAGE",
      "detail": "Rev growth +13.5% vs OpEx growth +5.9% (leverage: 2.3x)",
      "severity": "MEDIUM"
    },
    {
      "quarter": "2023-10 (Q4)",
      "signal": "INCREMENTAL MARGIN (YoY)",
      "detail": "YoY Incr OPM: +77.8% vs year-ago OPM: +2.8%",
      "severity": "HIGH"
    },
    {
      "quarter": "2023-07 (Q3)",
      "signal": "FCF MARGIN EXPANSION",
      "detail": "FCF margin: +1.4% -> +7.2% (+5.8%)",
      "severity": "MEDIUM"
    },
    {
      "quarter": "2023-07 (Q3)",
      "signal": "INCREMENTAL MARGIN (YoY)",
      "detail": "YoY Incr OPM: +130.5% vs year-ago OPM: +4.0%",
      "severity": "HIGH"
    },
    {
      "quarter": "2023-04 (Q2)",
      "signal": "GROSS MARGIN INFLECTION",
      "detail": "GM: +66.5% -> +65.0% -> +68.5% (reversal +3.5%)",
      "severity": "MEDIUM"
    },
    {
      "quarter": "2023-01 (Q1)",
      "signal": "FCF TURNED POSITIVE",
      "detail": "FCF margin: -2.7% -> +8.0%",
      "severity": "HIGH"
    },
    {
      "quarter": "2023-01 (Q1)",
      "signal": "OPERATING LEVERAGE",
      "detail": "Rev growth +11.2% vs OpEx growth +6.4% (leverage: 1.8x)",
      "severity": "MEDIUM"
    },
    {
      "quarter": "2022-07 (Q3)",
      "signal": "FCF TURNED POSITIVE",
      "detail": "FCF margin: -3.9% -> +7.3%",
      "severity": "HIGH"
    },
    {
      "quarter": "2022-07 (Q3)",
      "signal": "OPERATING LEVERAGE",
      "detail": "Rev growth +5.1% vs OpEx growth +2.8% (leverage: 1.8x)",
      "severity": "MEDIUM"
    },
    {
      "quarter": "2022-04 (Q2)",
      "signal": "YoY REVENUE GROWTH DECELERATION",
      "detail": "YoY growth: +10.8% vs prior quarter YoY: +27.3% (decel: -16.6%)",
      "severity": "WARNING"
    },
    {
      "quarter": "2022-01 (Q1)",
      "signal": "FCF MARGIN EXPANSION",
      "detail": "FCF margin: +1.1% -> +7.9% (+6.8%)",
      "severity": "MEDIUM"
    },
    {
      "quarter": "2022-01 (Q1)",
      "signal": "OPERATING LEVERAGE",
      "detail": "Rev growth +9.9% vs OpEx growth +6.6% (leverage: 1.5x)",
      "severity": "MEDIUM"
    },
    {
      "quarter": "2022-01 (Q1)",
      "signal": "INCREMENTAL MARGIN (YoY)",
      "detail": "YoY Incr OPM: +17.4% vs year-ago OPM: +2.1%",
      "severity": "MEDIUM"
    }
  ],
  "data_quality": {
    "n_quarters": 20,
    "coverage": {
      "revenue": [
        20,
        20
      ],
      "gross_profit": [
        20,
        20
      ],
      "op_income": [
        20,
        20
      ],
      "fcf": [
        20,
        20
      ]
    },
    "gaps": [],
    "warnings": []
  },
  "market_cap": null,
  "source": "SEC EDGAR",
  "last_updated": "2026-02-02T22:14:32.194203"
}