{
  "ticker": "CBSTF",
  "name": "THE CANNABIST COMPANY HOLDINGS INC.",
  "quarters": [
    {
      "date": "2021-03-31T00:00:00",
      "quarter_label": "2021-03 (Q1)",
      "revenue": 86095000,
      "gross_profit": 33648000,
      "operating_income": -14386000,
      "net_income": null,
      "opex": 48034000,
      "cogs": null,
      "rd": null,
      "sga": 48034000,
      "fcf": -10720000,
      "ocf": -3488000,
      "capex": -7232000,
      "gross_margin": 0.39082408966838955,
      "op_margin": -0.16709448864626286,
      "fcf_margin": -0.1245136186770428
    },
    {
      "date": "2021-06-30T00:00:00",
      "quarter_label": "2021-06 (Q2)",
      "revenue": 102387000,
      "gross_profit": 41747000,
      "operating_income": -10756000,
      "net_income": null,
      "opex": 52503000,
      "cogs": null,
      "rd": null,
      "sga": 52503000,
      "fcf": -40656000,
      "ocf": -15627000,
      "capex": -25029000,
      "gross_margin": 0.40773731040073447,
      "op_margin": -0.10505239923037105,
      "fcf_margin": -0.3970816607577134,
      "op_leverage_ratio": 2.033924698568431,
      "fcf_margin_change": -0.2725680420806706
    },
    {
      "date": "2021-09-30T00:00:00",
      "quarter_label": "2021-09 (Q3)",
      "revenue": 132322000,
      "gross_profit": 61367000,
      "operating_income": -378000,
      "net_income": null,
      "opex": 61745000,
      "cogs": null,
      "rd": null,
      "sga": 61745000,
      "fcf": -23914000,
      "ocf": 16148000,
      "capex": -40062000,
      "gross_margin": 0.4637701969438189,
      "op_margin": -0.0028566678254560844,
      "fcf_margin": -0.18072580523268994,
      "op_leverage_ratio": 1.6609348580185181,
      "fcf_margin_change": 0.21635585552502345
    },
    {
      "date": "2021-12-31T00:00:00",
      "quarter_label": "2021-12 (Q4)",
      "revenue": 139276000,
      "gross_profit": 57253000,
      "operating_income": -84845000,
      "net_income": null,
      "opex": 142098000,
      "cogs": null,
      "rd": null,
      "sga": 69770000,
      "fcf": -42739000,
      "ocf": 2444000,
      "capex": -45183000,
      "gross_margin": 0.411075849392573,
      "op_margin": -0.6091860765673913,
      "fcf_margin": -0.3068655044659525,
      "op_leverage_ratio": 0.04038334869395714,
      "fcf_margin_change": -0.12613969923326257
    },
    {
      "date": "2022-03-31T00:00:00",
      "quarter_label": "2022-03 (Q1)",
      "revenue": 123087000,
      "gross_profit": 56627000,
      "operating_income": -14665000,
      "net_income": null,
      "opex": 71292000,
      "cogs": null,
      "rd": null,
      "sga": 71292000,
      "fcf": -57333000,
      "ocf": -27822000,
      "capex": -29511000,
      "gross_margin": 0.4600567078570442,
      "op_margin": -0.11914337013657007,
      "fcf_margin": -0.46579248824002534,
      "incr_op_margin_yoy": -0.007542171280276817,
      "rev_growth_yoy": 0.4296649050467507,
      "fcf_margin_change": -0.15892698377407283
    },
    {
      "date": "2022-06-30T00:00:00",
      "quarter_label": "2022-06 (Q2)",
      "revenue": 129571000,
      "gross_profit": 50848000,
      "operating_income": -22108000,
      "net_income": null,
      "opex": 72956000,
      "cogs": null,
      "rd": null,
      "sga": 72956000,
      "fcf": -101123000,
      "ocf": -71961000,
      "capex": -29162000,
      "gross_margin": 0.392433492062267,
      "op_margin": -0.17062459964035162,
      "fcf_margin": -0.7804446982735335,
      "incr_op_margin_yoy": -0.4175985874043555,
      "rev_growth_yoy": 0.2655024563665309,
      "rev_growth_yoy_accel": -0.16416244868021979,
      "op_leverage_ratio": 2.2569310731433863,
      "fcf_margin_change": -0.31465221003350813
    },
    {
      "date": "2022-09-30T00:00:00",
      "quarter_label": "2022-09 (Q3)",
      "revenue": 132733000,
      "gross_profit": 52135000,
      "operating_income": -18710000,
      "net_income": null,
      "opex": 70845000,
      "cogs": null,
      "rd": null,
      "sga": 70845000,
      "fcf": -27459000,
      "ocf": -16770000,
      "capex": -10689000,
      "gross_margin": 0.39278099643645514,
      "op_margin": -0.1409596709183097,
      "fcf_margin": -0.20687394995969352,
      "rev_growth_yoy": 0.0031060594610117743,
      "rev_growth_yoy_accel": -0.26239639690551914,
      "op_leverage_ratio": Infinity,
      "fcf_margin_change": 0.5735707483138399
    },
    {
      "date": "2022-12-31T00:00:00",
      "quarter_label": "2022-12 (Q4)",
      "revenue": 126187000,
      "gross_profit": 41601000,
      "operating_income": -360757000,
      "net_income": null,
      "opex": 402358000,
      "cogs": null,
      "rd": null,
      "sga": 62237000,
      "fcf": 1773000,
      "ocf": 5152000,
      "capex": -3379000,
      "gross_margin": 0.3296773835656605,
      "op_margin": -2.8589078114227298,
      "fcf_margin": 0.014050575732840942,
      "incr_op_margin_yoy": 21.07968523187409,
      "rev_growth_yoy": -0.09397886211551165,
      "rev_growth_yoy_accel": -0.09708492157652343,
      "fcf_margin_change": 0.22092452569253446
    },
    {
      "date": "2023-03-31T00:00:00",
      "quarter_label": "2023-03 (Q1)",
      "revenue": 124535000,
      "gross_profit": 47081000,
      "operating_income": -8269000,
      "net_income": null,
      "opex": 55350000,
      "cogs": null,
      "rd": null,
      "sga": 55350000,
      "fcf": -9129000,
      "ocf": -3405000,
      "capex": -5724000,
      "gross_margin": 0.37805436222748623,
      "op_margin": -0.06639900429598104,
      "fcf_margin": -0.07330469345966997,
      "incr_op_margin_yoy": 4.417127071823204,
      "rev_growth_yoy": 0.011764036819485405,
      "rev_growth_yoy_accel": 0.10574289893499705,
      "fcf_margin_change": -0.08735526919251091
    },
    {
      "date": "2023-06-30T00:00:00",
      "quarter_label": "2023-06 (Q2)",
      "revenue": 129244000,
      "gross_profit": 52122000,
      "operating_income": 49000,
      "net_income": null,
      "opex": 52073000,
      "cogs": null,
      "rd": null,
      "sga": 52073000,
      "fcf": -329000,
      "ocf": -313000,
      "capex": -16000,
      "gross_margin": 0.4032837114295441,
      "op_margin": 0.00037912785119618704,
      "fcf_margin": -0.0025455727151743987,
      "rev_growth_yoy": -0.0025237128678485153,
      "rev_growth_yoy_accel": -0.014287749687333921,
      "op_leverage_ratio": Infinity,
      "fcf_margin_change": 0.07075912074449557
    },
    {
      "date": "2023-09-30T00:00:00",
      "quarter_label": "2023-09 (Q3)",
      "revenue": 129183000,
      "gross_profit": 37142000,
      "operating_income": -19330000,
      "net_income": -36725000,
      "opex": 56472000,
      "cogs": 92041000,
      "rd": null,
      "sga": 56472000,
      "fcf": -711000,
      "ocf": 1809000,
      "capex": -2520000,
      "gross_margin": 0.28751461105563425,
      "op_margin": -0.14963269160802892,
      "fcf_margin": -0.005503820162095632,
      "incr_op_margin_yoy": 0.17464788732394365,
      "rev_growth_yoy": -0.026745421259219637,
      "rev_growth_yoy_accel": -0.02422170839137112,
      "fcf_margin_change": -0.002958247446921233
    },
    {
      "date": "2023-12-31T00:00:00",
      "quarter_label": "2023-12 (Q4)",
      "revenue": 128365000,
      "gross_profit": 43623000,
      "operating_income": -77690000,
      "net_income": -72784000,
      "opex": 121313000,
      "cogs": 84742000,
      "rd": null,
      "sga": 35696000,
      "fcf": 7674000,
      "ocf": 9380000,
      "capex": -1706000,
      "gross_margin": 0.33983562497565534,
      "op_margin": -0.6052272815798699,
      "fcf_margin": 0.0597826510341604,
      "incr_op_margin_yoy": 129.96648301193756,
      "rev_growth_yoy": 0.017260098108362987,
      "rev_growth_yoy_accel": 0.044005519367582624,
      "fcf_margin_change": 0.06528647119625604
    },
    {
      "date": "2024-03-31T00:00:00",
      "quarter_label": "2024-03 (Q1)",
      "revenue": 122611000,
      "gross_profit": 42537000,
      "operating_income": -10736000,
      "net_income": -35073000,
      "opex": 53273000,
      "cogs": 80074000,
      "rd": null,
      "sga": 53273000,
      "fcf": -7176000,
      "ocf": -6211000,
      "capex": -965000,
      "gross_margin": 0.346926458474362,
      "op_margin": -0.0875614749084503,
      "fcf_margin": -0.058526559607213056,
      "incr_op_margin_yoy": 1.2822245322245323,
      "rev_growth_yoy": -0.015449472035973823,
      "rev_growth_yoy_accel": -0.032709570144336814,
      "fcf_margin_change": -0.11830921064137345
    },
    {
      "date": "2024-06-30T00:00:00",
      "quarter_label": "2024-06 (Q2)",
      "revenue": 125190000,
      "gross_profit": 48052000,
      "operating_income": 8006000,
      "net_income": -14341000,
      "opex": 40046000,
      "cogs": 77138000,
      "rd": null,
      "sga": 40046000,
      "fcf": -5112000,
      "ocf": -3448000,
      "capex": -1664000,
      "gross_margin": 0.3838325744867801,
      "op_margin": 0.06395079479191629,
      "fcf_margin": -0.04083393242271747,
      "incr_op_margin_yoy": -1.9627528367044893,
      "rev_growth_yoy": -0.03136702670917025,
      "rev_growth_yoy_accel": -0.015917554673196426,
      "op_leverage_ratio": Infinity,
      "fcf_margin_change": 0.017692627184495588
    },
    {
      "date": "2024-09-30T00:00:00",
      "quarter_label": "2024-09 (Q3)",
      "revenue": 114783000,
      "gross_profit": 43810000,
      "operating_income": -5626000,
      "net_income": -1860000,
      "opex": 49436000,
      "cogs": 70973000,
      "rd": null,
      "sga": 49315000,
      "fcf": -19219000,
      "ocf": -17701000,
      "capex": -1518000,
      "gross_margin": 0.3816767291323628,
      "op_margin": -0.04901422684543878,
      "fcf_margin": -0.16743768676546178,
      "incr_op_margin_yoy": -0.9516666666666667,
      "rev_growth_yoy": -0.11146977543484823,
      "rev_growth_yoy_accel": -0.08010274872567799,
      "fcf_margin_change": -0.12660375434274432
    },
    {
      "date": "2024-12-31T00:00:00",
      "quarter_label": "2024-12 (Q4)",
      "revenue": 96138000,
      "gross_profit": 33898000,
      "operating_income": -13916000,
      "net_income": -54612000,
      "opex": 47814000,
      "cogs": 62240000,
      "rd": null,
      "sga": 45714000,
      "fcf": 2297000,
      "ocf": 3981000,
      "capex": -1684000,
      "gross_margin": 0.3525973080363644,
      "op_margin": -0.14475025484199797,
      "fcf_margin": 0.023892737523143814,
      "incr_op_margin_yoy": -1.9788996803922176,
      "rev_growth_yoy": -0.25105753125852065,
      "rev_growth_yoy_accel": -0.13958775582367242,
      "fcf_margin_change": 0.19133042428860558
    },
    {
      "date": "2025-03-31T00:00:00",
      "quarter_label": "2025-03 (Q1)",
      "revenue": 87440000,
      "gross_profit": 29285000,
      "operating_income": -8159000,
      "net_income": -32204000,
      "opex": 37444000,
      "cogs": 58155000,
      "rd": null,
      "sga": 37251000,
      "fcf": -17221000,
      "ocf": -15176000,
      "capex": -2045000,
      "gross_margin": 0.3349153705397987,
      "op_margin": -0.09330969807868253,
      "fcf_margin": -0.19694647758462946,
      "incr_op_margin_yoy": -0.0732705922492963,
      "rev_growth_yoy": -0.2868502826010717,
      "rev_growth_yoy_accel": -0.035792751342551055,
      "fcf_margin_change": -0.22083921510777327
    },
    {
      "date": "2025-06-30T00:00:00",
      "quarter_label": "2025-06 (Q2)",
      "revenue": 86350000,
      "gross_profit": 17153000,
      "operating_income": -15837000,
      "net_income": -77881000,
      "opex": 32990000,
      "cogs": 69197000,
      "rd": null,
      "sga": 32990000,
      "fcf": 2293000,
      "ocf": 4104000,
      "capex": -1811000,
      "gross_margin": 0.19864504921829762,
      "op_margin": -0.1834047481181239,
      "fcf_margin": 0.026554719166184133,
      "incr_op_margin_yoy": 0.6138774459320289,
      "rev_growth_yoy": -0.3102484223979551,
      "rev_growth_yoy_accel": -0.023398139796883377,
      "fcf_margin_change": 0.2235011967508136
    },
    {
      "date": "2025-09-30T00:00:00",
      "quarter_label": "2025-09 (Q3)",
      "revenue": 79912000,
      "gross_profit": 22911000,
      "operating_income": -12030000,
      "net_income": -14261000,
      "opex": 34941000,
      "cogs": 57001000,
      "rd": null,
      "sga": 34941000,
      "fcf": -24842000,
      "ocf": -24594000,
      "capex": -248000,
      "gross_margin": 0.28670287316047655,
      "op_margin": -0.15054059465411954,
      "fcf_margin": -0.3108669536490139,
      "incr_op_margin_yoy": 0.18364830374810015,
      "rev_growth_yoy": -0.30379934310830004,
      "rev_growth_yoy_accel": 0.006449079289655046,
      "fcf_margin_change": -0.337421672815198
    }
  ],
  "signals": [
    {
      "quarter": "2025-09 (Q3)",
      "signal": "GROSS MARGIN INFLECTION",
      "detail": "GM: +33.5% -> +19.9% -> +28.7% (reversal +8.8%)",
      "severity": "HIGH"
    },
    {
      "quarter": "2025-06 (Q2)",
      "signal": "FCF TURNED POSITIVE",
      "detail": "FCF margin: -19.7% -> +2.7%",
      "severity": "HIGH"
    },
    {
      "quarter": "2024-12 (Q4)",
      "signal": "FCF TURNED POSITIVE",
      "detail": "FCF margin: -16.7% -> +2.4%",
      "severity": "HIGH"
    },
    {
      "quarter": "2024-12 (Q4)",
      "signal": "YoY REVENUE GROWTH DECELERATION",
      "detail": "YoY growth: -25.1% vs prior quarter YoY: -11.1% (decel: -14.0%)",
      "severity": "WARNING"
    },
    {
      "quarter": "2024-09 (Q3)",
      "signal": "YoY REVENUE GROWTH DECELERATION",
      "detail": "YoY growth: -11.1% vs prior quarter YoY: -3.1% (decel: -8.0%)",
      "severity": "WARNING"
    },
    {
      "quarter": "2024-06 (Q2)",
      "signal": "OP MARGIN TURNED POSITIVE (QoQ)",
      "detail": "Op margin: -8.8% -> +6.4%",
      "severity": "HIGH"
    },
    {
      "quarter": "2023-12 (Q4)",
      "signal": "FCF TURNED POSITIVE",
      "detail": "FCF margin: -0.6% -> +6.0%",
      "severity": "HIGH"
    },
    {
      "quarter": "2023-12 (Q4)",
      "signal": "GROSS MARGIN INFLECTION",
      "detail": "GM: +40.3% -> +28.8% -> +34.0% (reversal +5.2%)",
      "severity": "HIGH"
    },
    {
      "quarter": "2023-06 (Q2)",
      "signal": "FCF MARGIN EXPANSION",
      "detail": "FCF margin: -7.3% -> -0.3% (+7.1%)",
      "severity": "MEDIUM"
    },
    {
      "quarter": "2023-06 (Q2)",
      "signal": "OP MARGIN TURNED POSITIVE (YoY)",
      "detail": "Op margin: -17.1% (year-ago) -> +0.0%",
      "severity": "HIGH"
    },
    {
      "quarter": "2023-06 (Q2)",
      "signal": "OP MARGIN TURNED POSITIVE (QoQ)",
      "detail": "Op margin: -6.6% -> +0.0%",
      "severity": "HIGH"
    },
    {
      "quarter": "2023-03 (Q1)",
      "signal": "GROSS MARGIN INFLECTION",
      "detail": "GM: +39.3% -> +33.0% -> +37.8% (reversal +4.8%)",
      "severity": "MEDIUM"
    },
    {
      "quarter": "2023-03 (Q1)",
      "signal": "YoY REVENUE GROWTH ACCELERATION",
      "detail": "YoY growth: +1.2% vs prior quarter YoY: -9.4% (accel: +10.6%)",
      "severity": "MEDIUM"
    },
    {
      "quarter": "2022-12 (Q4)",
      "signal": "FCF TURNED POSITIVE",
      "detail": "FCF margin: -20.7% -> +1.4%",
      "severity": "HIGH"
    },
    {
      "quarter": "2022-12 (Q4)",
      "signal": "YoY REVENUE GROWTH DECELERATION",
      "detail": "YoY growth: -9.4% vs prior quarter YoY: +0.3% (decel: -9.7%)",
      "severity": "WARNING"
    },
    {
      "quarter": "2022-09 (Q3)",
      "signal": "FCF MARGIN EXPANSION",
      "detail": "FCF margin: -78.0% -> -20.7% (+57.4%)",
      "severity": "MEDIUM"
    },
    {
      "quarter": "2022-09 (Q3)",
      "signal": "YoY REVENUE GROWTH DECELERATION",
      "detail": "YoY growth: +0.3% vs prior quarter YoY: +26.6% (decel: -26.2%)",
      "severity": "WARNING"
    },
    {
      "quarter": "2022-06 (Q2)",
      "signal": "OPERATING LEVERAGE",
      "detail": "Rev growth +5.3% vs OpEx growth +2.3% (leverage: 2.3x)",
      "severity": "MEDIUM"
    },
    {
      "quarter": "2022-06 (Q2)",
      "signal": "YoY REVENUE GROWTH DECELERATION",
      "detail": "YoY growth: +26.6% vs prior quarter YoY: +43.0% (decel: -16.4%)",
      "severity": "WARNING"
    },
    {
      "quarter": "2022-03 (Q1)",
      "signal": "GROSS MARGIN INFLECTION",
      "detail": "GM: +46.4% -> +41.1% -> +46.0% (reversal +4.9%)",
      "severity": "MEDIUM"
    },
    {
      "quarter": "2021-09 (Q3)",
      "signal": "FCF MARGIN EXPANSION",
      "detail": "FCF margin: -39.7% -> -18.1% (+21.6%)",
      "severity": "MEDIUM"
    },
    {
      "quarter": "2021-09 (Q3)",
      "signal": "OPERATING LEVERAGE",
      "detail": "Rev growth +29.2% vs OpEx growth +17.6% (leverage: 1.7x)",
      "severity": "MEDIUM"
    },
    {
      "quarter": "2021-06 (Q2)",
      "signal": "OPERATING LEVERAGE",
      "detail": "Rev growth +18.9% vs OpEx growth +9.3% (leverage: 2.0x)",
      "severity": "MEDIUM"
    }
  ],
  "data_quality": {
    "n_quarters": 19,
    "coverage": {
      "revenue": [
        19,
        19
      ],
      "gross_profit": [
        19,
        19
      ],
      "op_income": [
        19,
        19
      ],
      "fcf": [
        19,
        19
      ]
    },
    "gaps": [],
    "warnings": []
  },
  "market_cap": null,
  "source": "SEC EDGAR",
  "last_updated": "2026-02-02T23:57:45.683105",
  "sector": "Healthcare",
  "industry": "Drug Manufacturers - Specialty & Generic"
}