{
  "ticker": "CBT",
  "name": "Cabot Corporation",
  "quarters": [
    {
      "date": "2020-12-31T00:00:00",
      "quarter_label": "2020-12 (Q4)",
      "revenue": 746000000,
      "gross_profit": 193000000,
      "operating_income": 118000000,
      "net_income": 60000000,
      "opex": 75000000,
      "cogs": 553000000,
      "rd": 14000000,
      "sga": 61000000,
      "fcf": -8000000,
      "ocf": 21000000,
      "capex": -29000000,
      "gross_margin": 0.2587131367292225,
      "op_margin": 0.1581769436997319,
      "fcf_margin": -0.010723860589812333
    },
    {
      "date": "2021-03-31T00:00:00",
      "quarter_label": "2021-03 (Q1)",
      "revenue": 842000000,
      "gross_profit": 214000000,
      "operating_income": 128000000,
      "net_income": 75000000,
      "opex": 86000000,
      "cogs": 628000000,
      "rd": 15000000,
      "sga": 71000000,
      "fcf": 25000000,
      "ocf": 65000000,
      "capex": -40000000,
      "gross_margin": 0.25415676959619954,
      "op_margin": 0.15201900237529692,
      "fcf_margin": 0.029691211401425176,
      "op_leverage_ratio": 0.8774067755300999,
      "fcf_margin_change": 0.040415071991237506
    },
    {
      "date": "2021-06-30T00:00:00",
      "quarter_label": "2021-06 (Q2)",
      "revenue": 917000000,
      "gross_profit": 214000000,
      "operating_income": 134000000,
      "net_income": 86000000,
      "opex": 80000000,
      "cogs": 703000000,
      "rd": 12000000,
      "sga": 68000000,
      "fcf": 25000000,
      "ocf": 71000000,
      "capex": -46000000,
      "gross_margin": 0.23336968375136313,
      "op_margin": 0.14612868047982552,
      "fcf_margin": 0.027262813522355506,
      "op_leverage_ratio": Infinity,
      "fcf_margin_change": -0.00242839787906967
    },
    {
      "date": "2021-09-30T00:00:00",
      "quarter_label": "2021-09 (Q3)",
      "revenue": 904000000,
      "gross_profit": 178000000,
      "operating_income": 74000000,
      "net_income": 29000000,
      "opex": 104000000,
      "cogs": 726000000,
      "rd": 15000000,
      "sga": 89000000,
      "fcf": 20000000,
      "ocf": 100000000,
      "capex": -80000000,
      "gross_margin": 0.19690265486725664,
      "op_margin": 0.08185840707964602,
      "fcf_margin": 0.022123893805309734,
      "fcf_margin_change": -0.005138919717045772
    },
    {
      "date": "2021-12-31T00:00:00",
      "quarter_label": "2021-12 (Q4)",
      "revenue": 968000000,
      "gross_profit": 198000000,
      "operating_income": -83000000,
      "net_income": -89000000,
      "opex": 281000000,
      "cogs": 770000000,
      "rd": 13000000,
      "sga": 71000000,
      "fcf": -79000000,
      "ocf": -49000000,
      "capex": -30000000,
      "gross_margin": 0.20454545454545456,
      "op_margin": -0.08574380165289257,
      "fcf_margin": -0.08161157024793389,
      "incr_op_margin_yoy": -0.9054054054054054,
      "rev_growth_yoy": 0.2975871313672922,
      "op_leverage_ratio": 0.0415979201039948,
      "fcf_margin_change": -0.10373546405324363
    },
    {
      "date": "2022-03-31T00:00:00",
      "quarter_label": "2022-03 (Q1)",
      "revenue": 1092000000,
      "gross_profit": 232000000,
      "operating_income": 161000000,
      "net_income": 107000000,
      "opex": 71000000,
      "cogs": 860000000,
      "rd": 14000000,
      "sga": 74000000,
      "fcf": -31000000,
      "ocf": 10000000,
      "capex": -41000000,
      "gross_margin": 0.21245421245421245,
      "op_margin": 0.14743589743589744,
      "fcf_margin": -0.028388278388278388,
      "incr_op_margin_yoy": 0.132,
      "rev_growth_yoy": 0.29691211401425177,
      "rev_growth_yoy_accel": -0.0006750173530404302,
      "op_leverage_ratio": Infinity,
      "fcf_margin_change": 0.053223291859655505
    },
    {
      "date": "2022-06-30T00:00:00",
      "quarter_label": "2022-06 (Q2)",
      "revenue": 1149000000,
      "gross_profit": 235000000,
      "operating_income": 168000000,
      "net_income": 97000000,
      "opex": 67000000,
      "cogs": 914000000,
      "rd": 14000000,
      "sga": 51000000,
      "fcf": -16000000,
      "ocf": 34000000,
      "capex": -50000000,
      "gross_margin": 0.20452567449956485,
      "op_margin": 0.1462140992167102,
      "fcf_margin": -0.01392515230635335,
      "incr_op_margin_yoy": 0.14655172413793102,
      "rev_growth_yoy": 0.2529989094874591,
      "rev_growth_yoy_accel": -0.04391320452679265,
      "op_leverage_ratio": Infinity,
      "fcf_margin_change": 0.014463126081925038
    },
    {
      "date": "2022-09-30T00:00:00",
      "quarter_label": "2022-09 (Q3)",
      "revenue": 1112000000,
      "gross_profit": 220000000,
      "operating_income": 143000000,
      "net_income": 94000000,
      "opex": 77000000,
      "cogs": 892000000,
      "rd": 14000000,
      "sga": 62000000,
      "fcf": 15000000,
      "ocf": 105000000,
      "capex": -90000000,
      "gross_margin": 0.19784172661870503,
      "op_margin": 0.12859712230215828,
      "fcf_margin": 0.013489208633093525,
      "incr_op_margin_yoy": 0.3317307692307692,
      "rev_growth_yoy": 0.23008849557522124,
      "rev_growth_yoy_accel": -0.022910413912237887,
      "fcf_margin_change": 0.027414360939446873
    },
    {
      "date": "2022-12-31T00:00:00",
      "quarter_label": "2022-12 (Q4)",
      "revenue": 965000000,
      "gross_profit": 181000000,
      "operating_income": 105000000,
      "net_income": 54000000,
      "opex": 76000000,
      "cogs": 784000000,
      "rd": 13000000,
      "sga": 60000000,
      "fcf": 17000000,
      "ocf": 52000000,
      "capex": -35000000,
      "gross_margin": 0.18756476683937823,
      "op_margin": 0.10880829015544041,
      "fcf_margin": 0.017616580310880828,
      "incr_op_margin_yoy": -62.666666666666664,
      "rev_growth_yoy": -0.0030991735537190084,
      "rev_growth_yoy_accel": -0.23318766912894023,
      "fcf_margin_change": 0.004127371677787303
    },
    {
      "date": "2023-03-31T00:00:00",
      "quarter_label": "2023-03 (Q1)",
      "revenue": 1033000000,
      "gross_profit": 210000000,
      "operating_income": 129000000,
      "net_income": 75000000,
      "opex": 81000000,
      "cogs": 823000000,
      "rd": 15000000,
      "sga": 66000000,
      "fcf": 111000000,
      "ocf": 162000000,
      "capex": -51000000,
      "gross_margin": 0.20329138431752178,
      "op_margin": 0.12487899322362052,
      "fcf_margin": 0.1074540174249758,
      "incr_op_margin_yoy": 0.5423728813559322,
      "rev_growth_yoy": -0.05402930402930403,
      "rev_growth_yoy_accel": -0.05093013047558502,
      "op_leverage_ratio": 1.0710880829015543,
      "fcf_margin_change": 0.08983743711409498
    },
    {
      "date": "2023-06-30T00:00:00",
      "quarter_label": "2023-06 (Q2)",
      "revenue": 968000000,
      "gross_profit": 223000000,
      "operating_income": 150000000,
      "net_income": 82000000,
      "opex": 73000000,
      "cogs": 745000000,
      "rd": 15000000,
      "sga": 58000000,
      "fcf": 163000000,
      "ocf": 243000000,
      "capex": -80000000,
      "gross_margin": 0.2303719008264463,
      "op_margin": 0.15495867768595042,
      "fcf_margin": 0.1683884297520661,
      "incr_op_margin_yoy": 0.09944751381215469,
      "rev_growth_yoy": -0.15752828546562228,
      "rev_growth_yoy_accel": -0.10349898143631825,
      "fcf_margin_change": 0.060934412327090307
    },
    {
      "date": "2023-09-30T00:00:00",
      "quarter_label": "2023-09 (Q3)",
      "revenue": 965000000,
      "gross_profit": 225000000,
      "operating_income": 142000000,
      "net_income": 234000000,
      "opex": 83000000,
      "cogs": 740000000,
      "rd": 14000000,
      "sga": 69000000,
      "fcf": 60000000,
      "ocf": 138000000,
      "capex": -78000000,
      "gross_margin": 0.23316062176165803,
      "op_margin": 0.14715025906735751,
      "fcf_margin": 0.06217616580310881,
      "incr_op_margin_yoy": 0.006802721088435374,
      "rev_growth_yoy": -0.13219424460431656,
      "rev_growth_yoy_accel": 0.025334040861305723,
      "fcf_margin_change": -0.1062122639489573
    },
    {
      "date": "2023-12-31T00:00:00",
      "quarter_label": "2023-12 (Q4)",
      "revenue": 958000000,
      "gross_profit": 218000000,
      "operating_income": 136000000,
      "net_income": 50000000,
      "opex": 82000000,
      "cogs": 740000000,
      "rd": 15000000,
      "sga": 67000000,
      "fcf": 51000000,
      "ocf": 105000000,
      "capex": -54000000,
      "gross_margin": 0.22755741127348644,
      "op_margin": 0.1419624217118998,
      "fcf_margin": 0.05323590814196242,
      "incr_op_margin_yoy": -4.428571428571429,
      "rev_growth_yoy": -0.007253886010362694,
      "rev_growth_yoy_accel": 0.12494035859395386,
      "fcf_margin_change": -0.008940257661146388
    },
    {
      "date": "2024-03-31T00:00:00",
      "quarter_label": "2024-03 (Q1)",
      "revenue": 1019000000,
      "gross_profit": 246000000,
      "operating_income": 156000000,
      "net_income": 84000000,
      "opex": 90000000,
      "cogs": 773000000,
      "rd": 15000000,
      "sga": 75000000,
      "fcf": 133000000,
      "ocf": 176000000,
      "capex": -43000000,
      "gross_margin": 0.24141315014720313,
      "op_margin": 0.15309126594700687,
      "fcf_margin": 0.13052011776251227,
      "incr_op_margin_yoy": -1.9285714285714286,
      "rev_growth_yoy": -0.013552758954501452,
      "rev_growth_yoy_accel": -0.006298872944138757,
      "op_leverage_ratio": 0.6526617954070981,
      "fcf_margin_change": 0.07728420962054985
    },
    {
      "date": "2024-06-30T00:00:00",
      "quarter_label": "2024-06 (Q2)",
      "revenue": 1016000000,
      "gross_profit": 256000000,
      "operating_income": 172000000,
      "net_income": 109000000,
      "opex": 84000000,
      "cogs": 760000000,
      "rd": 16000000,
      "sga": 68000000,
      "fcf": 155000000,
      "ocf": 207000000,
      "capex": -52000000,
      "gross_margin": 0.25196850393700787,
      "op_margin": 0.16929133858267717,
      "fcf_margin": 0.15255905511811024,
      "incr_op_margin_yoy": 0.4583333333333333,
      "rev_growth_yoy": 0.049586776859504134,
      "rev_growth_yoy_accel": 0.06313953581400558,
      "fcf_margin_change": 0.022038937355597976
    },
    {
      "date": "2024-09-30T00:00:00",
      "quarter_label": "2024-09 (Q3)",
      "revenue": 1001000000,
      "gross_profit": 240000000,
      "operating_income": 150000000,
      "net_income": 137000000,
      "opex": 90000000,
      "cogs": 761000000,
      "rd": 17000000,
      "sga": 73000000,
      "fcf": 112000000,
      "ocf": 204000000,
      "capex": -92000000,
      "gross_margin": 0.23976023976023977,
      "op_margin": 0.14985014985014986,
      "fcf_margin": 0.11188811188811189,
      "incr_op_margin_yoy": 0.2222222222222222,
      "rev_growth_yoy": 0.03730569948186528,
      "rev_growth_yoy_accel": -0.012281077377638852,
      "fcf_margin_change": -0.040670943229998355
    },
    {
      "date": "2024-12-31T00:00:00",
      "quarter_label": "2024-12 (Q4)",
      "revenue": 955000000,
      "gross_profit": 235000000,
      "operating_income": 155000000,
      "net_income": 93000000,
      "opex": 80000000,
      "cogs": 720000000,
      "rd": 14000000,
      "sga": 66000000,
      "fcf": 47000000,
      "ocf": 124000000,
      "capex": -77000000,
      "gross_margin": 0.24607329842931938,
      "op_margin": 0.16230366492146597,
      "fcf_margin": 0.049214659685863874,
      "incr_op_margin_yoy": -6.333333333333333,
      "rev_growth_yoy": -0.003131524008350731,
      "rev_growth_yoy_accel": -0.040437223490216015,
      "fcf_margin_change": -0.06267345220224801
    },
    {
      "date": "2025-03-31T00:00:00",
      "quarter_label": "2025-03 (Q1)",
      "revenue": 936000000,
      "gross_profit": 241000000,
      "operating_income": 162000000,
      "net_income": 94000000,
      "opex": 79000000,
      "cogs": 695000000,
      "rd": 15000000,
      "sga": 64000000,
      "fcf": 1000000,
      "ocf": 73000000,
      "capex": -72000000,
      "gross_margin": 0.25747863247863245,
      "op_margin": 0.17307692307692307,
      "fcf_margin": 0.0010683760683760685,
      "incr_op_margin_yoy": -0.07228915662650602,
      "rev_growth_yoy": -0.08145240431795878,
      "rev_growth_yoy_accel": -0.07832088030960804,
      "fcf_margin_change": -0.0481462836174878
    },
    {
      "date": "2025-06-30T00:00:00",
      "quarter_label": "2025-06 (Q2)",
      "revenue": 923000000,
      "gross_profit": 244000000,
      "operating_income": 167000000,
      "net_income": 101000000,
      "opex": 77000000,
      "cogs": 679000000,
      "rd": 15000000,
      "sga": 62000000,
      "fcf": 188000000,
      "ocf": 249000000,
      "capex": -61000000,
      "gross_margin": 0.26435536294691225,
      "op_margin": 0.180931744312026,
      "fcf_margin": 0.20368364030335862,
      "incr_op_margin_yoy": 0.053763440860215055,
      "rev_growth_yoy": -0.09153543307086615,
      "rev_growth_yoy_accel": -0.01008302875290737,
      "fcf_margin_change": 0.20261526423498255
    },
    {
      "date": "2025-09-30T00:00:00",
      "quarter_label": "2025-09 (Q3)",
      "revenue": 899000000,
      "gross_profit": 220000000,
      "operating_income": 137000000,
      "net_income": 43000000,
      "opex": 83000000,
      "cogs": 679000000,
      "rd": 15000000,
      "sga": 68000000,
      "fcf": 155000000,
      "ocf": 219000000,
      "capex": -64000000,
      "gross_margin": 0.2447163515016685,
      "op_margin": 0.15239154616240266,
      "fcf_margin": 0.1724137931034483,
      "incr_op_margin_yoy": 0.12745098039215685,
      "rev_growth_yoy": -0.1018981018981019,
      "rev_growth_yoy_accel": -0.010362668827235758,
      "fcf_margin_change": -0.03126984719991033
    }
  ],
  "signals": [
    {
      "quarter": "2025-06 (Q2)",
      "signal": "FCF MARGIN EXPANSION",
      "detail": "FCF margin: +0.1% -> +20.4% (+20.3%)",
      "severity": "MEDIUM"
    },
    {
      "quarter": "2025-03 (Q1)",
      "signal": "YoY REVENUE GROWTH DECELERATION",
      "detail": "YoY growth: -8.1% vs prior quarter YoY: -0.3% (decel: -7.8%)",
      "severity": "WARNING"
    },
    {
      "quarter": "2024-06 (Q2)",
      "signal": "YoY REVENUE GROWTH ACCELERATION",
      "detail": "YoY growth: +5.0% vs prior quarter YoY: -1.4% (accel: +6.3%)",
      "severity": "MEDIUM"
    },
    {
      "quarter": "2024-06 (Q2)",
      "signal": "INCREMENTAL MARGIN (YoY)",
      "detail": "YoY Incr OPM: +45.8% vs year-ago OPM: +15.5%",
      "severity": "HIGH"
    },
    {
      "quarter": "2024-03 (Q1)",
      "signal": "FCF MARGIN EXPANSION",
      "detail": "FCF margin: +5.3% -> +13.1% (+7.7%)",
      "severity": "MEDIUM"
    },
    {
      "quarter": "2023-12 (Q4)",
      "signal": "YoY REVENUE GROWTH ACCELERATION",
      "detail": "YoY growth: -0.7% vs prior quarter YoY: -13.2% (accel: +12.5%)",
      "severity": "MEDIUM"
    },
    {
      "quarter": "2023-06 (Q2)",
      "signal": "FCF MARGIN EXPANSION",
      "detail": "FCF margin: +10.7% -> +16.8% (+6.1%)",
      "severity": "MEDIUM"
    },
    {
      "quarter": "2023-06 (Q2)",
      "signal": "YoY REVENUE GROWTH DECELERATION",
      "detail": "YoY growth: -15.8% vs prior quarter YoY: -5.4% (decel: -10.3%)",
      "severity": "WARNING"
    },
    {
      "quarter": "2023-03 (Q1)",
      "signal": "FCF MARGIN EXPANSION",
      "detail": "FCF margin: +1.8% -> +10.7% (+9.0%)",
      "severity": "MEDIUM"
    },
    {
      "quarter": "2023-03 (Q1)",
      "signal": "YoY REVENUE GROWTH DECELERATION",
      "detail": "YoY growth: -5.4% vs prior quarter YoY: -0.3% (decel: -5.1%)",
      "severity": "WARNING"
    },
    {
      "quarter": "2023-03 (Q1)",
      "signal": "INCREMENTAL MARGIN (YoY)",
      "detail": "YoY Incr OPM: +54.2% vs year-ago OPM: +14.7%",
      "severity": "HIGH"
    },
    {
      "quarter": "2022-12 (Q4)",
      "signal": "YoY REVENUE GROWTH DECELERATION",
      "detail": "YoY growth: -0.3% vs prior quarter YoY: +23.0% (decel: -23.3%)",
      "severity": "WARNING"
    },
    {
      "quarter": "2022-12 (Q4)",
      "signal": "OP MARGIN TURNED POSITIVE (YoY)",
      "detail": "Op margin: -8.6% (year-ago) -> +10.9%",
      "severity": "HIGH"
    },
    {
      "quarter": "2022-09 (Q3)",
      "signal": "FCF TURNED POSITIVE",
      "detail": "FCF margin: -1.4% -> +1.3%",
      "severity": "HIGH"
    },
    {
      "quarter": "2022-09 (Q3)",
      "signal": "INCREMENTAL MARGIN (YoY)",
      "detail": "YoY Incr OPM: +33.2% vs year-ago OPM: +8.2%",
      "severity": "HIGH"
    },
    {
      "quarter": "2022-03 (Q1)",
      "signal": "FCF MARGIN EXPANSION",
      "detail": "FCF margin: -8.2% -> -2.8% (+5.3%)",
      "severity": "MEDIUM"
    },
    {
      "quarter": "2022-03 (Q1)",
      "signal": "OP MARGIN TURNED POSITIVE (QoQ)",
      "detail": "Op margin: -8.6% -> +14.7%",
      "severity": "HIGH"
    },
    {
      "quarter": "2021-03 (Q1)",
      "signal": "FCF TURNED POSITIVE",
      "detail": "FCF margin: -1.1% -> +3.0%",
      "severity": "HIGH"
    }
  ],
  "data_quality": {
    "n_quarters": 20,
    "coverage": {
      "revenue": [
        20,
        20
      ],
      "gross_profit": [
        20,
        20
      ],
      "op_income": [
        20,
        20
      ],
      "fcf": [
        20,
        20
      ]
    },
    "gaps": [],
    "warnings": []
  },
  "market_cap": null,
  "source": "SEC EDGAR",
  "last_updated": "2026-02-02T21:14:28.415218"
}