{
  "ticker": "CBZ",
  "name": "CBIZ, Inc.",
  "quarters": [
    {
      "date": "2020-12-31T00:00:00",
      "quarter_label": "2020-12 (Q4)",
      "revenue": 211110000,
      "gross_profit": -638000,
      "operating_income": -13716000,
      "net_income": -94000,
      "opex": 13078000,
      "cogs": 211748000,
      "rd": null,
      "sga": null,
      "fcf": 62959000,
      "ocf": 65049000,
      "capex": -2090000,
      "gross_margin": -0.0030221211690587843,
      "op_margin": -0.06497086826772773,
      "fcf_margin": 0.2982284117284828
    },
    {
      "date": "2021-03-31T00:00:00",
      "quarter_label": "2021-03 (Q1)",
      "revenue": 300730000,
      "gross_profit": 76759000,
      "operating_income": 62276000,
      "net_income": 50209000,
      "opex": 14483000,
      "cogs": 223971000,
      "rd": null,
      "sga": null,
      "fcf": -15973000,
      "ocf": -14827000,
      "capex": -1146000,
      "gross_margin": 0.2552422438732418,
      "op_margin": 0.20708276527117347,
      "fcf_margin": -0.053114089049978386,
      "op_leverage_ratio": 3.9514923238311104,
      "fcf_margin_change": -0.3513425007784612
    },
    {
      "date": "2021-06-30T00:00:00",
      "quarter_label": "2021-06 (Q2)",
      "revenue": 278648000,
      "gross_profit": 41714000,
      "operating_income": -2570000,
      "net_income": 8607000,
      "opex": 44284000,
      "cogs": 236934000,
      "rd": null,
      "sga": null,
      "fcf": 79009000,
      "ocf": 81121000,
      "capex": -2112000,
      "gross_margin": 0.14970141540581666,
      "op_margin": -0.009223105853980649,
      "fcf_margin": 0.28354411300278487,
      "fcf_margin_change": 0.33665820205276326
    },
    {
      "date": "2021-09-30T00:00:00",
      "quarter_label": "2021-09 (Q3)",
      "revenue": 282719000,
      "gross_profit": 44391000,
      "operating_income": 31356000,
      "net_income": 21691000,
      "opex": 13035000,
      "cogs": 238328000,
      "rd": null,
      "sga": null,
      "fcf": 11459000,
      "ocf": 14652000,
      "capex": -3193000,
      "gross_margin": 0.15701456216242984,
      "op_margin": 0.11090871147676669,
      "fcf_margin": 0.04053141104771876,
      "op_leverage_ratio": Infinity,
      "fcf_margin_change": -0.2430127019550661
    },
    {
      "date": "2021-12-31T00:00:00",
      "quarter_label": "2021-12 (Q4)",
      "revenue": 242828000,
      "gross_profit": -3574000,
      "operating_income": -18390000,
      "net_income": -9620000,
      "opex": 14816000,
      "cogs": 246402000,
      "rd": null,
      "sga": null,
      "fcf": 47675000,
      "ocf": 50208000,
      "capex": -2533000,
      "gross_margin": -0.014718236776648491,
      "op_margin": -0.07573261732584381,
      "fcf_margin": 0.1963323834154216,
      "incr_op_margin_yoy": -0.14736111986884418,
      "rev_growth_yoy": 0.15024394865236132,
      "fcf_margin_change": 0.15580097236770285
    },
    {
      "date": "2022-03-31T00:00:00",
      "quarter_label": "2022-03 (Q1)",
      "revenue": 391722000,
      "gross_profit": 101423000,
      "operating_income": 85114000,
      "net_income": 58127000,
      "opex": 16309000,
      "cogs": 290299000,
      "rd": null,
      "sga": null,
      "fcf": -51723000,
      "ocf": -50890000,
      "capex": -833000,
      "gross_margin": 0.25891576168813596,
      "op_margin": 0.21728164361460423,
      "fcf_margin": -0.13204006923277223,
      "incr_op_margin_yoy": 0.25098909794267626,
      "rev_growth_yoy": 0.3025704119974728,
      "rev_growth_yoy_accel": 0.1523264633451115,
      "op_leverage_ratio": 6.084846066638907,
      "fcf_margin_change": -0.3283724526481938
    },
    {
      "date": "2022-06-30T00:00:00",
      "quarter_label": "2022-06 (Q2)",
      "revenue": 361952000,
      "gross_profit": 72216000,
      "operating_income": 61290000,
      "net_income": 31255000,
      "opex": 10926000,
      "cogs": 289736000,
      "rd": null,
      "sga": null,
      "fcf": 76591000,
      "ocf": 79398000,
      "capex": -2807000,
      "gross_margin": 0.19951816815489345,
      "op_margin": 0.16933184510653346,
      "fcf_margin": 0.21160540624171162,
      "incr_op_margin_yoy": 0.7665898396235475,
      "rev_growth_yoy": 0.2989578249260716,
      "rev_growth_yoy_accel": -0.0036125870714012187,
      "fcf_margin_change": 0.3436454754744839
    },
    {
      "date": "2022-09-30T00:00:00",
      "quarter_label": "2022-09 (Q3)",
      "revenue": 363262000,
      "gross_profit": 57245000,
      "operating_income": 41352000,
      "net_income": 27470000,
      "opex": 15893000,
      "cogs": 306017000,
      "rd": null,
      "sga": null,
      "fcf": 29161000,
      "ocf": 31551000,
      "capex": -2390000,
      "gross_margin": 0.15758598477132207,
      "op_margin": 0.11383519333153481,
      "fcf_margin": 0.0802753935176264,
      "incr_op_margin_yoy": 0.12410761953242368,
      "rev_growth_yoy": 0.28488711406025063,
      "rev_growth_yoy_accel": -0.014070710865820957,
      "fcf_margin_change": -0.13133001272408523
    },
    {
      "date": "2022-12-31T00:00:00",
      "quarter_label": "2022-12 (Q4)",
      "revenue": 295043000,
      "gross_profit": -7517000,
      "operating_income": -19412000,
      "net_income": -11498000,
      "opex": 11895000,
      "cogs": 302560000,
      "rd": null,
      "sga": null,
      "fcf": 63462000,
      "ocf": 66073000,
      "capex": -2611000,
      "gross_margin": -0.025477642241978286,
      "op_margin": -0.06579379954786252,
      "fcf_margin": 0.21509407103371372,
      "incr_op_margin_yoy": -0.01957291965910179,
      "rev_growth_yoy": 0.2150287446258257,
      "rev_growth_yoy_accel": -0.06985836943442494,
      "fcf_margin_change": 0.13481867751608734
    },
    {
      "date": "2023-03-31T00:00:00",
      "quarter_label": "2023-03 (Q1)",
      "revenue": 454606000,
      "gross_profit": 113595000,
      "operating_income": 97997000,
      "net_income": 73160000,
      "opex": 15598000,
      "cogs": 341011000,
      "rd": null,
      "sga": null,
      "fcf": -48110000,
      "ocf": -44511000,
      "capex": -3599000,
      "gross_margin": 0.24987571655455493,
      "op_margin": 0.2155646867837204,
      "fcf_margin": -0.10582790372322406,
      "incr_op_margin_yoy": 0.2048692831244832,
      "rev_growth_yoy": 0.16053221417229566,
      "rev_growth_yoy_accel": -0.054496530453530034,
      "op_leverage_ratio": 1.737231166135243,
      "fcf_margin_change": -0.3209219747569378
    },
    {
      "date": "2023-06-30T00:00:00",
      "quarter_label": "2023-06 (Q2)",
      "revenue": 398502000,
      "gross_profit": 54515000,
      "operating_income": 38722000,
      "net_income": 26863000,
      "opex": 15793000,
      "cogs": 343987000,
      "rd": null,
      "sga": null,
      "fcf": 66113000,
      "ocf": 74240000,
      "capex": -8127000,
      "gross_margin": 0.1367998153083297,
      "op_margin": 0.09716889752121696,
      "fcf_margin": 0.1659038097675796,
      "incr_op_margin_yoy": -0.6174555403556772,
      "rev_growth_yoy": 0.100980240473875,
      "rev_growth_yoy_accel": -0.05955197369842066,
      "fcf_margin_change": 0.27173171349080366
    },
    {
      "date": "2023-09-30T00:00:00",
      "quarter_label": "2023-09 (Q3)",
      "revenue": 410539000,
      "gross_profit": 68391000,
      "operating_income": 55255000,
      "net_income": 33682000,
      "opex": 13136000,
      "cogs": 342148000,
      "rd": null,
      "sga": null,
      "fcf": 20216000,
      "ocf": 27525000,
      "capex": -7309000,
      "gross_margin": 0.16658831438669652,
      "op_margin": 0.13459135429277122,
      "fcf_margin": 0.04924258109460977,
      "incr_op_margin_yoy": 0.29407534319013473,
      "rev_growth_yoy": 0.13014573503421772,
      "rev_growth_yoy_accel": 0.02916549456034273,
      "op_leverage_ratio": Infinity,
      "fcf_margin_change": -0.11666122867296982
    },
    {
      "date": "2023-12-31T00:00:00",
      "quarter_label": "2023-12 (Q4)",
      "revenue": 327547000,
      "gross_profit": -13297000,
      "operating_income": -26735000,
      "net_income": -12737000,
      "opex": 13438000,
      "cogs": 340844000,
      "rd": null,
      "sga": null,
      "fcf": 92236000,
      "ocf": 96253000,
      "capex": -4017000,
      "gross_margin": -0.040595700769660535,
      "op_margin": -0.08162187411272276,
      "fcf_margin": 0.2815962289381371,
      "incr_op_margin_yoy": -0.22529534826482894,
      "rev_growth_yoy": 0.11016699260785716,
      "rev_growth_yoy_accel": -0.019978742426360566,
      "fcf_margin_change": 0.23235364784352736
    },
    {
      "date": "2024-03-31T00:00:00",
      "quarter_label": "2024-03 (Q1)",
      "revenue": 494297000,
      "gross_profit": 117812000,
      "operating_income": 99101000,
      "net_income": 76884000,
      "opex": 18711000,
      "cogs": 376485000,
      "rd": null,
      "sga": null,
      "fcf": -68841000,
      "ocf": -63720000,
      "capex": -5121000,
      "gross_margin": 0.23834253495368168,
      "op_margin": 0.20048877496727677,
      "fcf_margin": -0.139270519545941,
      "incr_op_margin_yoy": 0.02781486986974377,
      "rev_growth_yoy": 0.08730857049840961,
      "rev_growth_yoy_accel": -0.02285842210944755,
      "op_leverage_ratio": 1.297385625821283,
      "fcf_margin_change": -0.4208667484840781
    },
    {
      "date": "2024-06-30T00:00:00",
      "quarter_label": "2024-06 (Q2)",
      "revenue": 420012000,
      "gross_profit": 53644000,
      "operating_income": 31594000,
      "net_income": 19793000,
      "opex": 22050000,
      "cogs": 366368000,
      "rd": null,
      "sga": null,
      "fcf": 86307000,
      "ocf": 88159000,
      "capex": -1852000,
      "gross_margin": 0.1277201603763702,
      "op_margin": 0.07522166033351428,
      "fcf_margin": 0.20548698608611182,
      "incr_op_margin_yoy": -0.3313807531380753,
      "rev_growth_yoy": 0.05397714440579972,
      "rev_growth_yoy_accel": -0.03333142609260989,
      "fcf_margin_change": 0.3447575056320528
    },
    {
      "date": "2024-09-30T00:00:00",
      "quarter_label": "2024-09 (Q3)",
      "revenue": 438884000,
      "gross_profit": 72913000,
      "operating_income": 49686000,
      "net_income": 35084000,
      "opex": 23227000,
      "cogs": 365971000,
      "rd": null,
      "sga": null,
      "fcf": 41052000,
      "ocf": 43729000,
      "capex": -2677000,
      "gross_margin": 0.1661327366684591,
      "op_margin": 0.11320986866689148,
      "fcf_margin": 0.09353724446550797,
      "incr_op_margin_yoy": -0.19647204092432527,
      "rev_growth_yoy": 0.06904337955711881,
      "rev_growth_yoy_accel": 0.015066235151319093,
      "op_leverage_ratio": 0.8417601468213907,
      "fcf_margin_change": -0.11194974162060385
    },
    {
      "date": "2024-12-31T00:00:00",
      "quarter_label": "2024-12 (Q4)",
      "revenue": 460279000,
      "gross_profit": -61900000,
      "operating_income": -106665000,
      "net_income": -90723000,
      "opex": 44765000,
      "cogs": 522179000,
      "rd": null,
      "sga": null,
      "fcf": 52260000,
      "ocf": 55524000,
      "capex": -3264000,
      "gross_margin": -0.1344836501339405,
      "op_margin": -0.2317398795078637,
      "fcf_margin": 0.11353983127624767,
      "incr_op_margin_yoy": -0.6021908808727361,
      "rev_growth_yoy": 0.40523039441667913,
      "rev_growth_yoy_accel": 0.3361870148595603,
      "op_leverage_ratio": 0.0525714904305664,
      "fcf_margin_change": 0.0200025868107397
    },
    {
      "date": "2025-03-31T00:00:00",
      "quarter_label": "2025-03 (Q1)",
      "revenue": 838014000,
      "gross_profit": 228102000,
      "operating_income": 200032000,
      "net_income": 122773000,
      "opex": 28070000,
      "cogs": 609912000,
      "rd": null,
      "sga": null,
      "fcf": -93443000,
      "ocf": -88266000,
      "capex": -5177000,
      "gross_margin": 0.2721935433059591,
      "op_margin": 0.23869768285494036,
      "fcf_margin": -0.11150529704754336,
      "incr_op_margin_yoy": 0.29364564452732916,
      "rev_growth_yoy": 0.6953653370342122,
      "rev_growth_yoy_accel": 0.2901349426175331,
      "op_leverage_ratio": Infinity,
      "fcf_margin_change": -0.22504512832379103
    },
    {
      "date": "2025-06-30T00:00:00",
      "quarter_label": "2025-06 (Q2)",
      "revenue": 683496000,
      "gross_profit": 87909000,
      "operating_income": 60272000,
      "net_income": 41942000,
      "opex": 27637000,
      "cogs": 595587000,
      "rd": null,
      "sga": null,
      "fcf": 105198000,
      "ocf": 113146000,
      "capex": -7948000,
      "gross_margin": 0.1286167000245795,
      "op_margin": 0.08818193522712642,
      "fcf_margin": 0.15391165420134134,
      "incr_op_margin_yoy": 0.10884152358397474,
      "rev_growth_yoy": 0.6273249335733265,
      "rev_growth_yoy_accel": -0.06804040346088569,
      "fcf_margin_change": 0.2654169512488847
    },
    {
      "date": "2025-09-30T00:00:00",
      "quarter_label": "2025-09 (Q3)",
      "revenue": 693818000,
      "gross_profit": 90129000,
      "operating_income": 58864000,
      "net_income": 30146000,
      "opex": 31265000,
      "cogs": 603689000,
      "rd": null,
      "sga": null,
      "fcf": 22056000,
      "ocf": 23966000,
      "capex": -1910000,
      "gross_margin": 0.12990294284668313,
      "op_margin": 0.08484069309242481,
      "fcf_margin": 0.0317893165066343,
      "incr_op_margin_yoy": 0.036001474891540555,
      "rev_growth_yoy": 0.5808687489177095,
      "rev_growth_yoy_accel": -0.04645618465561707,
      "op_leverage_ratio": 0.11504069521480453,
      "fcf_margin_change": -0.12212233769470704
    }
  ],
  "signals": [
    {
      "quarter": "2025-06 (Q2)",
      "signal": "FCF TURNED POSITIVE",
      "detail": "FCF margin: -11.2% -> +15.4%",
      "severity": "HIGH"
    },
    {
      "quarter": "2025-06 (Q2)",
      "signal": "YoY REVENUE GROWTH DECELERATION",
      "detail": "YoY growth: +62.7% vs prior quarter YoY: +69.5% (decel: -6.8%)",
      "severity": "WARNING"
    },
    {
      "quarter": "2025-03 (Q1)",
      "signal": "GROSS MARGIN INFLECTION",
      "detail": "GM: +16.6% -> -13.4% -> +27.2% (reversal +40.7%)",
      "severity": "HIGH"
    },
    {
      "quarter": "2025-03 (Q1)",
      "signal": "YoY REVENUE GROWTH ACCELERATION",
      "detail": "YoY growth: +69.5% vs prior quarter YoY: +40.5% (accel: +29.0%)",
      "severity": "HIGH"
    },
    {
      "quarter": "2025-03 (Q1)",
      "signal": "OP MARGIN TURNED POSITIVE (QoQ)",
      "detail": "Op margin: -23.2% -> +23.9%",
      "severity": "HIGH"
    },
    {
      "quarter": "2024-12 (Q4)",
      "signal": "YoY REVENUE GROWTH ACCELERATION",
      "detail": "YoY growth: +40.5% vs prior quarter YoY: +6.9% (accel: +33.6%)",
      "severity": "HIGH"
    },
    {
      "quarter": "2024-09 (Q3)",
      "signal": "GROSS MARGIN INFLECTION",
      "detail": "GM: +23.8% -> +12.8% -> +16.6% (reversal +3.8%)",
      "severity": "MEDIUM"
    },
    {
      "quarter": "2024-06 (Q2)",
      "signal": "FCF TURNED POSITIVE",
      "detail": "FCF margin: -13.9% -> +20.5%",
      "severity": "HIGH"
    },
    {
      "quarter": "2024-03 (Q1)",
      "signal": "GROSS MARGIN INFLECTION",
      "detail": "GM: +16.7% -> -4.1% -> +23.8% (reversal +27.9%)",
      "severity": "HIGH"
    },
    {
      "quarter": "2024-03 (Q1)",
      "signal": "OP MARGIN TURNED POSITIVE (QoQ)",
      "detail": "Op margin: -8.2% -> +20.0%",
      "severity": "HIGH"
    },
    {
      "quarter": "2023-12 (Q4)",
      "signal": "FCF MARGIN EXPANSION",
      "detail": "FCF margin: +4.9% -> +28.2% (+23.2%)",
      "severity": "MEDIUM"
    },
    {
      "quarter": "2023-09 (Q3)",
      "signal": "GROSS MARGIN INFLECTION",
      "detail": "GM: +25.0% -> +13.7% -> +16.7% (reversal +3.0%)",
      "severity": "MEDIUM"
    },
    {
      "quarter": "2023-09 (Q3)",
      "signal": "INCREMENTAL MARGIN (YoY)",
      "detail": "YoY Incr OPM: +29.4% vs year-ago OPM: +11.4%",
      "severity": "MEDIUM"
    },
    {
      "quarter": "2023-06 (Q2)",
      "signal": "FCF TURNED POSITIVE",
      "detail": "FCF margin: -10.6% -> +16.6%",
      "severity": "HIGH"
    },
    {
      "quarter": "2023-06 (Q2)",
      "signal": "YoY REVENUE GROWTH DECELERATION",
      "detail": "YoY growth: +10.1% vs prior quarter YoY: +16.1% (decel: -6.0%)",
      "severity": "WARNING"
    },
    {
      "quarter": "2023-03 (Q1)",
      "signal": "OPERATING LEVERAGE",
      "detail": "Rev growth +54.1% vs OpEx growth +31.1% (leverage: 1.7x)",
      "severity": "MEDIUM"
    },
    {
      "quarter": "2023-03 (Q1)",
      "signal": "GROSS MARGIN INFLECTION",
      "detail": "GM: +15.8% -> -2.5% -> +25.0% (reversal +27.5%)",
      "severity": "HIGH"
    },
    {
      "quarter": "2023-03 (Q1)",
      "signal": "YoY REVENUE GROWTH DECELERATION",
      "detail": "YoY growth: +16.1% vs prior quarter YoY: +21.5% (decel: -5.4%)",
      "severity": "WARNING"
    },
    {
      "quarter": "2023-03 (Q1)",
      "signal": "OP MARGIN TURNED POSITIVE (QoQ)",
      "detail": "Op margin: -6.6% -> +21.6%",
      "severity": "HIGH"
    },
    {
      "quarter": "2022-12 (Q4)",
      "signal": "FCF MARGIN EXPANSION",
      "detail": "FCF margin: +8.0% -> +21.5% (+13.5%)",
      "severity": "MEDIUM"
    },
    {
      "quarter": "2022-12 (Q4)",
      "signal": "YoY REVENUE GROWTH DECELERATION",
      "detail": "YoY growth: +21.5% vs prior quarter YoY: +28.5% (decel: -7.0%)",
      "severity": "WARNING"
    },
    {
      "quarter": "2022-06 (Q2)",
      "signal": "FCF TURNED POSITIVE",
      "detail": "FCF margin: -13.2% -> +21.2%",
      "severity": "HIGH"
    },
    {
      "quarter": "2022-06 (Q2)",
      "signal": "OP MARGIN TURNED POSITIVE (YoY)",
      "detail": "Op margin: -0.9% (year-ago) -> +16.9%",
      "severity": "HIGH"
    },
    {
      "quarter": "2022-03 (Q1)",
      "signal": "OPERATING LEVERAGE",
      "detail": "Rev growth +61.3% vs OpEx growth +10.1% (leverage: 6.1x)",
      "severity": "MEDIUM"
    },
    {
      "quarter": "2022-03 (Q1)",
      "signal": "GROSS MARGIN INFLECTION",
      "detail": "GM: +15.7% -> -1.5% -> +25.9% (reversal +27.4%)",
      "severity": "HIGH"
    },
    {
      "quarter": "2022-03 (Q1)",
      "signal": "YoY REVENUE GROWTH ACCELERATION",
      "detail": "YoY growth: +30.3% vs prior quarter YoY: +15.0% (accel: +15.2%)",
      "severity": "HIGH"
    },
    {
      "quarter": "2022-03 (Q1)",
      "signal": "OP MARGIN TURNED POSITIVE (QoQ)",
      "detail": "Op margin: -7.6% -> +21.7%",
      "severity": "HIGH"
    },
    {
      "quarter": "2021-12 (Q4)",
      "signal": "FCF MARGIN EXPANSION",
      "detail": "FCF margin: +4.1% -> +19.6% (+15.6%)",
      "severity": "MEDIUM"
    },
    {
      "quarter": "2021-09 (Q3)",
      "signal": "OP MARGIN TURNED POSITIVE (QoQ)",
      "detail": "Op margin: -0.9% -> +11.1%",
      "severity": "HIGH"
    },
    {
      "quarter": "2021-06 (Q2)",
      "signal": "FCF TURNED POSITIVE",
      "detail": "FCF margin: -5.3% -> +28.4%",
      "severity": "HIGH"
    },
    {
      "quarter": "2021-03 (Q1)",
      "signal": "OPERATING LEVERAGE",
      "detail": "Rev growth +42.5% vs OpEx growth +10.7% (leverage: 4.0x)",
      "severity": "MEDIUM"
    },
    {
      "quarter": "2021-03 (Q1)",
      "signal": "OP MARGIN TURNED POSITIVE (QoQ)",
      "detail": "Op margin: -6.5% -> +20.7%",
      "severity": "HIGH"
    }
  ],
  "data_quality": {
    "n_quarters": 20,
    "coverage": {
      "revenue": [
        20,
        20
      ],
      "gross_profit": [
        20,
        20
      ],
      "op_income": [
        20,
        20
      ],
      "fcf": [
        20,
        20
      ]
    },
    "gaps": [],
    "warnings": []
  },
  "market_cap": null,
  "source": "SEC EDGAR",
  "last_updated": "2026-02-02T21:34:22.681208"
}