{
  "ticker": "CCC",
  "name": "CCC Intelligent Solutions Holdings Inc.",
  "quarters": [
    {
      "date": "2020-12-31T00:00:00",
      "quarter_label": "2020-12 (Q4)",
      "revenue": 165385000,
      "gross_profit": 112067000,
      "operating_income": 24132000,
      "net_income": 5617000,
      "opex": 87935000,
      "cogs": 53318000,
      "rd": 27377000,
      "sga": null,
      "fcf": 30862000,
      "ocf": 37154000,
      "capex": -6292000,
      "gross_margin": 0.6776128427608308,
      "op_margin": 0.14591407926958308,
      "fcf_margin": 0.18660700789067933
    },
    {
      "date": "2021-03-31T00:00:00",
      "quarter_label": "2021-03 (Q1)",
      "revenue": 157789000,
      "gross_profit": 113196000,
      "operating_income": -4402919,
      "net_income": 160624560,
      "opex": 105957000,
      "cogs": 44593000,
      "rd": 30624000,
      "sga": null,
      "fcf": 33597000,
      "ocf": 38234000,
      "capex": -4637000,
      "gross_margin": 0.7173884111059706,
      "op_margin": -0.027903839938145245,
      "fcf_margin": 0.21292358782931636,
      "fcf_margin_change": 0.026316579938637036
    },
    {
      "date": "2021-06-30T00:00:00",
      "quarter_label": "2021-06 (Q2)",
      "revenue": 166789000,
      "gross_profit": 121277000,
      "operating_income": -998689,
      "net_income": -17630095,
      "opex": 99276000,
      "cogs": 45512000,
      "rd": 31253000,
      "sga": null,
      "fcf": 13065000,
      "ocf": 21586000,
      "capex": -8521000,
      "gross_margin": 0.7271282878367279,
      "op_margin": -0.0059877389995743125,
      "fcf_margin": 0.07833250394210649,
      "op_leverage_ratio": Infinity,
      "fcf_margin_change": -0.13459108388720986
    },
    {
      "date": "2021-09-30T00:00:00",
      "quarter_label": "2021-09 (Q3)",
      "revenue": 176628000,
      "gross_profit": 118775000,
      "operating_income": -189212000,
      "net_income": -189782000,
      "opex": 307987000,
      "cogs": 57853000,
      "rd": 67016000,
      "sga": null,
      "fcf": 25041000,
      "ocf": 36905000,
      "capex": -11864000,
      "gross_margin": 0.6724585003510202,
      "op_margin": -1.071245782095704,
      "fcf_margin": 0.1417725388953054,
      "op_leverage_ratio": 0.028059665351426958,
      "fcf_margin_change": 0.0634400349531989
    },
    {
      "date": "2021-12-31T00:00:00",
      "quarter_label": "2021-12 (Q4)",
      "revenue": 187083000,
      "gross_profit": 139386000,
      "operating_income": 15299000,
      "net_income": -57869000,
      "opex": 124087000,
      "cogs": 47697000,
      "rd": 37097000,
      "sga": null,
      "fcf": 17311000,
      "ocf": 30610000,
      "capex": -13299000,
      "gross_margin": 0.745048988951428,
      "op_margin": 0.0817765376864814,
      "fcf_margin": 0.09253112254988427,
      "incr_op_margin_yoy": -0.40708821089501335,
      "rev_growth_yoy": 0.13119690419324606,
      "op_leverage_ratio": Infinity,
      "fcf_margin_change": -0.04924141634542112
    },
    {
      "date": "2022-03-31T00:00:00",
      "quarter_label": "2022-03 (Q1)",
      "revenue": 186823000,
      "gross_profit": 137427000,
      "operating_income": 12657000,
      "net_income": 11975000,
      "opex": 124770000,
      "cogs": 49396000,
      "rd": 35681000,
      "sga": null,
      "fcf": 32585000,
      "ocf": 46865000,
      "capex": -14280000,
      "gross_margin": 0.735600006423192,
      "op_margin": 0.06774861767555386,
      "fcf_margin": 0.17441642624302148,
      "incr_op_margin_yoy": 0.587584177171592,
      "rev_growth_yoy": 0.18400522216377568,
      "rev_growth_yoy_accel": 0.05280831797052962,
      "fcf_margin_change": 0.0818853036931372
    },
    {
      "date": "2022-06-30T00:00:00",
      "quarter_label": "2022-06 (Q2)",
      "revenue": 192786000,
      "gross_profit": 139941000,
      "operating_income": 12517000,
      "net_income": 15564000,
      "opex": 127424000,
      "cogs": 52845000,
      "rd": 38758000,
      "sga": null,
      "fcf": 29631000,
      "ocf": 40820000,
      "capex": -11189000,
      "gross_margin": 0.7258877719336466,
      "op_margin": 0.06492691378004627,
      "fcf_margin": 0.15369892004606145,
      "incr_op_margin_yoy": 0.5198941800977036,
      "rev_growth_yoy": 0.15586759318660104,
      "rev_growth_yoy_accel": -0.028137628977174645,
      "op_leverage_ratio": 1.500526688433371,
      "fcf_margin_change": -0.020717506196960028
    },
    {
      "date": "2022-09-30T00:00:00",
      "quarter_label": "2022-09 (Q3)",
      "revenue": 198734000,
      "gross_profit": 145607000,
      "operating_income": 17054000,
      "net_income": 9795000,
      "opex": 128553000,
      "cogs": 53127000,
      "rd": 40273000,
      "sga": null,
      "fcf": 17378000,
      "ocf": 30753000,
      "capex": -13375000,
      "gross_margin": 0.732672818943915,
      "op_margin": 0.08581319754043093,
      "fcf_margin": 0.08744351746555698,
      "incr_op_margin_yoy": 9.330769926716728,
      "rev_growth_yoy": 0.12515569445388047,
      "rev_growth_yoy_accel": -0.030711898732720566,
      "op_leverage_ratio": 3.4821923687312797,
      "fcf_margin_change": -0.06625540258050447
    },
    {
      "date": "2022-12-31T00:00:00",
      "quarter_label": "2022-12 (Q4)",
      "revenue": 204106000,
      "gross_profit": 145534000,
      "operating_income": 9694000,
      "net_income": 1072000,
      "opex": 135840000,
      "cogs": 58572000,
      "rd": 42246000,
      "sga": null,
      "fcf": 72362000,
      "ocf": 81469000,
      "capex": -9107000,
      "gross_margin": 0.7130314640431933,
      "op_margin": 0.04749492910546481,
      "fcf_margin": 0.35453146894260823,
      "incr_op_margin_yoy": -0.3292604123832462,
      "rev_growth_yoy": 0.09099169887162382,
      "rev_growth_yoy_accel": -0.03416399558225665,
      "op_leverage_ratio": 0.47686700784678415,
      "fcf_margin_change": 0.2670879514770512
    },
    {
      "date": "2023-03-31T00:00:00",
      "quarter_label": "2023-03 (Q1)",
      "revenue": 204919000,
      "gross_profit": 147787000,
      "operating_income": 13329000,
      "net_income": 2184000,
      "opex": 134458000,
      "cogs": 57132000,
      "rd": 40996000,
      "sga": null,
      "fcf": 18544000,
      "ocf": 33078000,
      "capex": -14534000,
      "gross_margin": 0.7211971559494239,
      "op_margin": 0.0650452129865947,
      "fcf_margin": 0.09049429286693766,
      "incr_op_margin_yoy": 0.03713527851458886,
      "rev_growth_yoy": 0.09686173543942662,
      "rev_growth_yoy_accel": 0.0058700365678028,
      "fcf_margin_change": -0.26403717607567057
    },
    {
      "date": "2023-06-30T00:00:00",
      "quarter_label": "2023-06 (Q2)",
      "revenue": 211710000,
      "gross_profit": 152586000,
      "operating_income": -73187000,
      "net_income": -97344000,
      "opex": 225773000,
      "cogs": 59124000,
      "rd": 43363000,
      "sga": null,
      "fcf": 55004000,
      "ocf": 69554000,
      "capex": -14550000,
      "gross_margin": 0.7207311888904634,
      "op_margin": -0.3456945822115158,
      "fcf_margin": 0.25980822823673894,
      "incr_op_margin_yoy": -4.528852251109702,
      "rev_growth_yoy": 0.09816065481933335,
      "rev_growth_yoy_accel": 0.0012989193799067267,
      "op_leverage_ratio": 0.04879732622965092,
      "fcf_margin_change": 0.16931393536980127
    },
    {
      "date": "2023-09-30T00:00:00",
      "quarter_label": "2023-09 (Q3)",
      "revenue": 221147000,
      "gross_profit": 163121000,
      "operating_income": 16571000,
      "net_income": -21202000,
      "opex": 146550000,
      "cogs": 58026000,
      "rd": 43532000,
      "sga": null,
      "fcf": 46403000,
      "ocf": 60506000,
      "capex": -14103000,
      "gross_margin": 0.7376134426422244,
      "op_margin": 0.07493205876634094,
      "fcf_margin": 0.2098287564380254,
      "incr_op_margin_yoy": -0.021549993307455495,
      "rev_growth_yoy": 0.11277889037608059,
      "rev_growth_yoy_accel": 0.014618235556747239,
      "op_leverage_ratio": Infinity,
      "fcf_margin_change": -0.04997947179871354
    },
    {
      "date": "2023-12-31T00:00:00",
      "quarter_label": "2023-12 (Q4)",
      "revenue": 228601000,
      "gross_profit": 172664000,
      "operating_income": 19361000,
      "net_income": 26291000,
      "opex": 153303000,
      "cogs": 55937000,
      "rd": 45215000,
      "sga": null,
      "fcf": 75050000,
      "ocf": 86895000,
      "capex": -11845000,
      "gross_margin": 0.7553072821203757,
      "op_margin": 0.08469341778907354,
      "fcf_margin": 0.3283012760224146,
      "incr_op_margin_yoy": 0.39465196978975303,
      "rev_growth_yoy": 0.12001117066622245,
      "rev_growth_yoy_accel": 0.007232280290141863,
      "op_leverage_ratio": 0.731471499394467,
      "fcf_margin_change": 0.1184725195843892
    },
    {
      "date": "2024-03-31T00:00:00",
      "quarter_label": "2024-03 (Q1)",
      "revenue": 227237000,
      "gross_profit": 167862000,
      "operating_income": 7797000,
      "net_income": -597000,
      "opex": 160065000,
      "cogs": 59375000,
      "rd": 49477000,
      "sga": null,
      "fcf": 39572000,
      "ocf": 55235000,
      "capex": -15663000,
      "gross_margin": 0.7387089250430168,
      "op_margin": 0.03431219387687744,
      "fcf_margin": 0.174144175464383,
      "incr_op_margin_yoy": -0.24787167308898647,
      "rev_growth_yoy": 0.10891132593854157,
      "rev_growth_yoy_accel": -0.011099844727680885,
      "fcf_margin_change": -0.1541571005580316
    },
    {
      "date": "2024-06-30T00:00:00",
      "quarter_label": "2024-06 (Q2)",
      "revenue": 232618000,
      "gross_profit": 177297000,
      "operating_income": 22513000,
      "net_income": 21445000,
      "opex": 154784000,
      "cogs": 55321000,
      "rd": 49253000,
      "sga": null,
      "fcf": 36213000,
      "ocf": 51774000,
      "capex": -15561000,
      "gross_margin": 0.7621809146325735,
      "op_margin": 0.09678098857354117,
      "fcf_margin": 0.15567582904160468,
      "incr_op_margin_yoy": 4.577195331930362,
      "rev_growth_yoy": 0.09875773463700345,
      "rev_growth_yoy_accel": -0.010153591301538117,
      "op_leverage_ratio": Infinity,
      "fcf_margin_change": -0.01846834642277831
    },
    {
      "date": "2024-09-30T00:00:00",
      "quarter_label": "2024-09 (Q3)",
      "revenue": 238481000,
      "gross_profit": 183420000,
      "operating_income": 28688000,
      "net_income": 4132000,
      "opex": 154732000,
      "cogs": 55061000,
      "rd": 49525000,
      "sga": null,
      "fcf": 49383000,
      "ocf": 63232000,
      "capex": -13849000,
      "gross_margin": 0.7691178752185709,
      "op_margin": 0.12029469852944259,
      "fcf_margin": 0.20707310016311573,
      "incr_op_margin_yoy": 0.699030806507442,
      "rev_growth_yoy": 0.0783822525288609,
      "rev_growth_yoy_accel": -0.02037548210814255,
      "op_leverage_ratio": Infinity,
      "fcf_margin_change": 0.051397271121511046
    },
    {
      "date": "2024-12-31T00:00:00",
      "quarter_label": "2024-12 (Q4)",
      "revenue": 246464000,
      "gross_profit": 185224000,
      "operating_income": 21108000,
      "net_income": 6260000,
      "opex": 164116000,
      "cogs": 61240000,
      "rd": 53238000,
      "sga": null,
      "fcf": 105706000,
      "ocf": 113645000,
      "capex": -7939000,
      "gross_margin": 0.7515255777720072,
      "op_margin": 0.08564333939236562,
      "fcf_margin": 0.42889022331861854,
      "incr_op_margin_yoy": 0.09779992162570676,
      "rev_growth_yoy": 0.07814051557079803,
      "rev_growth_yoy_accel": -0.00024173695806287143,
      "op_leverage_ratio": 0.5519560336220494,
      "fcf_margin_change": 0.2218171231555028
    },
    {
      "date": "2025-03-31T00:00:00",
      "quarter_label": "2025-03 (Q1)",
      "revenue": 251565000,
      "gross_profit": 184992000,
      "operating_income": -10699000,
      "net_income": -17421000,
      "opex": 195691000,
      "cogs": 66573000,
      "rd": 61763000,
      "sga": null,
      "fcf": 43646000,
      "ocf": 58492000,
      "capex": -14846000,
      "gross_margin": 0.7353646174944846,
      "op_margin": -0.042529763679367165,
      "fcf_margin": 0.17349790312642857,
      "incr_op_margin_yoy": -0.7602762249260112,
      "rev_growth_yoy": 0.10706002983669033,
      "rev_growth_yoy_accel": 0.0289195142658923,
      "op_leverage_ratio": 0.10757451458351709,
      "fcf_margin_change": -0.25539232019218994
    },
    {
      "date": "2025-06-30T00:00:00",
      "quarter_label": "2025-06 (Q2)",
      "revenue": 260451000,
      "gross_profit": 194016000,
      "operating_income": 24470000,
      "net_income": 12960000,
      "opex": 169546000,
      "cogs": 66435000,
      "rd": 59929000,
      "sga": null,
      "fcf": 27353000,
      "ocf": 43056000,
      "capex": -15703000,
      "gross_margin": 0.7449232293214463,
      "op_margin": 0.09395241331382871,
      "fcf_margin": 0.10502167394250742,
      "incr_op_margin_yoy": 0.07031221930801566,
      "rev_growth_yoy": 0.11965110180639503,
      "rev_growth_yoy_accel": 0.0125910719697047,
      "op_leverage_ratio": Infinity,
      "fcf_margin_change": -0.06847622918392116
    },
    {
      "date": "2025-09-30T00:00:00",
      "quarter_label": "2025-09 (Q3)",
      "revenue": 267120000,
      "gross_profit": 192973000,
      "operating_income": 29974000,
      "net_income": -1971000,
      "opex": 162999000,
      "cogs": 74147000,
      "rd": 52947000,
      "sga": null,
      "fcf": 78632000,
      "ocf": 94767000,
      "capex": -16135000,
      "gross_margin": 0.7224206349206349,
      "op_margin": 0.11221174004192871,
      "fcf_margin": 0.2943695717280623,
      "incr_op_margin_yoy": 0.04490380250707078,
      "rev_growth_yoy": 0.12008923142724158,
      "rev_growth_yoy_accel": 0.00043812962084655016,
      "op_leverage_ratio": Infinity,
      "fcf_margin_change": 0.18934789778555486
    }
  ],
  "signals": [
    {
      "quarter": "2025-09 (Q3)",
      "signal": "FCF MARGIN EXPANSION",
      "detail": "FCF margin: +10.5% -> +29.4% (+18.9%)",
      "severity": "MEDIUM"
    },
    {
      "quarter": "2025-06 (Q2)",
      "signal": "OP MARGIN TURNED POSITIVE (QoQ)",
      "detail": "Op margin: -4.3% -> +9.4%",
      "severity": "HIGH"
    },
    {
      "quarter": "2024-12 (Q4)",
      "signal": "FCF MARGIN EXPANSION",
      "detail": "FCF margin: +20.7% -> +42.9% (+22.2%)",
      "severity": "MEDIUM"
    },
    {
      "quarter": "2024-09 (Q3)",
      "signal": "FCF MARGIN EXPANSION",
      "detail": "FCF margin: +15.6% -> +20.7% (+5.1%)",
      "severity": "MEDIUM"
    },
    {
      "quarter": "2024-09 (Q3)",
      "signal": "INCREMENTAL MARGIN (YoY)",
      "detail": "YoY Incr OPM: +69.9% vs year-ago OPM: +7.5%",
      "severity": "HIGH"
    },
    {
      "quarter": "2024-06 (Q2)",
      "signal": "GROSS MARGIN INFLECTION",
      "detail": "GM: +75.5% -> +73.9% -> +76.2% (reversal +2.3%)",
      "severity": "MEDIUM"
    },
    {
      "quarter": "2024-06 (Q2)",
      "signal": "OP MARGIN TURNED POSITIVE (YoY)",
      "detail": "Op margin: -34.6% (year-ago) -> +9.7%",
      "severity": "HIGH"
    },
    {
      "quarter": "2023-12 (Q4)",
      "signal": "FCF MARGIN EXPANSION",
      "detail": "FCF margin: +21.0% -> +32.8% (+11.8%)",
      "severity": "MEDIUM"
    },
    {
      "quarter": "2023-12 (Q4)",
      "signal": "INCREMENTAL MARGIN (YoY)",
      "detail": "YoY Incr OPM: +39.5% vs year-ago OPM: +4.7%",
      "severity": "HIGH"
    },
    {
      "quarter": "2023-09 (Q3)",
      "signal": "OP MARGIN TURNED POSITIVE (QoQ)",
      "detail": "Op margin: -34.6% -> +7.5%",
      "severity": "HIGH"
    },
    {
      "quarter": "2023-06 (Q2)",
      "signal": "FCF MARGIN EXPANSION",
      "detail": "FCF margin: +9.0% -> +26.0% (+16.9%)",
      "severity": "MEDIUM"
    },
    {
      "quarter": "2022-12 (Q4)",
      "signal": "FCF MARGIN EXPANSION",
      "detail": "FCF margin: +8.7% -> +35.5% (+26.7%)",
      "severity": "MEDIUM"
    },
    {
      "quarter": "2022-09 (Q3)",
      "signal": "OPERATING LEVERAGE",
      "detail": "Rev growth +3.1% vs OpEx growth +0.9% (leverage: 3.5x)",
      "severity": "MEDIUM"
    },
    {
      "quarter": "2022-09 (Q3)",
      "signal": "OP MARGIN TURNED POSITIVE (YoY)",
      "detail": "Op margin: -107.1% (year-ago) -> +8.6%",
      "severity": "HIGH"
    },
    {
      "quarter": "2022-06 (Q2)",
      "signal": "OPERATING LEVERAGE",
      "detail": "Rev growth +3.2% vs OpEx growth +2.1% (leverage: 1.5x)",
      "severity": "MEDIUM"
    },
    {
      "quarter": "2022-06 (Q2)",
      "signal": "OP MARGIN TURNED POSITIVE (YoY)",
      "detail": "Op margin: -0.6% (year-ago) -> +6.5%",
      "severity": "HIGH"
    },
    {
      "quarter": "2022-03 (Q1)",
      "signal": "FCF MARGIN EXPANSION",
      "detail": "FCF margin: +9.3% -> +17.4% (+8.2%)",
      "severity": "MEDIUM"
    },
    {
      "quarter": "2022-03 (Q1)",
      "signal": "YoY REVENUE GROWTH ACCELERATION",
      "detail": "YoY growth: +18.4% vs prior quarter YoY: +13.1% (accel: +5.3%)",
      "severity": "MEDIUM"
    },
    {
      "quarter": "2022-03 (Q1)",
      "signal": "OP MARGIN TURNED POSITIVE (YoY)",
      "detail": "Op margin: -2.8% (year-ago) -> +6.8%",
      "severity": "HIGH"
    },
    {
      "quarter": "2021-12 (Q4)",
      "signal": "GROSS MARGIN INFLECTION",
      "detail": "GM: +72.7% -> +67.2% -> +74.5% (reversal +7.3%)",
      "severity": "HIGH"
    },
    {
      "quarter": "2021-12 (Q4)",
      "signal": "OP MARGIN TURNED POSITIVE (QoQ)",
      "detail": "Op margin: -107.1% -> +8.2%",
      "severity": "HIGH"
    },
    {
      "quarter": "2021-09 (Q3)",
      "signal": "FCF MARGIN EXPANSION",
      "detail": "FCF margin: +7.8% -> +14.2% (+6.3%)",
      "severity": "MEDIUM"
    }
  ],
  "data_quality": {
    "n_quarters": 20,
    "coverage": {
      "revenue": [
        20,
        20
      ],
      "gross_profit": [
        20,
        20
      ],
      "op_income": [
        20,
        20
      ],
      "fcf": [
        20,
        20
      ]
    },
    "gaps": [],
    "warnings": []
  },
  "market_cap": null,
  "source": "SEC EDGAR",
  "last_updated": "2026-02-02T21:02:58.225319"
}