{
  "ticker": "CCEL",
  "name": "CRYO-CELL INTERNATIONAL, INC.",
  "quarters": [
    {
      "date": "2020-11-30T00:00:00",
      "quarter_label": "2020-11 (Q4)",
      "revenue": 7540617,
      "gross_profit": 5227186,
      "operating_income": 2180120,
      "net_income": 1199825,
      "opex": 5360497,
      "cogs": 2313431,
      "rd": 7060,
      "sga": 3489829,
      "fcf": 2929159,
      "ocf": 2976725,
      "capex": -47566,
      "gross_margin": 0.6932040176553191,
      "op_margin": 0.28911692504738007,
      "fcf_margin": 0.3884508389698084
    },
    {
      "date": "2021-02-28T00:00:00",
      "quarter_label": "2021-02 (Q1)",
      "revenue": 6860617,
      "gross_profit": 4848420,
      "operating_income": 1235261,
      "net_income": 693590,
      "opex": 5625356,
      "cogs": 2012197,
      "rd": 6190,
      "sga": 3433312,
      "fcf": 2650064,
      "ocf": 2662042,
      "capex": -11978,
      "gross_margin": 0.7067032017674212,
      "op_margin": 0.1800510070741451,
      "fcf_margin": 0.3862719635857824,
      "fcf_margin_change": -0.0021788753840260022
    },
    {
      "date": "2021-05-31T00:00:00",
      "quarter_label": "2021-05 (Q2)",
      "revenue": 7205195,
      "gross_profit": 4982524,
      "operating_income": 1995068,
      "net_income": 1170629,
      "opex": 5210127,
      "cogs": 2222671,
      "rd": 3237,
      "sga": 3148396,
      "fcf": 1526814,
      "ocf": 1537108,
      "capex": -10294,
      "gross_margin": 0.6915182725797151,
      "op_margin": 0.2768929917927273,
      "fcf_margin": 0.21190460494129582,
      "op_leverage_ratio": Infinity,
      "fcf_margin_change": -0.1743673586444866
    },
    {
      "date": "2021-08-31T00:00:00",
      "quarter_label": "2021-08 (Q3)",
      "revenue": 7503652,
      "gross_profit": 5044714,
      "operating_income": 1596338,
      "net_income": 856494,
      "opex": 5907314,
      "cogs": 2458938,
      "rd": 10004,
      "sga": 3493794,
      "fcf": 527737,
      "ocf": 2059469,
      "capex": -1531732,
      "gross_margin": 0.672301167484846,
      "op_margin": 0.2127414757507411,
      "fcf_margin": 0.07033068697748776,
      "op_leverage_ratio": 0.3095530300314234,
      "fcf_margin_change": -0.14157391796380805
    },
    {
      "date": "2021-11-30T00:00:00",
      "quarter_label": "2021-11 (Q4)",
      "revenue": 7315438,
      "gross_profit": 5019508,
      "operating_income": -823545,
      "net_income": -637192,
      "opex": 8138983,
      "cogs": 2295930,
      "rd": 30439,
      "sga": 4549809,
      "fcf": 1387482,
      "ocf": 1667475,
      "capex": -279993,
      "gross_margin": 0.6861527635119046,
      "op_margin": -0.11257630780275904,
      "fcf_margin": 0.18966492505301802,
      "rev_growth_yoy": -0.02986214523294314,
      "fcf_margin_change": 0.11933423807553026
    },
    {
      "date": "2022-02-28T00:00:00",
      "quarter_label": "2022-02 (Q1)",
      "revenue": 7258531,
      "gross_profit": 5155329,
      "operating_income": 1470422,
      "net_income": 832047,
      "opex": 5788109,
      "cogs": 2103202,
      "rd": 147220,
      "sga": 3375954,
      "fcf": 859122,
      "ocf": 1506759,
      "capex": -647637,
      "gross_margin": 0.7102441251542495,
      "op_margin": 0.20257845561312612,
      "fcf_margin": 0.11836031285118159,
      "rev_growth_yoy": 0.05799973967355997,
      "rev_growth_yoy_accel": 0.08786188490650311,
      "fcf_margin_change": -0.07130461220183643
    },
    {
      "date": "2022-05-31T00:00:00",
      "quarter_label": "2022-05 (Q2)",
      "revenue": 7633217,
      "gross_profit": 5431677,
      "operating_income": 1194374,
      "net_income": 634719,
      "opex": 6438843,
      "cogs": 2201540,
      "rd": 80896,
      "sga": 3912586,
      "fcf": 1640240,
      "ocf": 1947210,
      "capex": -306970,
      "gross_margin": 0.7115842507818132,
      "op_margin": 0.15647059424617432,
      "fcf_margin": 0.21488187745743373,
      "rev_growth_yoy": 0.05940463790362371,
      "rev_growth_yoy_accel": 0.0014048982300637336,
      "op_leverage_ratio": 0.45914719190965925,
      "fcf_margin_change": 0.09652156460625214
    },
    {
      "date": "2022-08-31T00:00:00",
      "quarter_label": "2022-08 (Q3)",
      "revenue": 7680959,
      "gross_profit": 5332204,
      "operating_income": 954311,
      "net_income": 466820,
      "opex": 6726648,
      "cogs": 2348755,
      "rd": 80272,
      "sga": 3603411,
      "fcf": -8549921,
      "ocf": 2688942,
      "capex": -11238863,
      "gross_margin": 0.694210709886617,
      "op_margin": 0.12424373050292288,
      "fcf_margin": -1.1131319669848518,
      "rev_growth_yoy": 0.02362942737749565,
      "rev_growth_yoy_accel": -0.03577521052612806,
      "fcf_margin_change": -1.3280138444422855
    },
    {
      "date": "2022-11-30T00:00:00",
      "quarter_label": "2022-11 (Q4)",
      "revenue": 7764042,
      "gross_profit": 5625181,
      "operating_income": 405360,
      "net_income": 837822,
      "opex": 7358682,
      "cogs": 2138861,
      "rd": 76401,
      "sga": 4688323,
      "fcf": 2454747,
      "ocf": 2429736,
      "capex": 25011,
      "gross_margin": 0.724517074997791,
      "op_margin": 0.05220991849348574,
      "fcf_margin": 0.31616869151403354,
      "rev_growth_yoy": 0.06132291737008775,
      "rev_growth_yoy_accel": 0.0376934899925921,
      "op_leverage_ratio": 0.1151211139568847,
      "fcf_margin_change": 1.4293006584988854
    },
    {
      "date": "2023-02-28T00:00:00",
      "quarter_label": "2023-02 (Q1)",
      "revenue": 7824415,
      "gross_profit": 5757051,
      "operating_income": 1683171,
      "net_income": 766812,
      "opex": 6141244,
      "cogs": 2067364,
      "rd": 78834,
      "sga": 3878903,
      "fcf": 1268326,
      "ocf": 1643926,
      "capex": -375600,
      "gross_margin": 0.7357803746350366,
      "op_margin": 0.21511780752938078,
      "fcf_margin": 0.16209850832298645,
      "rev_growth_yoy": 0.0779612293451664,
      "rev_growth_yoy_accel": 0.016638311975078653,
      "fcf_margin_change": -0.1540701831910471
    },
    {
      "date": "2023-05-31T00:00:00",
      "quarter_label": "2023-05 (Q2)",
      "revenue": 7772690,
      "gross_profit": 5629504,
      "operating_income": 1027898,
      "net_income": 220976,
      "opex": 6744792,
      "cogs": 2143186,
      "rd": 304682,
      "sga": 4038968,
      "fcf": 531657,
      "ocf": 1989100,
      "capex": -1457443,
      "gross_margin": 0.7242671456085344,
      "op_margin": 0.1322448212909559,
      "fcf_margin": 0.06840064379256088,
      "rev_growth_yoy": 0.01827185051859524,
      "rev_growth_yoy_accel": -0.05968937882657116,
      "fcf_margin_change": -0.09369786453042557
    },
    {
      "date": "2023-08-31T00:00:00",
      "quarter_label": "2023-08 (Q3)",
      "revenue": 7869875,
      "gross_profit": 5713688,
      "operating_income": 1161044,
      "net_income": 680561,
      "opex": 6708831,
      "cogs": 2156187,
      "rd": 344132,
      "sga": 3804564,
      "fcf": -1348599,
      "ocf": 1942414,
      "capex": -3291013,
      "gross_margin": 0.7260201718578757,
      "op_margin": 0.14753017042837402,
      "fcf_margin": -0.17136218809066217,
      "rev_growth_yoy": 0.024595366281736433,
      "rev_growth_yoy_accel": 0.006323515763141194,
      "op_leverage_ratio": Infinity,
      "fcf_margin_change": -0.23976283188322306
    },
    {
      "date": "2023-11-30T00:00:00",
      "quarter_label": "2023-11 (Q4)",
      "revenue": 7876715,
      "gross_profit": 5801142,
      "operating_income": -16176145,
      "net_income": -11190018,
      "opex": 24052860,
      "cogs": 2075573,
      "rd": 443808,
      "sga": 5393079,
      "fcf": 1629401,
      "ocf": 3344314,
      "capex": -1714913,
      "gross_margin": 0.7364925606677403,
      "op_margin": -2.0536664078870444,
      "fcf_margin": 0.2068630133247172,
      "rev_growth_yoy": 0.014512157456129165,
      "rev_growth_yoy_accel": -0.010083208825607268,
      "fcf_margin_change": 0.3782252014153794
    },
    {
      "date": "2024-02-29T00:00:00",
      "quarter_label": "2024-02 (Q1)",
      "revenue": 7852235,
      "gross_profit": 5691767,
      "operating_income": 821223,
      "net_income": 556241,
      "opex": 7031012,
      "cogs": 2160468,
      "rd": 502889,
      "sga": 4339645,
      "fcf": -814587,
      "ocf": -356865,
      "capex": -457722,
      "gross_margin": 0.7248594826823191,
      "op_margin": 0.10458461826473608,
      "fcf_margin": -0.10373950856030162,
      "rev_growth_yoy": 0.0035555373788327947,
      "rev_growth_yoy_accel": -0.010956620077296371,
      "fcf_margin_change": -0.3106025218850188
    },
    {
      "date": "2024-05-31T00:00:00",
      "quarter_label": "2024-05 (Q2)",
      "revenue": 8042811,
      "gross_profit": 6018061,
      "operating_income": 1391518,
      "net_income": 655790,
      "opex": 6651293,
      "cogs": 2024750,
      "rd": 241085,
      "sga": 4021357,
      "fcf": 21549,
      "ocf": 1773481,
      "capex": -1751932,
      "gross_margin": 0.7482534402462024,
      "op_margin": 0.1730138878061414,
      "fcf_margin": 0.002679287129835576,
      "rev_growth_yoy": 0.034752576006504825,
      "rev_growth_yoy_accel": 0.03119703862767203,
      "op_leverage_ratio": Infinity,
      "fcf_margin_change": 0.1064187956901372
    },
    {
      "date": "2024-08-31T00:00:00",
      "quarter_label": "2024-08 (Q3)",
      "revenue": 8066715,
      "gross_profit": 5940869,
      "operating_income": 1389890,
      "net_income": 1051679,
      "opex": 6676825,
      "cogs": 2125846,
      "rd": 193933,
      "sga": 4149785,
      "fcf": 2251595,
      "ocf": 2437301,
      "capex": -185706,
      "gross_margin": 0.7364669509211619,
      "op_margin": 0.17229938085081722,
      "fcf_margin": 0.2791216746841806,
      "rev_growth_yoy": 0.02501183309773027,
      "rev_growth_yoy_accel": -0.009740742908774556,
      "fcf_margin_change": 0.276442387554345
    },
    {
      "date": "2024-11-30T00:00:00",
      "quarter_label": "2024-11 (Q4)",
      "revenue": 8024345,
      "gross_profit": 6387657,
      "operating_income": -122347,
      "net_income": -1861615,
      "opex": 8146692,
      "cogs": 1636688,
      "rd": 304629,
      "sga": 6010431,
      "fcf": 2148645,
      "ocf": 2156993,
      "capex": -8348,
      "gross_margin": 0.7960346919281263,
      "op_margin": -0.01524697654450301,
      "fcf_margin": 0.26776578025994646,
      "rev_growth_yoy": 0.018742584948166843,
      "rev_growth_yoy_accel": -0.006269248149563426,
      "fcf_margin_change": -0.011355894424234125
    },
    {
      "date": "2025-02-28T00:00:00",
      "quarter_label": "2025-02 (Q1)",
      "revenue": 7968880,
      "gross_profit": 5984292,
      "operating_income": 1056011,
      "net_income": 282855,
      "opex": 6912869,
      "cogs": 1984588,
      "rd": 98143,
      "sga": 4638285,
      "fcf": 892010,
      "ocf": 954063,
      "capex": -62053,
      "gross_margin": 0.7509577255523988,
      "op_margin": 0.13251686560721204,
      "fcf_margin": 0.11193668369959141,
      "rev_growth_yoy": 0.014855006249812952,
      "rev_growth_yoy_accel": -0.0038875786983538912,
      "fcf_margin_change": -0.15582909656035504
    },
    {
      "date": "2025-05-31T00:00:00",
      "quarter_label": "2025-05 (Q2)",
      "revenue": 7928843,
      "gross_profit": 6072304,
      "operating_income": 1492634,
      "net_income": 355785,
      "opex": 6436209,
      "cogs": 1856539,
      "rd": 131711,
      "sga": 4257857,
      "fcf": 644606,
      "ocf": 707014,
      "capex": -62408,
      "gross_margin": 0.7658499480945706,
      "op_margin": 0.18825369603106026,
      "fcf_margin": 0.08129887298815225,
      "rev_growth_yoy": -0.014170170105949276,
      "rev_growth_yoy_accel": -0.02902517635576223,
      "fcf_margin_change": -0.03063781071143916
    },
    {
      "date": "2025-08-31T00:00:00",
      "quarter_label": "2025-08 (Q3)",
      "revenue": 7825432,
      "gross_profit": 6024013,
      "operating_income": 1900536,
      "net_income": 749408,
      "opex": 5924896,
      "cogs": 1801419,
      "rd": 61625,
      "sga": 3876159,
      "fcf": 2497928,
      "ocf": 2536716,
      "capex": -38788,
      "gross_margin": 0.7697994181024127,
      "op_margin": 0.24286659190189117,
      "fcf_margin": 0.31920640291807534,
      "rev_growth_yoy": -0.029910936484058258,
      "rev_growth_yoy_accel": -0.01574076637810898,
      "fcf_margin_change": 0.2379075299299231
    }
  ],
  "signals": [
    {
      "quarter": "2025-08 (Q3)",
      "signal": "FCF MARGIN EXPANSION",
      "detail": "FCF margin: +8.1% -> +31.9% (+23.8%)",
      "severity": "MEDIUM"
    },
    {
      "quarter": "2025-02 (Q1)",
      "signal": "OP MARGIN TURNED POSITIVE (QoQ)",
      "detail": "Op margin: -1.5% -> +13.3%",
      "severity": "HIGH"
    },
    {
      "quarter": "2024-11 (Q4)",
      "signal": "GROSS MARGIN INFLECTION",
      "detail": "GM: +74.8% -> +73.6% -> +79.6% (reversal +6.0%)",
      "severity": "HIGH"
    },
    {
      "quarter": "2024-08 (Q3)",
      "signal": "FCF MARGIN EXPANSION",
      "detail": "FCF margin: +0.3% -> +27.9% (+27.6%)",
      "severity": "MEDIUM"
    },
    {
      "quarter": "2024-05 (Q2)",
      "signal": "FCF TURNED POSITIVE",
      "detail": "FCF margin: -10.4% -> +0.3%",
      "severity": "HIGH"
    },
    {
      "quarter": "2024-05 (Q2)",
      "signal": "GROSS MARGIN INFLECTION",
      "detail": "GM: +73.6% -> +72.5% -> +74.8% (reversal +2.3%)",
      "severity": "MEDIUM"
    },
    {
      "quarter": "2024-02 (Q1)",
      "signal": "OP MARGIN TURNED POSITIVE (QoQ)",
      "detail": "Op margin: -205.4% -> +10.5%",
      "severity": "HIGH"
    },
    {
      "quarter": "2023-11 (Q4)",
      "signal": "FCF TURNED POSITIVE",
      "detail": "FCF margin: -17.1% -> +20.7%",
      "severity": "HIGH"
    },
    {
      "quarter": "2023-05 (Q2)",
      "signal": "YoY REVENUE GROWTH DECELERATION",
      "detail": "YoY growth: +1.8% vs prior quarter YoY: +7.8% (decel: -6.0%)",
      "severity": "WARNING"
    },
    {
      "quarter": "2022-11 (Q4)",
      "signal": "FCF TURNED POSITIVE",
      "detail": "FCF margin: -111.3% -> +31.6%",
      "severity": "HIGH"
    },
    {
      "quarter": "2022-11 (Q4)",
      "signal": "GROSS MARGIN INFLECTION",
      "detail": "GM: +71.2% -> +69.4% -> +72.5% (reversal +3.0%)",
      "severity": "MEDIUM"
    },
    {
      "quarter": "2022-11 (Q4)",
      "signal": "OP MARGIN TURNED POSITIVE (YoY)",
      "detail": "Op margin: -11.3% (year-ago) -> +5.2%",
      "severity": "HIGH"
    },
    {
      "quarter": "2022-05 (Q2)",
      "signal": "FCF MARGIN EXPANSION",
      "detail": "FCF margin: +11.8% -> +21.5% (+9.7%)",
      "severity": "MEDIUM"
    },
    {
      "quarter": "2022-02 (Q1)",
      "signal": "YoY REVENUE GROWTH ACCELERATION",
      "detail": "YoY growth: +5.8% vs prior quarter YoY: -3.0% (accel: +8.8%)",
      "severity": "MEDIUM"
    },
    {
      "quarter": "2022-02 (Q1)",
      "signal": "OP MARGIN TURNED POSITIVE (QoQ)",
      "detail": "Op margin: -11.3% -> +20.3%",
      "severity": "HIGH"
    },
    {
      "quarter": "2021-11 (Q4)",
      "signal": "FCF MARGIN EXPANSION",
      "detail": "FCF margin: +7.0% -> +19.0% (+11.9%)",
      "severity": "MEDIUM"
    }
  ],
  "data_quality": {
    "n_quarters": 20,
    "coverage": {
      "revenue": [
        20,
        20
      ],
      "gross_profit": [
        20,
        20
      ],
      "op_income": [
        20,
        20
      ],
      "fcf": [
        20,
        20
      ]
    },
    "gaps": [],
    "warnings": []
  },
  "market_cap": null,
  "source": "SEC EDGAR",
  "last_updated": "2026-02-02T23:53:21.236542"
}