{
  "ticker": "CCI",
  "name": "CROWN CASTLE INC",
  "sector": "Real Estate",
  "industry": "REIT - Specialty",
  "quarters": [
    {
      "date": "2021-03-31T00:00:00",
      "quarter_label": "2021-03 (Q1)",
      "revenue": 1485000000,
      "gross_profit": 1404000000,
      "operating_income": 448000000,
      "net_income": null,
      "opex": 1037000000,
      "cogs": 81000000,
      "rd": null,
      "sga": 164000000,
      "fcf": 584000000,
      "ocf": 584000000,
      "capex": null,
      "gross_margin": 0.9454545454545454,
      "op_margin": 0.30168350168350166,
      "fcf_margin": 0.39326599326599326
    },
    {
      "date": "2021-06-30T00:00:00",
      "quarter_label": "2021-06 (Q2)",
      "revenue": 1583000000,
      "gross_profit": 1478000000,
      "operating_income": 505000000,
      "net_income": null,
      "opex": 1078000000,
      "cogs": 105000000,
      "rd": null,
      "sga": 169000000,
      "fcf": 787000000,
      "ocf": 787000000,
      "capex": null,
      "gross_margin": 0.9336702463676564,
      "op_margin": 0.31901452937460517,
      "fcf_margin": 0.49715729627289956,
      "op_leverage_ratio": 1.6691467520735814,
      "fcf_margin_change": 0.1038913030069063
    },
    {
      "date": "2021-09-30T00:00:00",
      "quarter_label": "2021-09 (Q3)",
      "revenue": 1618000000,
      "gross_profit": 1503000000,
      "operating_income": 526000000,
      "net_income": null,
      "opex": 1092000000,
      "cogs": 115000000,
      "rd": null,
      "sga": 167000000,
      "fcf": 684000000,
      "ocf": 684000000,
      "capex": null,
      "gross_margin": 0.9289245982694685,
      "op_margin": 0.32509270704573545,
      "fcf_margin": 0.4227441285537701,
      "op_leverage_ratio": 1.702463676563487,
      "fcf_margin_change": -0.07441316771912948
    },
    {
      "date": "2021-12-31T00:00:00",
      "quarter_label": "2021-12 (Q4)",
      "revenue": 1654000000,
      "gross_profit": 2000000,
      "operating_income": 523000000,
      "net_income": null,
      "opex": 1131000000,
      "cogs": 1652000000,
      "rd": null,
      "sga": 180000000,
      "fcf": 734000000,
      "ocf": 734000000,
      "capex": null,
      "gross_margin": 0.0012091898428053204,
      "op_margin": 0.3162031438935913,
      "fcf_margin": 0.4437726723095526,
      "op_leverage_ratio": 0.622991347342398,
      "fcf_margin_change": 0.021028543755782503
    },
    {
      "date": "2022-03-31T00:00:00",
      "quarter_label": "2022-03 (Q1)",
      "revenue": 1742000000,
      "gross_profit": 1629000000,
      "operating_income": 618000000,
      "net_income": 421000000,
      "opex": 1124000000,
      "cogs": 113000000,
      "rd": null,
      "sga": 181000000,
      "fcf": 558000000,
      "ocf": 558000000,
      "capex": null,
      "gross_margin": 0.9351320321469575,
      "op_margin": 0.3547646383467279,
      "fcf_margin": 0.3203214695752009,
      "incr_op_margin_yoy": 0.6614785992217899,
      "rev_growth_yoy": 0.17306397306397306,
      "op_leverage_ratio": null,
      "fcf_margin_change": -0.12345120273435167
    },
    {
      "date": "2022-06-30T00:00:00",
      "quarter_label": "2022-06 (Q2)",
      "revenue": 1734000000,
      "gross_profit": 1622000000,
      "operating_income": 593000000,
      "net_income": 421000000,
      "opex": 1141000000,
      "cogs": 112000000,
      "rd": null,
      "sga": 190000000,
      "fcf": 779000000,
      "ocf": 779000000,
      "capex": null,
      "gross_margin": 0.9354094579008074,
      "op_margin": 0.3419838523644752,
      "fcf_margin": 0.44925028835063435,
      "incr_op_margin_yoy": 0.5827814569536424,
      "rev_growth_yoy": 0.09538850284270373,
      "rev_growth_yoy_accel": -0.07767547022126933,
      "fcf_margin_change": 0.12892881877543344
    },
    {
      "date": "2022-09-30T00:00:00",
      "quarter_label": "2022-09 (Q3)",
      "revenue": 1746000000,
      "gross_profit": 1627000000,
      "operating_income": 602000000,
      "net_income": 419000000,
      "opex": 1144000000,
      "cogs": 119000000,
      "rd": null,
      "sga": 187000000,
      "fcf": 701000000,
      "ocf": 701000000,
      "capex": null,
      "gross_margin": 0.93184421534937,
      "op_margin": 0.3447880870561283,
      "fcf_margin": 0.40148911798396336,
      "incr_op_margin_yoy": 0.59375,
      "rev_growth_yoy": 0.07911001236093942,
      "rev_growth_yoy_accel": -0.0162784904817643,
      "fcf_margin_change": -0.04776117036667099
    },
    {
      "date": "2022-12-31T00:00:00",
      "quarter_label": "2022-12 (Q4)",
      "revenue": 1764000000,
      "gross_profit": 84000000,
      "operating_income": 612000000,
      "net_income": null,
      "opex": 1152000000,
      "cogs": 1680000000,
      "rd": null,
      "sga": 192000000,
      "fcf": 840000000,
      "ocf": 840000000,
      "capex": null,
      "gross_margin": 0.047619047619047616,
      "op_margin": 0.3469387755102041,
      "fcf_margin": 0.47619047619047616,
      "incr_op_margin_yoy": 0.8090909090909091,
      "rev_growth_yoy": 0.06650544135429262,
      "rev_growth_yoy_accel": -0.012604571006646803,
      "op_leverage_ratio": 1.4742268041237112,
      "fcf_margin_change": 0.0747013582065128
    },
    {
      "date": "2023-03-31T00:00:00",
      "quarter_label": "2023-03 (Q1)",
      "revenue": 1773000000,
      "gross_profit": 1669000000,
      "operating_income": 628000000,
      "net_income": 418000000,
      "opex": 1145000000,
      "cogs": 104000000,
      "rd": null,
      "sga": 195000000,
      "fcf": 606000000,
      "ocf": 606000000,
      "capex": null,
      "gross_margin": 0.9413423575860124,
      "op_margin": 0.3542019176536943,
      "fcf_margin": 0.34179357021996615,
      "incr_op_margin_yoy": 0.3225806451612903,
      "rev_growth_yoy": 0.017795637198622274,
      "rev_growth_yoy_accel": -0.04870980415567035,
      "fcf_margin_change": -0.13439690597051002
    },
    {
      "date": "2023-06-30T00:00:00",
      "quarter_label": "2023-06 (Q2)",
      "revenue": 1867000000,
      "gross_profit": 1769000000,
      "operating_income": 667000000,
      "net_income": 455000000,
      "opex": 1200000000,
      "cogs": 98000000,
      "rd": null,
      "sga": 210000000,
      "fcf": 1119000000,
      "ocf": 1119000000,
      "capex": null,
      "gross_margin": 0.9475093733261918,
      "op_margin": 0.35725763256561327,
      "fcf_margin": 0.5993572576325656,
      "incr_op_margin_yoy": 0.556390977443609,
      "rev_growth_yoy": 0.07670126874279123,
      "rev_growth_yoy_accel": 0.05890563154416896,
      "op_leverage_ratio": 1.1037276316464135,
      "fcf_margin_change": 0.2575636874125995
    },
    {
      "date": "2023-09-30T00:00:00",
      "quarter_label": "2023-09 (Q3)",
      "revenue": 1667000000,
      "gross_profit": 1601000000,
      "operating_income": 486000000,
      "net_income": 265000000,
      "opex": 1181000000,
      "cogs": 66000000,
      "rd": null,
      "sga": 176000000,
      "fcf": 533000000,
      "ocf": 533000000,
      "capex": null,
      "gross_margin": 0.9604079184163168,
      "op_margin": 0.29154169166166766,
      "fcf_margin": 0.3197360527894421,
      "incr_op_margin_yoy": 1.4683544303797469,
      "rev_growth_yoy": -0.04524627720504009,
      "rev_growth_yoy_accel": -0.12194754594783133,
      "fcf_margin_change": -0.2796212048431235
    },
    {
      "date": "2023-12-31T00:00:00",
      "quarter_label": "2023-12 (Q4)",
      "revenue": 1674000000,
      "gross_profit": 7000000,
      "operating_income": 588000000,
      "net_income": 363000000,
      "opex": 1086000000,
      "cogs": 1667000000,
      "rd": null,
      "sga": 178000000,
      "fcf": 868000000,
      "ocf": 868000000,
      "capex": null,
      "gross_margin": 0.004181600955794504,
      "op_margin": 0.35125448028673834,
      "fcf_margin": 0.5185185185185185,
      "incr_op_margin_yoy": 0.26666666666666666,
      "rev_growth_yoy": -0.05102040816326531,
      "rev_growth_yoy_accel": -0.005774130958225217,
      "fcf_margin_change": 0.19878246572907637
    },
    {
      "date": "2024-03-31T00:00:00",
      "quarter_label": "2024-03 (Q1)",
      "revenue": 1641000000,
      "gross_profit": 1607000000,
      "operating_income": 538000000,
      "net_income": 311000000,
      "opex": 1103000000,
      "cogs": 34000000,
      "rd": null,
      "sga": 183000000,
      "fcf": 599000000,
      "ocf": 599000000,
      "capex": null,
      "gross_margin": 0.9792809262644728,
      "op_margin": 0.327848872638635,
      "fcf_margin": 0.36502132845825713,
      "incr_op_margin_yoy": 0.6818181818181818,
      "rev_growth_yoy": -0.07445008460236886,
      "rev_growth_yoy_accel": -0.023429676439103556,
      "fcf_margin_change": -0.15349719006026136
    },
    {
      "date": "2024-06-30T00:00:00",
      "quarter_label": "2024-06 (Q2)",
      "revenue": 1626000000,
      "gross_profit": 1599000000,
      "operating_income": 485000000,
      "net_income": 251000000,
      "opex": 1141000000,
      "cogs": 27000000,
      "rd": null,
      "sga": 204000000,
      "fcf": 768000000,
      "ocf": 768000000,
      "capex": null,
      "gross_margin": 0.9833948339483395,
      "op_margin": 0.2982779827798278,
      "fcf_margin": 0.47232472324723246,
      "incr_op_margin_yoy": 0.7551867219917012,
      "rev_growth_yoy": -0.129084092126406,
      "rev_growth_yoy_accel": -0.054634007524037145,
      "fcf_margin_change": 0.10730339478897533
    },
    {
      "date": "2024-09-30T00:00:00",
      "quarter_label": "2024-09 (Q3)",
      "revenue": 1652000000,
      "gross_profit": 1622000000,
      "operating_income": 544000000,
      "net_income": 303000000,
      "opex": 1108000000,
      "cogs": 30000000,
      "rd": null,
      "sga": 153000000,
      "fcf": 699000000,
      "ocf": 699000000,
      "capex": null,
      "gross_margin": 0.9818401937046005,
      "op_margin": 0.32929782082324455,
      "fcf_margin": 0.4231234866828087,
      "incr_op_margin_yoy": -3.8666666666666667,
      "rev_growth_yoy": -0.008998200359928014,
      "rev_growth_yoy_accel": 0.12008589176647799,
      "op_leverage_ratio": null,
      "fcf_margin_change": -0.04920123656442377
    },
    {
      "date": "2024-12-31T00:00:00",
      "quarter_label": "2024-12 (Q4)",
      "revenue": 1649000000,
      "gross_profit": -66000000,
      "operating_income": -4505000000,
      "net_income": -4768000000,
      "opex": 6154000000,
      "cogs": 1715000000,
      "rd": null,
      "sga": 166000000,
      "fcf": 877000000,
      "ocf": 877000000,
      "capex": null,
      "gross_margin": -0.04002425712553062,
      "op_margin": -2.731958762886598,
      "fcf_margin": 0.5318374772589448,
      "incr_op_margin_yoy": 203.72,
      "rev_growth_yoy": -0.014934289127837515,
      "rev_growth_yoy_accel": -0.005936088767909501,
      "fcf_margin_change": 0.10871399057613612
    },
    {
      "date": "2025-03-31T00:00:00",
      "quarter_label": "2025-03 (Q1)",
      "revenue": 1061000000,
      "gross_profit": 1033000000,
      "operating_income": 521000000,
      "net_income": -464000000,
      "opex": 540000000,
      "cogs": 28000000,
      "rd": null,
      "sga": 93000000,
      "fcf": 641000000,
      "ocf": 641000000,
      "capex": null,
      "gross_margin": 0.9736098020735156,
      "op_margin": 0.49104618284637136,
      "fcf_margin": 0.6041470311027333,
      "incr_op_margin_yoy": 0.029310344827586206,
      "rev_growth_yoy": -0.3534430225472273,
      "rev_growth_yoy_accel": -0.3385087334193898,
      "fcf_margin_change": 0.07230955384378845
    },
    {
      "date": "2025-06-30T00:00:00",
      "quarter_label": "2025-06 (Q2)",
      "revenue": 1060000000,
      "gross_profit": 1033000000,
      "operating_income": 506000000,
      "net_income": 291000000,
      "opex": 554000000,
      "cogs": 27000000,
      "rd": null,
      "sga": 99000000,
      "fcf": 832000000,
      "ocf": 832000000,
      "capex": null,
      "gross_margin": 0.9745283018867924,
      "op_margin": 0.47735849056603774,
      "fcf_margin": 0.7849056603773585,
      "incr_op_margin_yoy": -0.037102473498233215,
      "rev_growth_yoy": -0.34809348093480935,
      "rev_growth_yoy_accel": 0.005349541612417963,
      "fcf_margin_change": 0.18075862927462527
    },
    {
      "date": "2025-09-30T00:00:00",
      "quarter_label": "2025-09 (Q3)",
      "revenue": 1072000000,
      "gross_profit": 1042000000,
      "operating_income": 525000000,
      "net_income": 323000000,
      "opex": 547000000,
      "cogs": 30000000,
      "rd": null,
      "sga": 97000000,
      "fcf": 714000000,
      "ocf": 714000000,
      "capex": null,
      "gross_margin": 0.9720149253731343,
      "op_margin": 0.48973880597014924,
      "fcf_margin": 0.6660447761194029,
      "incr_op_margin_yoy": 0.032758620689655175,
      "rev_growth_yoy": -0.35108958837772397,
      "rev_growth_yoy_accel": -0.0029961074429146195,
      "op_leverage_ratio": null,
      "fcf_margin_change": -0.1188608842579556
    },
    {
      "date": "2025-12-31T00:00:00",
      "quarter_label": "2025-12 (Q4)",
      "revenue": 1071000000,
      "gross_profit": 1042000000,
      "operating_income": 523000000,
      "net_income": 294000000,
      "opex": 548000000,
      "cogs": 29000000,
      "rd": null,
      "sga": 94000000,
      "fcf": 870000000,
      "ocf": 870000000,
      "capex": null,
      "gross_margin": 0.972922502334267,
      "op_margin": 0.488328664799253,
      "fcf_margin": 0.8123249299719888,
      "incr_op_margin_yoy": -8.698961937716263,
      "rev_growth_yoy": -0.35051546391752575,
      "rev_growth_yoy_accel": 0.000574124460198222,
      "fcf_margin_change": 0.14628015385258586
    }
  ],
  "signals": [
    {
      "quarter": "2025-12 (Q4)",
      "signal": "FCF MARGIN EXPANSION",
      "detail": "FCF margin: +66.6% -> +81.2% (+14.6%)",
      "severity": "MEDIUM"
    },
    {
      "quarter": "2025-12 (Q4)",
      "signal": "OP MARGIN TURNED POSITIVE (YoY)",
      "detail": "Op margin: -273.2% (year-ago) -> +48.8%",
      "severity": "HIGH"
    },
    {
      "quarter": "2025-06 (Q2)",
      "signal": "FCF MARGIN EXPANSION",
      "detail": "FCF margin: +60.4% -> +78.5% (+18.1%)",
      "severity": "MEDIUM"
    },
    {
      "quarter": "2025-03 (Q1)",
      "signal": "FCF MARGIN EXPANSION",
      "detail": "FCF margin: +53.2% -> +60.4% (+7.2%)",
      "severity": "MEDIUM"
    },
    {
      "quarter": "2025-03 (Q1)",
      "signal": "GROSS MARGIN INFLECTION",
      "detail": "GM: +98.2% -> -4.0% -> +97.4% (reversal +101.4%)",
      "severity": "HIGH"
    },
    {
      "quarter": "2025-03 (Q1)",
      "signal": "YoY REVENUE GROWTH DECELERATION",
      "detail": "YoY growth: -35.3% vs prior quarter YoY: -1.5% (decel: -33.9%)",
      "severity": "WARNING"
    },
    {
      "quarter": "2025-03 (Q1)",
      "signal": "OP MARGIN TURNED POSITIVE (QoQ)",
      "detail": "Op margin: -273.2% -> +49.1%",
      "severity": "HIGH"
    },
    {
      "quarter": "2024-12 (Q4)",
      "signal": "FCF MARGIN EXPANSION",
      "detail": "FCF margin: +42.3% -> +53.2% (+10.9%)",
      "severity": "MEDIUM"
    },
    {
      "quarter": "2024-09 (Q3)",
      "signal": "YoY REVENUE GROWTH ACCELERATION",
      "detail": "YoY growth: -0.9% vs prior quarter YoY: -12.9% (accel: +12.0%)",
      "severity": "MEDIUM"
    },
    {
      "quarter": "2024-06 (Q2)",
      "signal": "FCF MARGIN EXPANSION",
      "detail": "FCF margin: +36.5% -> +47.2% (+10.7%)",
      "severity": "MEDIUM"
    },
    {
      "quarter": "2024-06 (Q2)",
      "signal": "YoY REVENUE GROWTH DECELERATION",
      "detail": "YoY growth: -12.9% vs prior quarter YoY: -7.4% (decel: -5.5%)",
      "severity": "WARNING"
    },
    {
      "quarter": "2024-06 (Q2)",
      "signal": "INCREMENTAL MARGIN (YoY)",
      "detail": "YoY Incr OPM: +75.5% vs year-ago OPM: +35.7%",
      "severity": "HIGH"
    },
    {
      "quarter": "2024-03 (Q1)",
      "signal": "GROSS MARGIN INFLECTION",
      "detail": "GM: +96.0% -> +0.4% -> +97.9% (reversal +97.5%)",
      "severity": "HIGH"
    },
    {
      "quarter": "2024-03 (Q1)",
      "signal": "INCREMENTAL MARGIN (YoY)",
      "detail": "YoY Incr OPM: +68.2% vs year-ago OPM: +35.4%",
      "severity": "HIGH"
    },
    {
      "quarter": "2023-12 (Q4)",
      "signal": "FCF MARGIN EXPANSION",
      "detail": "FCF margin: +32.0% -> +51.9% (+19.9%)",
      "severity": "MEDIUM"
    },
    {
      "quarter": "2023-09 (Q3)",
      "signal": "YoY REVENUE GROWTH DECELERATION",
      "detail": "YoY growth: -4.5% vs prior quarter YoY: +7.7% (decel: -12.2%)",
      "severity": "WARNING"
    },
    {
      "quarter": "2023-09 (Q3)",
      "signal": "INCREMENTAL MARGIN (YoY)",
      "detail": "YoY Incr OPM: +146.8% vs year-ago OPM: +34.5%",
      "severity": "HIGH"
    },
    {
      "quarter": "2023-06 (Q2)",
      "signal": "FCF MARGIN EXPANSION",
      "detail": "FCF margin: +34.2% -> +59.9% (+25.8%)",
      "severity": "MEDIUM"
    },
    {
      "quarter": "2023-06 (Q2)",
      "signal": "YoY REVENUE GROWTH ACCELERATION",
      "detail": "YoY growth: +7.7% vs prior quarter YoY: +1.8% (accel: +5.9%)",
      "severity": "MEDIUM"
    },
    {
      "quarter": "2023-06 (Q2)",
      "signal": "INCREMENTAL MARGIN (YoY)",
      "detail": "YoY Incr OPM: +55.6% vs year-ago OPM: +34.2%",
      "severity": "HIGH"
    },
    {
      "quarter": "2023-03 (Q1)",
      "signal": "GROSS MARGIN INFLECTION",
      "detail": "GM: +93.2% -> +4.8% -> +94.1% (reversal +89.4%)",
      "severity": "HIGH"
    },
    {
      "quarter": "2022-12 (Q4)",
      "signal": "FCF MARGIN EXPANSION",
      "detail": "FCF margin: +40.1% -> +47.6% (+7.5%)",
      "severity": "MEDIUM"
    },
    {
      "quarter": "2022-12 (Q4)",
      "signal": "INCREMENTAL MARGIN (YoY)",
      "detail": "YoY Incr OPM: +80.9% vs year-ago OPM: +31.6%",
      "severity": "HIGH"
    },
    {
      "quarter": "2022-09 (Q3)",
      "signal": "INCREMENTAL MARGIN (YoY)",
      "detail": "YoY Incr OPM: +59.4% vs year-ago OPM: +32.5%",
      "severity": "HIGH"
    },
    {
      "quarter": "2022-06 (Q2)",
      "signal": "FCF MARGIN EXPANSION",
      "detail": "FCF margin: +32.0% -> +44.9% (+12.9%)",
      "severity": "MEDIUM"
    },
    {
      "quarter": "2022-06 (Q2)",
      "signal": "YoY REVENUE GROWTH DECELERATION",
      "detail": "YoY growth: +9.5% vs prior quarter YoY: +17.3% (decel: -7.8%)",
      "severity": "WARNING"
    },
    {
      "quarter": "2022-06 (Q2)",
      "signal": "INCREMENTAL MARGIN (YoY)",
      "detail": "YoY Incr OPM: +58.3% vs year-ago OPM: +31.9%",
      "severity": "HIGH"
    },
    {
      "quarter": "2022-03 (Q1)",
      "signal": "GROSS MARGIN INFLECTION",
      "detail": "GM: +92.9% -> +0.1% -> +93.5% (reversal +93.4%)",
      "severity": "HIGH"
    },
    {
      "quarter": "2022-03 (Q1)",
      "signal": "INCREMENTAL MARGIN (YoY)",
      "detail": "YoY Incr OPM: +66.1% vs year-ago OPM: +30.2%",
      "severity": "HIGH"
    },
    {
      "quarter": "2021-09 (Q3)",
      "signal": "OPERATING LEVERAGE",
      "detail": "Rev growth +2.2% vs OpEx growth +1.3% (leverage: 1.7x)",
      "severity": "MEDIUM"
    },
    {
      "quarter": "2021-06 (Q2)",
      "signal": "FCF MARGIN EXPANSION",
      "detail": "FCF margin: +39.3% -> +49.7% (+10.4%)",
      "severity": "MEDIUM"
    },
    {
      "quarter": "2021-06 (Q2)",
      "signal": "OPERATING LEVERAGE",
      "detail": "Rev growth +6.6% vs OpEx growth +4.0% (leverage: 1.7x)",
      "severity": "MEDIUM"
    }
  ],
  "data_quality": {
    "n_quarters": 20,
    "coverage": {
      "revenue": [
        20,
        20
      ],
      "gross_profit": [
        20,
        20
      ],
      "op_income": [
        20,
        20
      ],
      "fcf": [
        20,
        20
      ]
    },
    "gaps": [],
    "warnings": []
  },
  "market_cap": null,
  "source": "SEC EDGAR",
  "last_updated": "2026-02-24T10:10:03.428962"
}