{
  "ticker": "CCK",
  "name": "CROWN HOLDINGS, INC.",
  "quarters": [
    {
      "date": "2020-12-31T00:00:00",
      "quarter_label": "2020-12 (Q4)",
      "revenue": 2962000000,
      "gross_profit": 512000000,
      "operating_income": 337000000,
      "net_income": 151000000,
      "opex": 175000000,
      "cogs": 2329000000,
      "rd": null,
      "sga": 161000000,
      "fcf": 785000000,
      "ocf": 1006000000,
      "capex": -221000000,
      "gross_margin": 0.17285617825793384,
      "op_margin": 0.1137744767049291,
      "fcf_margin": 0.2650236326806212
    },
    {
      "date": "2021-03-31T00:00:00",
      "quarter_label": "2021-03 (Q1)",
      "revenue": 3078000000,
      "gross_profit": 677000000,
      "operating_income": 384000000,
      "net_income": 211000000,
      "opex": 293000000,
      "cogs": 2401000000,
      "rd": null,
      "sga": 164000000,
      "fcf": -520000000,
      "ocf": -385000000,
      "capex": -135000000,
      "gross_margin": 0.21994801819363222,
      "op_margin": 0.12475633528265107,
      "fcf_margin": -0.16894087069525665,
      "op_leverage_ratio": 0.0580803167809199,
      "fcf_margin_change": -0.43396450337587783
    },
    {
      "date": "2021-06-30T00:00:00",
      "quarter_label": "2021-06 (Q2)",
      "revenue": 2856000000,
      "gross_profit": 612000000,
      "operating_income": 385000000,
      "net_income": 128000000,
      "opex": 227000000,
      "cogs": 2244000000,
      "rd": null,
      "sga": 147000000,
      "fcf": 364000000,
      "ocf": 554000000,
      "capex": -190000000,
      "gross_margin": 0.21428571428571427,
      "op_margin": 0.13480392156862744,
      "fcf_margin": 0.12745098039215685,
      "fcf_margin_change": 0.2963918510874135
    },
    {
      "date": "2021-09-30T00:00:00",
      "quarter_label": "2021-09 (Q3)",
      "revenue": 2920000000,
      "gross_profit": 598000000,
      "operating_income": 348000000,
      "net_income": 102000000,
      "opex": 250000000,
      "cogs": 2322000000,
      "rd": null,
      "sga": 148000000,
      "fcf": -111000000,
      "ocf": 76000000,
      "capex": -187000000,
      "gross_margin": 0.2047945205479452,
      "op_margin": 0.11917808219178082,
      "fcf_margin": -0.03801369863013699,
      "op_leverage_ratio": 0.22116672756058947,
      "fcf_margin_change": -0.16546467902229384
    },
    {
      "date": "2021-12-31T00:00:00",
      "quarter_label": "2021-12 (Q4)",
      "revenue": 3054000000,
      "gross_profit": 573000000,
      "operating_income": 303000000,
      "net_income": -1001000000,
      "opex": 270000000,
      "cogs": 2481000000,
      "rd": null,
      "sga": 145000000,
      "fcf": 356000000,
      "ocf": 660000000,
      "capex": -304000000,
      "gross_margin": 0.18762278978389,
      "op_margin": 0.09921414538310412,
      "fcf_margin": 0.11656843483955469,
      "incr_op_margin_yoy": -0.3695652173913043,
      "rev_growth_yoy": 0.031060094530722483,
      "op_leverage_ratio": 0.5736301369863014,
      "fcf_margin_change": 0.15458213346969168
    },
    {
      "date": "2022-03-31T00:00:00",
      "quarter_label": "2022-03 (Q1)",
      "revenue": 3162000000,
      "gross_profit": 615000000,
      "operating_income": 344000000,
      "net_income": 216000000,
      "opex": 271000000,
      "cogs": 2547000000,
      "rd": null,
      "sga": 157000000,
      "fcf": -418000000,
      "ocf": -301000000,
      "capex": -117000000,
      "gross_margin": 0.19449715370018975,
      "op_margin": 0.10879190385831752,
      "fcf_margin": -0.13219481340923467,
      "incr_op_margin_yoy": -0.47619047619047616,
      "rev_growth_yoy": 0.02729044834307992,
      "rev_growth_yoy_accel": -0.0037696461876425627,
      "op_leverage_ratio": 9.548133595284872,
      "fcf_margin_change": -0.24876324824878937
    },
    {
      "date": "2022-06-30T00:00:00",
      "quarter_label": "2022-06 (Q2)",
      "revenue": 3510000000,
      "gross_profit": 649000000,
      "operating_income": 466000000,
      "net_income": 295000000,
      "opex": 183000000,
      "cogs": 2861000000,
      "rd": null,
      "sga": 140000000,
      "fcf": 304000000,
      "ocf": 497000000,
      "capex": -193000000,
      "gross_margin": 0.1849002849002849,
      "op_margin": 0.13276353276353275,
      "fcf_margin": 0.08660968660968661,
      "incr_op_margin_yoy": 0.12385321100917432,
      "rev_growth_yoy": 0.22899159663865545,
      "rev_growth_yoy_accel": 0.20170114829557553,
      "op_leverage_ratio": Infinity,
      "fcf_margin_change": 0.21880450001892127
    },
    {
      "date": "2022-09-30T00:00:00",
      "quarter_label": "2022-09 (Q3)",
      "revenue": 3259000000,
      "gross_profit": 533000000,
      "operating_income": 297000000,
      "net_income": 127000000,
      "opex": 236000000,
      "cogs": 2726000000,
      "rd": null,
      "sga": 122000000,
      "fcf": -359000000,
      "ocf": -62000000,
      "capex": -297000000,
      "gross_margin": 0.16354710033752684,
      "op_margin": 0.09113224915618288,
      "fcf_margin": -0.11015648972077324,
      "incr_op_margin_yoy": -0.1504424778761062,
      "rev_growth_yoy": 0.1160958904109589,
      "rev_growth_yoy_accel": -0.11289570622769655,
      "fcf_margin_change": -0.19676617633045984
    },
    {
      "date": "2022-12-31T00:00:00",
      "quarter_label": "2022-12 (Q4)",
      "revenue": 3012000000,
      "gross_profit": 503000000,
      "operating_income": 229000000,
      "net_income": 89000000,
      "opex": 274000000,
      "cogs": 2509000000,
      "rd": null,
      "sga": 137000000,
      "fcf": 437000000,
      "ocf": 669000000,
      "capex": -232000000,
      "gross_margin": 0.16699867197875165,
      "op_margin": 0.07602921646746348,
      "fcf_margin": 0.1450863213811421,
      "incr_op_margin_yoy": 1.7619047619047619,
      "rev_growth_yoy": -0.0137524557956778,
      "rev_growth_yoy_accel": -0.1298483462066367,
      "fcf_margin_change": 0.2552428111019154
    },
    {
      "date": "2023-03-31T00:00:00",
      "quarter_label": "2023-03 (Q1)",
      "revenue": 2974000000,
      "gross_profit": 563000000,
      "operating_income": 269000000,
      "net_income": 102000000,
      "opex": 294000000,
      "cogs": 2411000000,
      "rd": null,
      "sga": 160000000,
      "fcf": -468000000,
      "ocf": -235000000,
      "capex": -233000000,
      "gross_margin": 0.18930733019502355,
      "op_margin": 0.09045057162071285,
      "fcf_margin": -0.15736381977135172,
      "incr_op_margin_yoy": 0.39893617021276595,
      "rev_growth_yoy": -0.05945604048070841,
      "rev_growth_yoy_accel": -0.045703584685030614,
      "fcf_margin_change": -0.3024501411524938
    },
    {
      "date": "2023-06-30T00:00:00",
      "quarter_label": "2023-06 (Q2)",
      "revenue": 3109000000,
      "gross_profit": 646000000,
      "operating_income": 367000000,
      "net_income": 157000000,
      "opex": 279000000,
      "cogs": 2463000000,
      "rd": null,
      "sga": 148000000,
      "fcf": 307000000,
      "ocf": 528000000,
      "capex": -221000000,
      "gross_margin": 0.2077838533290447,
      "op_margin": 0.11804438726278546,
      "fcf_margin": 0.09874557735606304,
      "incr_op_margin_yoy": 0.24688279301745636,
      "rev_growth_yoy": -0.11424501424501425,
      "rev_growth_yoy_accel": -0.05478897376430584,
      "op_leverage_ratio": Infinity,
      "fcf_margin_change": 0.25610939712741476
    },
    {
      "date": "2023-09-30T00:00:00",
      "quarter_label": "2023-09 (Q3)",
      "revenue": 3069000000,
      "gross_profit": 642000000,
      "operating_income": 374000000,
      "net_income": 159000000,
      "opex": 268000000,
      "cogs": 2427000000,
      "rd": null,
      "sga": 129000000,
      "fcf": 379000000,
      "ocf": 539000000,
      "capex": -160000000,
      "gross_margin": 0.20918866080156404,
      "op_margin": 0.12186379928315412,
      "fcf_margin": 0.1234929944607364,
      "incr_op_margin_yoy": -0.4052631578947368,
      "rev_growth_yoy": -0.058300092052776926,
      "rev_growth_yoy_accel": 0.055944922192237324,
      "fcf_margin_change": 0.02474741710467336
    },
    {
      "date": "2023-12-31T00:00:00",
      "quarter_label": "2023-12 (Q4)",
      "revenue": 2858000000,
      "gross_profit": 613000000,
      "operating_income": 259000000,
      "net_income": 32000000,
      "opex": 354000000,
      "cogs": 2245000000,
      "rd": null,
      "sga": 145000000,
      "fcf": 442000000,
      "ocf": 621000000,
      "capex": -179000000,
      "gross_margin": 0.2144856543037089,
      "op_margin": 0.09062281315605318,
      "fcf_margin": 0.15465360391882435,
      "incr_op_margin_yoy": -0.19480519480519481,
      "rev_growth_yoy": -0.05112881806108898,
      "rev_growth_yoy_accel": 0.007171273991687946,
      "fcf_margin_change": 0.03116060945808795
    },
    {
      "date": "2024-03-31T00:00:00",
      "quarter_label": "2024-03 (Q1)",
      "revenue": 2784000000,
      "gross_profit": 537000000,
      "operating_income": 245000000,
      "net_income": 67000000,
      "opex": 292000000,
      "cogs": 2247000000,
      "rd": null,
      "sga": 154000000,
      "fcf": -196000000,
      "ocf": -102000000,
      "capex": -94000000,
      "gross_margin": 0.19288793103448276,
      "op_margin": 0.08800287356321838,
      "fcf_margin": -0.07040229885057471,
      "incr_op_margin_yoy": 0.12631578947368421,
      "rev_growth_yoy": -0.06388702084734364,
      "rev_growth_yoy_accel": -0.012758202786254662,
      "fcf_margin_change": -0.22505590276939907
    },
    {
      "date": "2024-06-30T00:00:00",
      "quarter_label": "2024-06 (Q2)",
      "revenue": 3040000000,
      "gross_profit": 661000000,
      "operating_income": 379000000,
      "net_income": 174000000,
      "opex": 282000000,
      "cogs": 2379000000,
      "rd": null,
      "sga": 150000000,
      "fcf": 361000000,
      "ocf": 445000000,
      "capex": -84000000,
      "gross_margin": 0.21743421052631579,
      "op_margin": 0.12467105263157895,
      "fcf_margin": 0.11875,
      "incr_op_margin_yoy": -0.17391304347826086,
      "rev_growth_yoy": -0.02219363139273078,
      "rev_growth_yoy_accel": 0.04169338945461286,
      "op_leverage_ratio": Infinity,
      "fcf_margin_change": 0.18915229885057472
    },
    {
      "date": "2024-09-30T00:00:00",
      "quarter_label": "2024-09 (Q3)",
      "revenue": 3074000000,
      "gross_profit": 691000000,
      "operating_income": 444000000,
      "net_income": -175000000,
      "opex": 247000000,
      "cogs": 2383000000,
      "rd": null,
      "sga": 146000000,
      "fcf": 478000000,
      "ocf": 554000000,
      "capex": -76000000,
      "gross_margin": 0.22478854912166557,
      "op_margin": 0.14443721535458687,
      "fcf_margin": 0.15549772283669486,
      "incr_op_margin_yoy": 14.0,
      "rev_growth_yoy": 0.0016291951775822744,
      "rev_growth_yoy_accel": 0.023822826570313056,
      "op_leverage_ratio": Infinity,
      "fcf_margin_change": 0.03674772283669486
    },
    {
      "date": "2024-12-31T00:00:00",
      "quarter_label": "2024-12 (Q4)",
      "revenue": 2903000000,
      "gross_profit": 650000000,
      "operating_income": 351000000,
      "net_income": 358000000,
      "opex": 299000000,
      "cogs": 2253000000,
      "rd": null,
      "sga": 147000000,
      "fcf": 146000000,
      "ocf": 295000000,
      "capex": -149000000,
      "gross_margin": 0.22390630382363072,
      "op_margin": 0.1209094040647606,
      "fcf_margin": 0.050292800551153975,
      "incr_op_margin_yoy": 2.0444444444444443,
      "rev_growth_yoy": 0.015745276417074877,
      "rev_growth_yoy_accel": 0.014116081239492602,
      "fcf_margin_change": -0.10520492228554087
    },
    {
      "date": "2025-03-31T00:00:00",
      "quarter_label": "2025-03 (Q1)",
      "revenue": 2887000000,
      "gross_profit": 625000000,
      "operating_income": 365000000,
      "net_income": 193000000,
      "opex": 260000000,
      "cogs": 2262000000,
      "rd": null,
      "sga": 152000000,
      "fcf": -19000000,
      "ocf": 14000000,
      "capex": -33000000,
      "gross_margin": 0.2164877034984413,
      "op_margin": 0.1264288188430897,
      "fcf_margin": -0.0065812261863526155,
      "incr_op_margin_yoy": 1.1650485436893203,
      "rev_growth_yoy": 0.03699712643678161,
      "rev_growth_yoy_accel": 0.021251850019706732,
      "fcf_margin_change": -0.05687402673750659
    },
    {
      "date": "2025-06-30T00:00:00",
      "quarter_label": "2025-06 (Q2)",
      "revenue": 3149000000,
      "gross_profit": 713000000,
      "operating_income": 391000000,
      "net_income": 181000000,
      "opex": 322000000,
      "cogs": 2436000000,
      "rd": null,
      "sga": 161000000,
      "fcf": 393000000,
      "ocf": 449000000,
      "capex": -56000000,
      "gross_margin": 0.22642108605906636,
      "op_margin": 0.12416640203239124,
      "fcf_margin": 0.12480152429342649,
      "incr_op_margin_yoy": 0.11009174311926606,
      "rev_growth_yoy": 0.03585526315789474,
      "rev_growth_yoy_accel": -0.0011418632788868718,
      "op_leverage_ratio": 0.38057141580164694,
      "fcf_margin_change": 0.1313827504797791
    },
    {
      "date": "2025-09-30T00:00:00",
      "quarter_label": "2025-09 (Q3)",
      "revenue": 3202000000,
      "gross_profit": 724000000,
      "operating_income": 423000000,
      "net_income": 214000000,
      "opex": 301000000,
      "cogs": 2478000000,
      "rd": null,
      "sga": 155000000,
      "fcf": 488000000,
      "ocf": 580000000,
      "capex": -92000000,
      "gross_margin": 0.22610868207370394,
      "op_margin": 0.13210493441599,
      "fcf_margin": 0.1524047470331043,
      "incr_op_margin_yoy": -0.1640625,
      "rev_growth_yoy": 0.04163955757970072,
      "rev_growth_yoy_accel": 0.005784294421805981,
      "op_leverage_ratio": Infinity,
      "fcf_margin_change": 0.027603222739677816
    }
  ],
  "signals": [
    {
      "quarter": "2025-06 (Q2)",
      "signal": "FCF TURNED POSITIVE",
      "detail": "FCF margin: -0.7% -> +12.5%",
      "severity": "HIGH"
    },
    {
      "quarter": "2025-03 (Q1)",
      "signal": "INCREMENTAL MARGIN (YoY)",
      "detail": "YoY Incr OPM: +116.5% vs year-ago OPM: +8.8%",
      "severity": "HIGH"
    },
    {
      "quarter": "2024-12 (Q4)",
      "signal": "INCREMENTAL MARGIN (YoY)",
      "detail": "YoY Incr OPM: +204.4% vs year-ago OPM: +9.1%",
      "severity": "HIGH"
    },
    {
      "quarter": "2024-09 (Q3)",
      "signal": "INCREMENTAL MARGIN (YoY)",
      "detail": "YoY Incr OPM: +1400.0% vs year-ago OPM: +12.2%",
      "severity": "HIGH"
    },
    {
      "quarter": "2024-06 (Q2)",
      "signal": "FCF TURNED POSITIVE",
      "detail": "FCF margin: -7.0% -> +11.9%",
      "severity": "HIGH"
    },
    {
      "quarter": "2024-06 (Q2)",
      "signal": "GROSS MARGIN INFLECTION",
      "detail": "GM: +21.4% -> +19.3% -> +21.7% (reversal +2.5%)",
      "severity": "MEDIUM"
    },
    {
      "quarter": "2023-09 (Q3)",
      "signal": "YoY REVENUE GROWTH ACCELERATION",
      "detail": "YoY growth: -5.8% vs prior quarter YoY: -11.4% (accel: +5.6%)",
      "severity": "MEDIUM"
    },
    {
      "quarter": "2023-06 (Q2)",
      "signal": "FCF TURNED POSITIVE",
      "detail": "FCF margin: -15.7% -> +9.9%",
      "severity": "HIGH"
    },
    {
      "quarter": "2023-06 (Q2)",
      "signal": "YoY REVENUE GROWTH DECELERATION",
      "detail": "YoY growth: -11.4% vs prior quarter YoY: -5.9% (decel: -5.5%)",
      "severity": "WARNING"
    },
    {
      "quarter": "2023-06 (Q2)",
      "signal": "INCREMENTAL MARGIN (YoY)",
      "detail": "YoY Incr OPM: +24.7% vs year-ago OPM: +13.3%",
      "severity": "MEDIUM"
    },
    {
      "quarter": "2023-03 (Q1)",
      "signal": "INCREMENTAL MARGIN (YoY)",
      "detail": "YoY Incr OPM: +39.9% vs year-ago OPM: +10.9%",
      "severity": "HIGH"
    },
    {
      "quarter": "2022-12 (Q4)",
      "signal": "FCF TURNED POSITIVE",
      "detail": "FCF margin: -11.0% -> +14.5%",
      "severity": "HIGH"
    },
    {
      "quarter": "2022-12 (Q4)",
      "signal": "YoY REVENUE GROWTH DECELERATION",
      "detail": "YoY growth: -1.4% vs prior quarter YoY: +11.6% (decel: -13.0%)",
      "severity": "WARNING"
    },
    {
      "quarter": "2022-12 (Q4)",
      "signal": "INCREMENTAL MARGIN (YoY)",
      "detail": "YoY Incr OPM: +176.2% vs year-ago OPM: +9.9%",
      "severity": "HIGH"
    },
    {
      "quarter": "2022-09 (Q3)",
      "signal": "YoY REVENUE GROWTH DECELERATION",
      "detail": "YoY growth: +11.6% vs prior quarter YoY: +22.9% (decel: -11.3%)",
      "severity": "WARNING"
    },
    {
      "quarter": "2022-06 (Q2)",
      "signal": "FCF TURNED POSITIVE",
      "detail": "FCF margin: -13.2% -> +8.7%",
      "severity": "HIGH"
    },
    {
      "quarter": "2022-06 (Q2)",
      "signal": "YoY REVENUE GROWTH ACCELERATION",
      "detail": "YoY growth: +22.9% vs prior quarter YoY: +2.7% (accel: +20.2%)",
      "severity": "HIGH"
    },
    {
      "quarter": "2022-03 (Q1)",
      "signal": "OPERATING LEVERAGE",
      "detail": "Rev growth +3.5% vs OpEx growth +0.4% (leverage: 9.5x)",
      "severity": "MEDIUM"
    },
    {
      "quarter": "2021-12 (Q4)",
      "signal": "FCF TURNED POSITIVE",
      "detail": "FCF margin: -3.8% -> +11.7%",
      "severity": "HIGH"
    },
    {
      "quarter": "2021-06 (Q2)",
      "signal": "FCF TURNED POSITIVE",
      "detail": "FCF margin: -16.9% -> +12.7%",
      "severity": "HIGH"
    }
  ],
  "data_quality": {
    "n_quarters": 20,
    "coverage": {
      "revenue": [
        20,
        20
      ],
      "gross_profit": [
        20,
        20
      ],
      "op_income": [
        20,
        20
      ],
      "fcf": [
        20,
        20
      ]
    },
    "gaps": [],
    "warnings": []
  },
  "market_cap": null,
  "source": "SEC EDGAR",
  "last_updated": "2026-02-02T20:33:03.552938",
  "sector": "Consumer Cyclical",
  "industry": "Packaging & Containers"
}