{
  "ticker": "CDRE",
  "name": "CADRE HOLDINGS, INC.",
  "quarters": [
    {
      "date": "2020-12-31T00:00:00",
      "quarter_label": "2020-12 (Q4)",
      "revenue": 107623000,
      "gross_profit": 39788000,
      "operating_income": 9290000,
      "net_income": 15780000,
      "opex": 30498000,
      "cogs": 67835000,
      "rd": null,
      "sga": 26664000,
      "fcf": 16432000,
      "ocf": 17227000,
      "capex": -795000,
      "gross_margin": 0.3696979270230341,
      "op_margin": 0.08631983869618948,
      "fcf_margin": 0.15268111834830844
    },
    {
      "date": "2021-03-31T00:00:00",
      "quarter_label": "2021-03 (Q1)",
      "revenue": 110536000,
      "gross_profit": 43959000,
      "operating_income": 15434000,
      "net_income": 6864000,
      "opex": 28525000,
      "cogs": 66577000,
      "rd": null,
      "sga": 28051000,
      "fcf": 16044000,
      "ocf": 16832000,
      "capex": -788000,
      "gross_margin": 0.3976894405442571,
      "op_margin": 0.13962871824563944,
      "fcf_margin": 0.14514728233335747,
      "op_leverage_ratio": Infinity,
      "fcf_margin_change": -0.007533836014950973
    },
    {
      "date": "2021-06-30T00:00:00",
      "quarter_label": "2021-06 (Q2)",
      "revenue": 114561000,
      "gross_profit": 48228000,
      "operating_income": 15423000,
      "net_income": 6815000,
      "opex": 32805000,
      "cogs": 66333000,
      "rd": null,
      "sga": 31444000,
      "fcf": 11157000,
      "ocf": 11875000,
      "capex": -718000,
      "gross_margin": 0.4209809621075235,
      "op_margin": 0.13462696729253412,
      "fcf_margin": 0.09738916385157252,
      "op_leverage_ratio": 0.2426856091710131,
      "fcf_margin_change": -0.04775811848178495
    },
    {
      "date": "2021-09-30T00:00:00",
      "quarter_label": "2021-09 (Q3)",
      "revenue": 98654000,
      "gross_profit": 39308000,
      "operating_income": 11542000,
      "net_income": -5306000,
      "opex": 27766000,
      "cogs": 59346000,
      "rd": null,
      "sga": 27673000,
      "fcf": 1563000,
      "ocf": 2282000,
      "capex": -719000,
      "gross_margin": 0.3984430433636751,
      "op_margin": 0.11699474932592697,
      "fcf_margin": 0.01584325014697833,
      "fcf_margin_change": -0.08154591370459419
    },
    {
      "date": "2021-12-31T00:00:00",
      "quarter_label": "2021-12 (Q4)",
      "revenue": 103537000,
      "gross_profit": 39195000,
      "operating_income": 9320000,
      "net_income": 4288000,
      "opex": 29875000,
      "cogs": 64342000,
      "rd": null,
      "sga": 27794000,
      "fcf": 8498000,
      "ocf": 9105000,
      "capex": -607000,
      "gross_margin": 0.378560321430986,
      "op_margin": 0.09001612949959918,
      "fcf_margin": 0.08207693867892638,
      "incr_op_margin_yoy": -0.007342143906020558,
      "rev_growth_yoy": -0.037965862315676016,
      "op_leverage_ratio": 0.6516415456549663,
      "fcf_margin_change": 0.06623368853194805
    },
    {
      "date": "2022-03-31T00:00:00",
      "quarter_label": "2022-03 (Q1)",
      "revenue": 104406000,
      "gross_profit": 40189000,
      "operating_income": -14482000,
      "net_income": -10165000,
      "opex": 54671000,
      "cogs": 64217000,
      "rd": null,
      "sga": 53950000,
      "fcf": 7966000,
      "ocf": 8916000,
      "capex": -950000,
      "gross_margin": 0.3849299848667701,
      "op_margin": -0.13870850334271978,
      "fcf_margin": 0.07629829703273758,
      "incr_op_margin_yoy": 4.8802610114192495,
      "rev_growth_yoy": -0.055457045668379536,
      "rev_growth_yoy_accel": -0.01749118335270352,
      "fcf_margin_change": -0.005778641646188798
    },
    {
      "date": "2022-06-30T00:00:00",
      "quarter_label": "2022-06 (Q2)",
      "revenue": 118232000,
      "gross_profit": 43221000,
      "operating_income": 8157000,
      "net_income": 4445000,
      "opex": 35064000,
      "cogs": 75011000,
      "rd": null,
      "sga": 32749000,
      "fcf": 14579000,
      "ocf": 16102000,
      "capex": -1523000,
      "gross_margin": 0.36556093105081533,
      "op_margin": 0.06899147438933623,
      "fcf_margin": 0.12330841058258339,
      "incr_op_margin_yoy": -1.9792971942250068,
      "rev_growth_yoy": 0.03204406386117439,
      "rev_growth_yoy_accel": 0.08750110952955392,
      "op_leverage_ratio": Infinity,
      "fcf_margin_change": 0.047010113549845814
    },
    {
      "date": "2022-09-30T00:00:00",
      "quarter_label": "2022-09 (Q3)",
      "revenue": 111554000,
      "gross_profit": 43740000,
      "operating_income": 10318000,
      "net_income": 4941000,
      "opex": 33422000,
      "cogs": 67814000,
      "rd": null,
      "sga": 31732000,
      "fcf": 4018000,
      "ocf": 4483000,
      "capex": -465000,
      "gross_margin": 0.392097100955591,
      "op_margin": 0.09249332162002259,
      "fcf_margin": 0.036018430535883966,
      "incr_op_margin_yoy": -0.09488372093023256,
      "rev_growth_yoy": 0.13076003000385183,
      "rev_growth_yoy_accel": 0.09871596614267744,
      "fcf_margin_change": -0.08728998004669943
    },
    {
      "date": "2022-12-31T00:00:00",
      "quarter_label": "2022-12 (Q4)",
      "revenue": 123645000,
      "gross_profit": 48528000,
      "operating_income": 12723000,
      "net_income": 6599000,
      "opex": 35805000,
      "cogs": 75117000,
      "rd": null,
      "sga": 34857000,
      "fcf": 15352000,
      "ocf": 16908000,
      "capex": -1556000,
      "gross_margin": 0.3924784665777023,
      "op_margin": 0.10289942981924056,
      "fcf_margin": 0.12416191516033806,
      "incr_op_margin_yoy": 0.16923612492540283,
      "rev_growth_yoy": 0.19421076523368458,
      "rev_growth_yoy_accel": 0.06345073522983274,
      "op_leverage_ratio": 1.5201465782401835,
      "fcf_margin_change": 0.0881434846244541
    },
    {
      "date": "2023-03-31T00:00:00",
      "quarter_label": "2023-03 (Q1)",
      "revenue": 111748000,
      "gross_profit": 46618000,
      "operating_income": 11220000,
      "net_income": 7002000,
      "opex": 35398000,
      "cogs": 65130000,
      "rd": null,
      "sga": 35250000,
      "fcf": 11941000,
      "ocf": 12722000,
      "capex": -781000,
      "gross_margin": 0.41717077710563055,
      "op_margin": 0.10040448151197337,
      "fcf_margin": 0.10685649855030963,
      "incr_op_margin_yoy": 3.5006810133478616,
      "rev_growth_yoy": 0.07032162902515181,
      "rev_growth_yoy_accel": -0.12388913620853277,
      "fcf_margin_change": -0.017305416610028435
    },
    {
      "date": "2023-06-30T00:00:00",
      "quarter_label": "2023-06 (Q2)",
      "revenue": 121087000,
      "gross_profit": 50747000,
      "operating_income": 15888000,
      "net_income": 10992000,
      "opex": 34859000,
      "cogs": 70340000,
      "rd": null,
      "sga": 34051000,
      "fcf": 13924000,
      "ocf": 15547000,
      "capex": -1623000,
      "gross_margin": 0.41909536118658486,
      "op_margin": 0.13121144301204918,
      "fcf_margin": 0.1149917001825134,
      "incr_op_margin_yoy": 2.7078809106830124,
      "rev_growth_yoy": 0.02414743893362203,
      "rev_growth_yoy_accel": -0.046174190091529774,
      "op_leverage_ratio": Infinity,
      "fcf_margin_change": 0.00813520163220377
    },
    {
      "date": "2023-09-30T00:00:00",
      "quarter_label": "2023-09 (Q3)",
      "revenue": 125114000,
      "gross_profit": 53603000,
      "operating_income": 16734000,
      "net_income": 11053000,
      "opex": 36869000,
      "cogs": 71511000,
      "rd": null,
      "sga": 36314000,
      "fcf": 16147000,
      "ocf": 17991000,
      "capex": -1844000,
      "gross_margin": 0.4284332688588008,
      "op_margin": 0.13375001998177663,
      "fcf_margin": 0.1290582988314657,
      "incr_op_margin_yoy": 0.4731563421828909,
      "rev_growth_yoy": 0.12155547985728885,
      "rev_growth_yoy_accel": 0.09740804092366681,
      "op_leverage_ratio": 0.5767704171586343,
      "fcf_margin_change": 0.014066598648952294
    },
    {
      "date": "2023-12-31T00:00:00",
      "quarter_label": "2023-12 (Q4)",
      "revenue": 124583000,
      "gross_profit": 49758000,
      "operating_income": 12677000,
      "net_income": 9594000,
      "opex": 37081000,
      "cogs": 74825000,
      "rd": null,
      "sga": 34904000,
      "fcf": 24470000,
      "ocf": 26949000,
      "capex": -2479000,
      "gross_margin": 0.3993963863448464,
      "op_margin": 0.1017554562018895,
      "fcf_margin": 0.19641524124479262,
      "rev_growth_yoy": 0.007586234785070161,
      "rev_growth_yoy_accel": -0.11396924507221869,
      "fcf_margin_change": 0.06735694241332693
    },
    {
      "date": "2024-03-31T00:00:00",
      "quarter_label": "2024-03 (Q1)",
      "revenue": 137860000,
      "gross_profit": 57628000,
      "operating_income": 11979000,
      "net_income": 6928000,
      "opex": 45649000,
      "cogs": 80232000,
      "rd": null,
      "sga": 40719000,
      "fcf": 794000,
      "ocf": 2137000,
      "capex": -1343000,
      "gross_margin": 0.41801827941389813,
      "op_margin": 0.08689249963731321,
      "fcf_margin": 0.005759466125054403,
      "incr_op_margin_yoy": 0.029067095588235295,
      "rev_growth_yoy": 0.23366861151877438,
      "rev_growth_yoy_accel": 0.2260823767337042,
      "op_leverage_ratio": 0.46122533024136775,
      "fcf_margin_change": -0.19065577511973822
    },
    {
      "date": "2024-06-30T00:00:00",
      "quarter_label": "2024-06 (Q2)",
      "revenue": 144309000,
      "gross_profit": 58650000,
      "operating_income": 19953000,
      "net_income": 12567000,
      "opex": 38697000,
      "cogs": 85659000,
      "rd": null,
      "sga": 38577000,
      "fcf": 9121000,
      "ocf": 11143000,
      "capex": -2022000,
      "gross_margin": 0.4064195580317236,
      "op_margin": 0.13826580462757002,
      "fcf_margin": 0.06320465113056012,
      "incr_op_margin_yoy": 0.17504952200499527,
      "rev_growth_yoy": 0.19177946435207743,
      "rev_growth_yoy_accel": -0.04188914716669695,
      "op_leverage_ratio": Infinity,
      "fcf_margin_change": 0.05744518500550572
    },
    {
      "date": "2024-09-30T00:00:00",
      "quarter_label": "2024-09 (Q3)",
      "revenue": 109408000,
      "gross_profit": 40016000,
      "operating_income": 5426000,
      "net_income": 3655000,
      "opex": 34590000,
      "cogs": 69392000,
      "rd": null,
      "sga": 33981000,
      "fcf": -6230000,
      "ocf": -5214000,
      "capex": -1016000,
      "gross_margin": 0.36575021936238666,
      "op_margin": 0.04959417958467388,
      "fcf_margin": -0.056942819537876575,
      "incr_op_margin_yoy": 0.7199796256207819,
      "rev_growth_yoy": -0.1255335134357466,
      "rev_growth_yoy_accel": -0.317312977787824,
      "fcf_margin_change": -0.1201474706684367
    },
    {
      "date": "2024-12-31T00:00:00",
      "quarter_label": "2024-12 (Q4)",
      "revenue": 175984000,
      "gross_profit": 77187000,
      "operating_income": 29403000,
      "net_income": 12983000,
      "opex": 47784000,
      "cogs": 98797000,
      "rd": null,
      "sga": 45046000,
      "fcf": 22424000,
      "ocf": 23711000,
      "capex": -1287000,
      "gross_margin": 0.4386023729429948,
      "op_margin": 0.16707768888080735,
      "fcf_margin": 0.12742067460678244,
      "incr_op_margin_yoy": 0.32540222952860837,
      "rev_growth_yoy": 0.4125843814966729,
      "rev_growth_yoy_accel": 0.5381178949324195,
      "op_leverage_ratio": 1.5953012357314693,
      "fcf_margin_change": 0.18436349414465902
    },
    {
      "date": "2025-03-31T00:00:00",
      "quarter_label": "2025-03 (Q1)",
      "revenue": 130106000,
      "gross_profit": 56131000,
      "operating_income": 13552000,
      "net_income": 9248000,
      "opex": 42579000,
      "cogs": 73975000,
      "rd": null,
      "sga": 41753000,
      "fcf": 16082000,
      "ocf": 17391000,
      "capex": -1309000,
      "gross_margin": 0.43142514565046963,
      "op_margin": 0.1041612223878991,
      "fcf_margin": 0.12360690513888675,
      "incr_op_margin_yoy": -0.20286303843177714,
      "rev_growth_yoy": -0.05624546641520383,
      "rev_growth_yoy_accel": -0.46882984791187676,
      "fcf_margin_change": -0.003813769467895689
    },
    {
      "date": "2025-06-30T00:00:00",
      "quarter_label": "2025-06 (Q2)",
      "revenue": 157109000,
      "gross_profit": 64249000,
      "operating_income": 14685000,
      "net_income": 12211000,
      "opex": 49564000,
      "cogs": 92860000,
      "rd": null,
      "sga": 45129000,
      "fcf": 1164000,
      "ocf": 2588000,
      "capex": -1424000,
      "gross_margin": 0.408945381868639,
      "op_margin": 0.09347013856621836,
      "fcf_margin": 0.0074088690017758375,
      "incr_op_margin_yoy": -0.4115625,
      "rev_growth_yoy": 0.08869855656958332,
      "rev_growth_yoy_accel": 0.14494402298478715,
      "op_leverage_ratio": 1.2651550064222177,
      "fcf_margin_change": -0.11619803613711091
    },
    {
      "date": "2025-09-30T00:00:00",
      "quarter_label": "2025-09 (Q3)",
      "revenue": 155869000,
      "gross_profit": 66625000,
      "operating_income": 18674000,
      "net_income": 10941000,
      "opex": 47951000,
      "cogs": 89244000,
      "rd": null,
      "sga": 45627000,
      "fcf": 21627000,
      "ocf": 22476000,
      "capex": -849000,
      "gross_margin": 0.42744227524395484,
      "op_margin": 0.11980573430252327,
      "fcf_margin": 0.13875113075723844,
      "incr_op_margin_yoy": 0.2851423774778847,
      "rev_growth_yoy": 0.42465816028078385,
      "rev_growth_yoy_accel": 0.33595960371120054,
      "fcf_margin_change": 0.1313422617554626
    }
  ],
  "signals": [
    {
      "quarter": "2025-09 (Q3)",
      "signal": "FCF MARGIN EXPANSION",
      "detail": "FCF margin: +0.7% -> +13.9% (+13.1%)",
      "severity": "MEDIUM"
    },
    {
      "quarter": "2025-09 (Q3)",
      "signal": "YoY REVENUE GROWTH ACCELERATION",
      "detail": "YoY growth: +42.5% vs prior quarter YoY: +8.9% (accel: +33.6%)",
      "severity": "HIGH"
    },
    {
      "quarter": "2025-09 (Q3)",
      "signal": "INCREMENTAL MARGIN (YoY)",
      "detail": "YoY Incr OPM: +28.5% vs year-ago OPM: +5.0%",
      "severity": "HIGH"
    },
    {
      "quarter": "2025-06 (Q2)",
      "signal": "YoY REVENUE GROWTH ACCELERATION",
      "detail": "YoY growth: +8.9% vs prior quarter YoY: -5.6% (accel: +14.5%)",
      "severity": "MEDIUM"
    },
    {
      "quarter": "2025-03 (Q1)",
      "signal": "YoY REVENUE GROWTH DECELERATION",
      "detail": "YoY growth: -5.6% vs prior quarter YoY: +41.3% (decel: -46.9%)",
      "severity": "WARNING"
    },
    {
      "quarter": "2024-12 (Q4)",
      "signal": "FCF TURNED POSITIVE",
      "detail": "FCF margin: -5.7% -> +12.7%",
      "severity": "HIGH"
    },
    {
      "quarter": "2024-12 (Q4)",
      "signal": "OPERATING LEVERAGE",
      "detail": "Rev growth +60.9% vs OpEx growth +38.1% (leverage: 1.6x)",
      "severity": "MEDIUM"
    },
    {
      "quarter": "2024-12 (Q4)",
      "signal": "GROSS MARGIN INFLECTION",
      "detail": "GM: +40.6% -> +36.6% -> +43.9% (reversal +7.3%)",
      "severity": "HIGH"
    },
    {
      "quarter": "2024-12 (Q4)",
      "signal": "YoY REVENUE GROWTH ACCELERATION",
      "detail": "YoY growth: +41.3% vs prior quarter YoY: -12.6% (accel: +53.8%)",
      "severity": "HIGH"
    },
    {
      "quarter": "2024-12 (Q4)",
      "signal": "INCREMENTAL MARGIN (YoY)",
      "detail": "YoY Incr OPM: +32.5% vs year-ago OPM: +10.2%",
      "severity": "HIGH"
    },
    {
      "quarter": "2024-09 (Q3)",
      "signal": "YoY REVENUE GROWTH DECELERATION",
      "detail": "YoY growth: -12.6% vs prior quarter YoY: +19.2% (decel: -31.7%)",
      "severity": "WARNING"
    },
    {
      "quarter": "2024-09 (Q3)",
      "signal": "INCREMENTAL MARGIN (YoY)",
      "detail": "YoY Incr OPM: +72.0% vs year-ago OPM: +13.4%",
      "severity": "HIGH"
    },
    {
      "quarter": "2024-06 (Q2)",
      "signal": "FCF MARGIN EXPANSION",
      "detail": "FCF margin: +0.6% -> +6.3% (+5.7%)",
      "severity": "MEDIUM"
    },
    {
      "quarter": "2024-03 (Q1)",
      "signal": "YoY REVENUE GROWTH ACCELERATION",
      "detail": "YoY growth: +23.4% vs prior quarter YoY: +0.8% (accel: +22.6%)",
      "severity": "HIGH"
    },
    {
      "quarter": "2023-12 (Q4)",
      "signal": "FCF MARGIN EXPANSION",
      "detail": "FCF margin: +12.9% -> +19.6% (+6.7%)",
      "severity": "MEDIUM"
    },
    {
      "quarter": "2023-12 (Q4)",
      "signal": "YoY REVENUE GROWTH DECELERATION",
      "detail": "YoY growth: +0.8% vs prior quarter YoY: +12.2% (decel: -11.4%)",
      "severity": "WARNING"
    },
    {
      "quarter": "2023-09 (Q3)",
      "signal": "YoY REVENUE GROWTH ACCELERATION",
      "detail": "YoY growth: +12.2% vs prior quarter YoY: +2.4% (accel: +9.7%)",
      "severity": "MEDIUM"
    },
    {
      "quarter": "2023-09 (Q3)",
      "signal": "INCREMENTAL MARGIN (YoY)",
      "detail": "YoY Incr OPM: +47.3% vs year-ago OPM: +9.2%",
      "severity": "HIGH"
    },
    {
      "quarter": "2023-06 (Q2)",
      "signal": "INCREMENTAL MARGIN (YoY)",
      "detail": "YoY Incr OPM: +270.8% vs year-ago OPM: +6.9%",
      "severity": "HIGH"
    },
    {
      "quarter": "2023-03 (Q1)",
      "signal": "YoY REVENUE GROWTH DECELERATION",
      "detail": "YoY growth: +7.0% vs prior quarter YoY: +19.4% (decel: -12.4%)",
      "severity": "WARNING"
    },
    {
      "quarter": "2023-03 (Q1)",
      "signal": "OP MARGIN TURNED POSITIVE (YoY)",
      "detail": "Op margin: -13.9% (year-ago) -> +10.0%",
      "severity": "HIGH"
    },
    {
      "quarter": "2022-12 (Q4)",
      "signal": "FCF MARGIN EXPANSION",
      "detail": "FCF margin: +3.6% -> +12.4% (+8.8%)",
      "severity": "MEDIUM"
    },
    {
      "quarter": "2022-12 (Q4)",
      "signal": "OPERATING LEVERAGE",
      "detail": "Rev growth +10.8% vs OpEx growth +7.1% (leverage: 1.5x)",
      "severity": "MEDIUM"
    },
    {
      "quarter": "2022-12 (Q4)",
      "signal": "YoY REVENUE GROWTH ACCELERATION",
      "detail": "YoY growth: +19.4% vs prior quarter YoY: +13.1% (accel: +6.3%)",
      "severity": "MEDIUM"
    },
    {
      "quarter": "2022-09 (Q3)",
      "signal": "GROSS MARGIN INFLECTION",
      "detail": "GM: +38.5% -> +36.6% -> +39.2% (reversal +2.7%)",
      "severity": "MEDIUM"
    },
    {
      "quarter": "2022-09 (Q3)",
      "signal": "YoY REVENUE GROWTH ACCELERATION",
      "detail": "YoY growth: +13.1% vs prior quarter YoY: +3.2% (accel: +9.9%)",
      "severity": "MEDIUM"
    },
    {
      "quarter": "2022-06 (Q2)",
      "signal": "YoY REVENUE GROWTH ACCELERATION",
      "detail": "YoY growth: +3.2% vs prior quarter YoY: -5.5% (accel: +8.8%)",
      "severity": "MEDIUM"
    },
    {
      "quarter": "2022-06 (Q2)",
      "signal": "OP MARGIN TURNED POSITIVE (QoQ)",
      "detail": "Op margin: -13.9% -> +6.9%",
      "severity": "HIGH"
    },
    {
      "quarter": "2021-12 (Q4)",
      "signal": "FCF MARGIN EXPANSION",
      "detail": "FCF margin: +1.6% -> +8.2% (+6.6%)",
      "severity": "MEDIUM"
    }
  ],
  "data_quality": {
    "n_quarters": 20,
    "coverage": {
      "revenue": [
        20,
        20
      ],
      "gross_profit": [
        20,
        20
      ],
      "op_income": [
        20,
        20
      ],
      "fcf": [
        20,
        20
      ]
    },
    "gaps": [],
    "warnings": []
  },
  "market_cap": null,
  "source": "SEC EDGAR",
  "last_updated": "2026-02-02T21:43:18.082805",
  "sector": "Industrials",
  "industry": "Aerospace & Defense"
}