{
  "ticker": "CDXS",
  "name": "Codexis,\u00a0Inc.",
  "quarters": [
    {
      "date": "2020-12-31T00:00:00",
      "quarter_label": "2020-12 (Q4)",
      "revenue": 21033000,
      "gross_profit": 15173000,
      "operating_income": -3924000,
      "net_income": -3920000,
      "opex": 24957000,
      "cogs": 5860000,
      "rd": 10355000,
      "sga": 8742000,
      "fcf": -2980000,
      "ocf": -1492000,
      "capex": -1488000,
      "gross_margin": 0.721390196358104,
      "op_margin": -0.18656397090286692,
      "fcf_margin": -0.14168211857557172
    },
    {
      "date": "2021-03-31T00:00:00",
      "quarter_label": "2021-03 (Q1)",
      "revenue": 18032000,
      "gross_profit": 13814000,
      "operating_income": -9155000,
      "net_income": -9068000,
      "opex": 27187000,
      "cogs": 4218000,
      "rd": 11571000,
      "sga": 11398000,
      "fcf": -8990000,
      "ocf": -6440000,
      "capex": -2550000,
      "gross_margin": 0.7660825199645075,
      "op_margin": -0.5077085181898846,
      "fcf_margin": -0.4985581188997338,
      "fcf_margin_change": -0.35687600032416206
    },
    {
      "date": "2021-06-30T00:00:00",
      "quarter_label": "2021-06 (Q2)",
      "revenue": 25453000,
      "gross_profit": 21135000,
      "operating_income": -4486000,
      "net_income": -4265000,
      "opex": 29939000,
      "cogs": 4318000,
      "rd": 12826000,
      "sga": 12795000,
      "fcf": -10089000,
      "ocf": -8295000,
      "capex": -1794000,
      "gross_margin": 0.8303539857777079,
      "op_margin": -0.17624641496090834,
      "fcf_margin": -0.39637763721368796,
      "op_leverage_ratio": 4.065663122633406,
      "fcf_margin_change": 0.10218048168604582
    },
    {
      "date": "2021-09-30T00:00:00",
      "quarter_label": "2021-09 (Q3)",
      "revenue": 36769000,
      "gross_profit": 29902000,
      "operating_income": 1330000,
      "net_income": 2244000,
      "opex": 35439000,
      "cogs": 6867000,
      "rd": 15165000,
      "sga": 13407000,
      "fcf": -4196000,
      "ocf": -192000,
      "capex": -4004000,
      "gross_margin": 0.8132394136364872,
      "op_margin": 0.03617177513666404,
      "fcf_margin": -0.11411787103266338,
      "op_leverage_ratio": 2.4200735330359344,
      "fcf_margin_change": 0.28225976618102455
    },
    {
      "date": "2021-12-31T00:00:00",
      "quarter_label": "2021-12 (Q4)",
      "revenue": 24501000,
      "gross_profit": 17695000,
      "operating_income": -10385000,
      "net_income": -10190000,
      "opex": 34886000,
      "cogs": 6806000,
      "rd": 16357000,
      "sga": 11723000,
      "fcf": -4820000,
      "ocf": 660000,
      "capex": -5480000,
      "gross_margin": 0.7222154197787846,
      "op_margin": -0.42386025060201626,
      "fcf_margin": -0.19672666421778703,
      "incr_op_margin_yoy": -1.8630334486735871,
      "rev_growth_yoy": 0.16488375410069891,
      "fcf_margin_change": -0.08260879318512365
    },
    {
      "date": "2022-03-31T00:00:00",
      "quarter_label": "2022-03 (Q1)",
      "revenue": 35340000,
      "gross_profit": 26819000,
      "operating_income": -8386000,
      "net_income": -8356000,
      "opex": 43726000,
      "cogs": 8521000,
      "rd": 19500000,
      "sga": 15705000,
      "fcf": -16275000,
      "ocf": -11186000,
      "capex": -5089000,
      "gross_margin": 0.7588851160158461,
      "op_margin": -0.23729485002829656,
      "fcf_margin": -0.4605263157894737,
      "incr_op_margin_yoy": 0.044430321238733535,
      "rev_growth_yoy": 0.959849157054126,
      "rev_growth_yoy_accel": 0.7949654029534271,
      "op_leverage_ratio": 1.7458395086284224,
      "fcf_margin_change": -0.2637996515716866
    },
    {
      "date": "2022-06-30T00:00:00",
      "quarter_label": "2022-06 (Q2)",
      "revenue": 38406000,
      "gross_profit": 27136000,
      "operating_income": -2609000,
      "net_income": -2640000,
      "opex": 41015000,
      "cogs": 11270000,
      "rd": 19089000,
      "sga": 10656000,
      "fcf": -4122000,
      "ocf": -2181000,
      "capex": -1941000,
      "gross_margin": 0.7065562672499088,
      "op_margin": -0.06793209394365464,
      "fcf_margin": -0.1073269801593501,
      "incr_op_margin_yoy": 0.1449085154018374,
      "rev_growth_yoy": 0.5088987545672415,
      "rev_growth_yoy_accel": -0.45095040248688445,
      "op_leverage_ratio": Infinity,
      "fcf_margin_change": 0.35319933563012357
    },
    {
      "date": "2022-09-30T00:00:00",
      "quarter_label": "2022-09 (Q3)",
      "revenue": 34470000,
      "gross_profit": 24684000,
      "operating_income": -10636000,
      "net_income": -9992000,
      "opex": 45106000,
      "cogs": 9786000,
      "rd": 21821000,
      "sga": 13499000,
      "fcf": 18424000,
      "ocf": 19734000,
      "capex": -1310000,
      "gross_margin": 0.7161009573542211,
      "op_margin": -0.308558166521613,
      "fcf_margin": 0.5344937626921961,
      "incr_op_margin_yoy": 5.204871683340583,
      "rev_growth_yoy": -0.06252549702194783,
      "rev_growth_yoy_accel": -0.5714242515891894,
      "fcf_margin_change": 0.6418207428515461
    },
    {
      "date": "2022-12-31T00:00:00",
      "quarter_label": "2022-12 (Q4)",
      "revenue": 30375000,
      "gross_profit": 21919000,
      "operating_income": -13250000,
      "net_income": -12604000,
      "opex": 43625000,
      "cogs": 8456000,
      "rd": 19689000,
      "sga": 12313000,
      "fcf": 4950000,
      "ocf": 4917000,
      "capex": 33000,
      "gross_margin": 0.7216131687242798,
      "op_margin": -0.43621399176954734,
      "fcf_margin": 0.16296296296296298,
      "incr_op_margin_yoy": -0.4877425944841675,
      "rev_growth_yoy": 0.23974531651769315,
      "rev_growth_yoy_accel": 0.30227081353964097,
      "fcf_margin_change": -0.3715307997292331
    },
    {
      "date": "2023-03-31T00:00:00",
      "quarter_label": "2023-03 (Q1)",
      "revenue": 12982000,
      "gross_profit": 8461000,
      "operating_income": -23665000,
      "net_income": -22617000,
      "opex": 36647000,
      "cogs": 4521000,
      "rd": 16655000,
      "sga": 15399000,
      "fcf": -11751000,
      "ocf": -9212000,
      "capex": -2539000,
      "gross_margin": 0.6517485749499307,
      "op_margin": -1.822908642736096,
      "fcf_margin": -0.9051763980896627,
      "incr_op_margin_yoy": 0.6833795509437338,
      "rev_growth_yoy": -0.6326542161856253,
      "rev_growth_yoy_accel": -0.8723995327033185,
      "fcf_margin_change": -1.0681393610526255
    },
    {
      "date": "2023-06-30T00:00:00",
      "quarter_label": "2023-06 (Q2)",
      "revenue": 21323000,
      "gross_profit": 18145000,
      "operating_income": -12626000,
      "net_income": -11523000,
      "opex": 33949000,
      "cogs": 3178000,
      "rd": 17334000,
      "sga": 13365000,
      "fcf": -17668000,
      "ocf": -16087000,
      "capex": -1581000,
      "gross_margin": 0.8509590582938611,
      "op_margin": -0.5921305632415701,
      "fcf_margin": -0.8285888477231159,
      "incr_op_margin_yoy": 0.5863724170227712,
      "rev_growth_yoy": -0.44480029162110085,
      "rev_growth_yoy_accel": 0.1878539245645245,
      "op_leverage_ratio": Infinity,
      "fcf_margin_change": 0.07658755036654674
    },
    {
      "date": "2023-09-30T00:00:00",
      "quarter_label": "2023-09 (Q3)",
      "revenue": 9277000,
      "gross_profit": 7028000,
      "operating_income": -32060000,
      "net_income": -34908000,
      "opex": 41337000,
      "cogs": 2249000,
      "rd": 13662000,
      "sga": 12302000,
      "fcf": -16980000,
      "ocf": -16302000,
      "capex": -678000,
      "gross_margin": 0.757572491107039,
      "op_margin": -3.4558585749703568,
      "fcf_margin": -1.830333081815242,
      "incr_op_margin_yoy": 0.8503949509784464,
      "rev_growth_yoy": -0.73086742094575,
      "rev_growth_yoy_accel": -0.2860671293246491,
      "fcf_margin_change": -1.001744234092126
    },
    {
      "date": "2023-12-31T00:00:00",
      "quarter_label": "2023-12 (Q4)",
      "revenue": 26561000,
      "gross_profit": 23699000,
      "operating_income": 281000,
      "net_income": -7192000,
      "opex": 26280000,
      "cogs": 2862000,
      "rd": 11234000,
      "sga": 12184000,
      "fcf": -10657000,
      "ocf": -11037000,
      "capex": 380000,
      "gross_margin": 0.8922480328300892,
      "op_margin": 0.010579420955536312,
      "fcf_margin": -0.4012273634275818,
      "incr_op_margin_yoy": -3.547718930256948,
      "rev_growth_yoy": -0.12556378600823045,
      "rev_growth_yoy_accel": 0.6053036349375195,
      "op_leverage_ratio": Infinity,
      "fcf_margin_change": 1.42910571838766
    },
    {
      "date": "2024-03-31T00:00:00",
      "quarter_label": "2024-03 (Q1)",
      "revenue": 17073000,
      "gross_profit": 12218000,
      "operating_income": -11888000,
      "net_income": -11505000,
      "opex": 28961000,
      "cogs": 4855000,
      "rd": 11246000,
      "sga": 12860000,
      "fcf": -8919000,
      "ocf": -7789000,
      "capex": -1130000,
      "gross_margin": 0.7156328706144204,
      "op_margin": -0.6963041058982018,
      "fcf_margin": -0.522403795466526,
      "incr_op_margin_yoy": 2.878758249816671,
      "rev_growth_yoy": 0.3151286396549068,
      "rev_growth_yoy_accel": 0.44069242566313727,
      "fcf_margin_change": -0.12117643203894424
    },
    {
      "date": "2024-06-30T00:00:00",
      "quarter_label": "2024-06 (Q2)",
      "revenue": 7979000,
      "gross_profit": 4517000,
      "operating_income": -22732000,
      "net_income": -22755000,
      "opex": 30711000,
      "cogs": 3462000,
      "rd": 11413000,
      "sga": 15671000,
      "fcf": -12563000,
      "ocf": -12168000,
      "capex": -395000,
      "gross_margin": 0.5661110414838952,
      "op_margin": -2.8489785687429503,
      "fcf_margin": -1.5745080837197645,
      "incr_op_margin_yoy": 0.7573441247002398,
      "rev_growth_yoy": -0.625803123387891,
      "rev_growth_yoy_accel": -0.9409317630427978,
      "fcf_margin_change": -1.0521042882532385
    },
    {
      "date": "2024-09-30T00:00:00",
      "quarter_label": "2024-09 (Q3)",
      "revenue": 12833000,
      "gross_profit": 8516000,
      "operating_income": -16557000,
      "net_income": -20640000,
      "opex": 29390000,
      "cogs": 4317000,
      "rd": 11505000,
      "sga": 13568000,
      "fcf": -13991000,
      "ocf": -12985000,
      "capex": -1006000,
      "gross_margin": 0.6636016519909608,
      "op_margin": -1.290189355567677,
      "fcf_margin": -1.090236110028832,
      "incr_op_margin_yoy": 4.359673790776153,
      "rev_growth_yoy": 0.3833135711975854,
      "rev_growth_yoy_accel": 1.0091166945854764,
      "op_leverage_ratio": Infinity,
      "fcf_margin_change": 0.48427197369093244
    },
    {
      "date": "2024-12-31T00:00:00",
      "quarter_label": "2024-12 (Q4)",
      "revenue": 21460000,
      "gross_profit": 17806000,
      "operating_income": -7341000,
      "net_income": -10376000,
      "opex": 28801000,
      "cogs": 3654000,
      "rd": 12099000,
      "sga": 13048000,
      "fcf": -18242000,
      "ocf": -16468000,
      "capex": -1774000,
      "gross_margin": 0.8297297297297297,
      "op_margin": -0.34207828518173344,
      "fcf_margin": -0.8500465983224604,
      "incr_op_margin_yoy": 1.4942168202313273,
      "rev_growth_yoy": -0.19204849215014494,
      "rev_growth_yoy_accel": -0.5753620633477303,
      "op_leverage_ratio": Infinity,
      "fcf_margin_change": 0.2401895117063716
    },
    {
      "date": "2025-03-31T00:00:00",
      "quarter_label": "2025-03 (Q1)",
      "revenue": 7543000,
      "gross_profit": 4811000,
      "operating_income": -20486000,
      "net_income": -20688000,
      "opex": 28029000,
      "cogs": 2732000,
      "rd": 12942000,
      "sga": 12355000,
      "fcf": -15054000,
      "ocf": -13798000,
      "capex": -1256000,
      "gross_margin": 0.6378098899642052,
      "op_margin": -2.7158955322815856,
      "fcf_margin": -1.9957576561049981,
      "incr_op_margin_yoy": 0.9022035676810073,
      "rev_growth_yoy": -0.5581912961986762,
      "rev_growth_yoy_accel": -0.3661428040485313,
      "fcf_margin_change": -1.1457110577825378
    },
    {
      "date": "2025-06-30T00:00:00",
      "quarter_label": "2025-06 (Q2)",
      "revenue": 15328000,
      "gross_profit": 13230000,
      "operating_income": -12862000,
      "net_income": -13272000,
      "opex": 28190000,
      "cogs": 2098000,
      "rd": 13775000,
      "sga": 12317000,
      "fcf": -20480000,
      "ocf": -17967000,
      "capex": -2513000,
      "gross_margin": 0.8631263048016702,
      "op_margin": -0.8391179540709812,
      "fcf_margin": -1.336116910229645,
      "incr_op_margin_yoy": 1.3430398693699823,
      "rev_growth_yoy": 0.9210427371851109,
      "rev_growth_yoy_accel": 1.4792340333837872,
      "op_leverage_ratio": 179.67855104852265,
      "fcf_margin_change": 0.659640745875353
    },
    {
      "date": "2025-09-30T00:00:00",
      "quarter_label": "2025-09 (Q3)",
      "revenue": 8601000,
      "gross_profit": 6136000,
      "operating_income": -18949000,
      "net_income": -19615000,
      "opex": 27550000,
      "cogs": 2465000,
      "rd": 13868000,
      "sga": 11217000,
      "fcf": -7885000,
      "ocf": -7703000,
      "capex": -182000,
      "gross_margin": 0.7134054179746541,
      "op_margin": -2.2031159167538656,
      "fcf_margin": -0.9167538658295546,
      "incr_op_margin_yoy": 0.5652173913043478,
      "rev_growth_yoy": -0.3297747993454375,
      "rev_growth_yoy_accel": -1.2508175365305485,
      "fcf_margin_change": 0.4193630444000904
    }
  ],
  "signals": [
    {
      "quarter": "2025-09 (Q3)",
      "signal": "FCF MARGIN EXPANSION",
      "detail": "FCF margin: -133.6% -> -91.7% (+41.9%)",
      "severity": "MEDIUM"
    },
    {
      "quarter": "2025-09 (Q3)",
      "signal": "YoY REVENUE GROWTH DECELERATION",
      "detail": "YoY growth: -33.0% vs prior quarter YoY: +92.1% (decel: -125.1%)",
      "severity": "WARNING"
    },
    {
      "quarter": "2025-06 (Q2)",
      "signal": "FCF MARGIN EXPANSION",
      "detail": "FCF margin: -199.6% -> -133.6% (+66.0%)",
      "severity": "MEDIUM"
    },
    {
      "quarter": "2025-06 (Q2)",
      "signal": "OPERATING LEVERAGE",
      "detail": "Rev growth +103.2% vs OpEx growth +0.6% (leverage: 179.7x)",
      "severity": "MEDIUM"
    },
    {
      "quarter": "2025-06 (Q2)",
      "signal": "GROSS MARGIN INFLECTION",
      "detail": "GM: +83.0% -> +63.8% -> +86.3% (reversal +22.5%)",
      "severity": "HIGH"
    },
    {
      "quarter": "2025-06 (Q2)",
      "signal": "YoY REVENUE GROWTH ACCELERATION",
      "detail": "YoY growth: +92.1% vs prior quarter YoY: -55.8% (accel: +147.9%)",
      "severity": "HIGH"
    },
    {
      "quarter": "2025-03 (Q1)",
      "signal": "YoY REVENUE GROWTH DECELERATION",
      "detail": "YoY growth: -55.8% vs prior quarter YoY: -19.2% (decel: -36.6%)",
      "severity": "WARNING"
    },
    {
      "quarter": "2024-12 (Q4)",
      "signal": "FCF MARGIN EXPANSION",
      "detail": "FCF margin: -109.0% -> -85.0% (+24.0%)",
      "severity": "MEDIUM"
    },
    {
      "quarter": "2024-12 (Q4)",
      "signal": "YoY REVENUE GROWTH DECELERATION",
      "detail": "YoY growth: -19.2% vs prior quarter YoY: +38.3% (decel: -57.5%)",
      "severity": "WARNING"
    },
    {
      "quarter": "2024-09 (Q3)",
      "signal": "FCF MARGIN EXPANSION",
      "detail": "FCF margin: -157.5% -> -109.0% (+48.4%)",
      "severity": "MEDIUM"
    },
    {
      "quarter": "2024-09 (Q3)",
      "signal": "GROSS MARGIN INFLECTION",
      "detail": "GM: +71.6% -> +56.6% -> +66.4% (reversal +9.7%)",
      "severity": "HIGH"
    },
    {
      "quarter": "2024-09 (Q3)",
      "signal": "YoY REVENUE GROWTH ACCELERATION",
      "detail": "YoY growth: +38.3% vs prior quarter YoY: -62.6% (accel: +100.9%)",
      "severity": "HIGH"
    },
    {
      "quarter": "2024-06 (Q2)",
      "signal": "YoY REVENUE GROWTH DECELERATION",
      "detail": "YoY growth: -62.6% vs prior quarter YoY: +31.5% (decel: -94.1%)",
      "severity": "WARNING"
    },
    {
      "quarter": "2024-03 (Q1)",
      "signal": "YoY REVENUE GROWTH ACCELERATION",
      "detail": "YoY growth: +31.5% vs prior quarter YoY: -12.6% (accel: +44.1%)",
      "severity": "HIGH"
    },
    {
      "quarter": "2023-12 (Q4)",
      "signal": "FCF MARGIN EXPANSION",
      "detail": "FCF margin: -183.0% -> -40.1% (+142.9%)",
      "severity": "MEDIUM"
    },
    {
      "quarter": "2023-12 (Q4)",
      "signal": "GROSS MARGIN INFLECTION",
      "detail": "GM: +85.1% -> +75.8% -> +89.2% (reversal +13.5%)",
      "severity": "HIGH"
    },
    {
      "quarter": "2023-12 (Q4)",
      "signal": "YoY REVENUE GROWTH ACCELERATION",
      "detail": "YoY growth: -12.6% vs prior quarter YoY: -73.1% (accel: +60.5%)",
      "severity": "HIGH"
    },
    {
      "quarter": "2023-12 (Q4)",
      "signal": "OP MARGIN TURNED POSITIVE (YoY)",
      "detail": "Op margin: -43.6% (year-ago) -> +1.1%",
      "severity": "HIGH"
    },
    {
      "quarter": "2023-12 (Q4)",
      "signal": "OP MARGIN TURNED POSITIVE (QoQ)",
      "detail": "Op margin: -345.6% -> +1.1%",
      "severity": "HIGH"
    },
    {
      "quarter": "2023-09 (Q3)",
      "signal": "YoY REVENUE GROWTH DECELERATION",
      "detail": "YoY growth: -73.1% vs prior quarter YoY: -44.5% (decel: -28.6%)",
      "severity": "WARNING"
    },
    {
      "quarter": "2023-06 (Q2)",
      "signal": "FCF MARGIN EXPANSION",
      "detail": "FCF margin: -90.5% -> -82.9% (+7.7%)",
      "severity": "MEDIUM"
    },
    {
      "quarter": "2023-06 (Q2)",
      "signal": "GROSS MARGIN INFLECTION",
      "detail": "GM: +72.2% -> +65.2% -> +85.1% (reversal +19.9%)",
      "severity": "HIGH"
    },
    {
      "quarter": "2023-06 (Q2)",
      "signal": "YoY REVENUE GROWTH ACCELERATION",
      "detail": "YoY growth: -44.5% vs prior quarter YoY: -63.3% (accel: +18.8%)",
      "severity": "HIGH"
    },
    {
      "quarter": "2023-03 (Q1)",
      "signal": "YoY REVENUE GROWTH DECELERATION",
      "detail": "YoY growth: -63.3% vs prior quarter YoY: +24.0% (decel: -87.2%)",
      "severity": "WARNING"
    },
    {
      "quarter": "2022-12 (Q4)",
      "signal": "YoY REVENUE GROWTH ACCELERATION",
      "detail": "YoY growth: +24.0% vs prior quarter YoY: -6.3% (accel: +30.2%)",
      "severity": "HIGH"
    },
    {
      "quarter": "2022-09 (Q3)",
      "signal": "FCF TURNED POSITIVE",
      "detail": "FCF margin: -10.7% -> +53.4%",
      "severity": "HIGH"
    },
    {
      "quarter": "2022-09 (Q3)",
      "signal": "YoY REVENUE GROWTH DECELERATION",
      "detail": "YoY growth: -6.3% vs prior quarter YoY: +50.9% (decel: -57.1%)",
      "severity": "WARNING"
    },
    {
      "quarter": "2022-06 (Q2)",
      "signal": "FCF MARGIN EXPANSION",
      "detail": "FCF margin: -46.1% -> -10.7% (+35.3%)",
      "severity": "MEDIUM"
    },
    {
      "quarter": "2022-06 (Q2)",
      "signal": "YoY REVENUE GROWTH DECELERATION",
      "detail": "YoY growth: +50.9% vs prior quarter YoY: +96.0% (decel: -45.1%)",
      "severity": "WARNING"
    },
    {
      "quarter": "2022-03 (Q1)",
      "signal": "OPERATING LEVERAGE",
      "detail": "Rev growth +44.2% vs OpEx growth +25.3% (leverage: 1.7x)",
      "severity": "MEDIUM"
    },
    {
      "quarter": "2022-03 (Q1)",
      "signal": "GROSS MARGIN INFLECTION",
      "detail": "GM: +81.3% -> +72.2% -> +75.9% (reversal +3.7%)",
      "severity": "MEDIUM"
    },
    {
      "quarter": "2022-03 (Q1)",
      "signal": "YoY REVENUE GROWTH ACCELERATION",
      "detail": "YoY growth: +96.0% vs prior quarter YoY: +16.5% (accel: +79.5%)",
      "severity": "HIGH"
    },
    {
      "quarter": "2021-09 (Q3)",
      "signal": "FCF MARGIN EXPANSION",
      "detail": "FCF margin: -39.6% -> -11.4% (+28.2%)",
      "severity": "MEDIUM"
    },
    {
      "quarter": "2021-09 (Q3)",
      "signal": "OPERATING LEVERAGE",
      "detail": "Rev growth +44.5% vs OpEx growth +18.4% (leverage: 2.4x)",
      "severity": "MEDIUM"
    },
    {
      "quarter": "2021-09 (Q3)",
      "signal": "OP MARGIN TURNED POSITIVE (QoQ)",
      "detail": "Op margin: -17.6% -> +3.6%",
      "severity": "HIGH"
    },
    {
      "quarter": "2021-06 (Q2)",
      "signal": "FCF MARGIN EXPANSION",
      "detail": "FCF margin: -49.9% -> -39.6% (+10.2%)",
      "severity": "MEDIUM"
    },
    {
      "quarter": "2021-06 (Q2)",
      "signal": "OPERATING LEVERAGE",
      "detail": "Rev growth +41.2% vs OpEx growth +10.1% (leverage: 4.1x)",
      "severity": "MEDIUM"
    }
  ],
  "data_quality": {
    "n_quarters": 20,
    "coverage": {
      "revenue": [
        20,
        20
      ],
      "gross_profit": [
        20,
        20
      ],
      "op_income": [
        20,
        20
      ],
      "fcf": [
        20,
        20
      ]
    },
    "gaps": [],
    "warnings": []
  },
  "market_cap": null,
  "source": "SEC EDGAR",
  "last_updated": "2026-02-02T23:14:46.213078",
  "sector": "Healthcare",
  "industry": "Biotechnology"
}