{
  "ticker": "CE",
  "name": "CELANESE CORPORATION",
  "quarters": [
    {
      "date": "2020-12-31T00:00:00",
      "quarter_label": "2020-12 (Q4)",
      "revenue": 1591000000,
      "gross_profit": 376000000,
      "operating_income": 203000000,
      "net_income": 1453000000,
      "opex": 173000000,
      "cogs": 1215000000,
      "rd": 20000000,
      "sga": 137000000,
      "fcf": 189000000,
      "ocf": 274000000,
      "capex": -85000000,
      "gross_margin": 0.2363293526084224,
      "op_margin": 0.12759270898805783,
      "fcf_margin": 0.11879321181646763
    },
    {
      "date": "2021-03-31T00:00:00",
      "quarter_label": "2021-03 (Q1)",
      "revenue": 1798000000,
      "gross_profit": 485000000,
      "operating_income": 326000000,
      "net_income": 322000000,
      "opex": 159000000,
      "cogs": 1313000000,
      "rd": 20000000,
      "sga": 137000000,
      "fcf": 24000000,
      "ocf": 116000000,
      "capex": -92000000,
      "gross_margin": 0.26974416017797553,
      "op_margin": 0.18131256952169078,
      "fcf_margin": 0.013348164627363738,
      "op_leverage_ratio": Infinity,
      "fcf_margin_change": -0.10544504718910389
    },
    {
      "date": "2021-06-30T00:00:00",
      "quarter_label": "2021-06 (Q2)",
      "revenue": 2198000000,
      "gross_profit": 761000000,
      "operating_income": 567000000,
      "net_income": 538000000,
      "opex": 194000000,
      "cogs": 1437000000,
      "rd": 22000000,
      "sga": 161000000,
      "fcf": 317000000,
      "ocf": 427000000,
      "capex": -110000000,
      "gross_margin": 0.34622383985441313,
      "op_margin": 0.25796178343949044,
      "fcf_margin": 0.14422202001819837,
      "op_leverage_ratio": 1.01064675035754,
      "fcf_margin_change": 0.13087385539083463
    },
    {
      "date": "2021-09-30T00:00:00",
      "quarter_label": "2021-09 (Q3)",
      "revenue": 2266000000,
      "gross_profit": 715000000,
      "operating_income": 536000000,
      "net_income": 506000000,
      "opex": 179000000,
      "cogs": 1551000000,
      "rd": 21000000,
      "sga": 165000000,
      "fcf": 528000000,
      "ocf": 630000000,
      "capex": -102000000,
      "gross_margin": 0.3155339805825243,
      "op_margin": 0.23654015887025595,
      "fcf_margin": 0.23300970873786409,
      "op_leverage_ratio": Infinity,
      "fcf_margin_change": 0.08878768871966572
    },
    {
      "date": "2021-12-31T00:00:00",
      "quarter_label": "2021-12 (Q4)",
      "revenue": 2275000000,
      "gross_profit": 721000000,
      "operating_income": 517000000,
      "net_income": 524000000,
      "opex": 204000000,
      "cogs": 1554000000,
      "rd": 23000000,
      "sga": 170000000,
      "fcf": 421000000,
      "ocf": 584000000,
      "capex": -163000000,
      "gross_margin": 0.3169230769230769,
      "op_margin": 0.22725274725274724,
      "fcf_margin": 0.18505494505494505,
      "incr_op_margin_yoy": 0.4590643274853801,
      "rev_growth_yoy": 0.4299182903834067,
      "fcf_margin_change": -0.04795476368291904
    },
    {
      "date": "2022-03-31T00:00:00",
      "quarter_label": "2022-03 (Q1)",
      "revenue": 2538000000,
      "gross_profit": 745000000,
      "operating_income": 531000000,
      "net_income": 502000000,
      "opex": 214000000,
      "cogs": 1793000000,
      "rd": 24000000,
      "sga": 174000000,
      "fcf": 179000000,
      "ocf": 316000000,
      "capex": -137000000,
      "gross_margin": 0.29353821907013394,
      "op_margin": 0.20921985815602837,
      "fcf_margin": 0.07052797478329394,
      "incr_op_margin_yoy": 0.27702702702702703,
      "rev_growth_yoy": 0.41156840934371525,
      "rev_growth_yoy_accel": -0.01834988103969143,
      "op_leverage_ratio": 2.3583296703296703,
      "fcf_margin_change": -0.11452697027165111
    },
    {
      "date": "2022-06-30T00:00:00",
      "quarter_label": "2022-06 (Q2)",
      "revenue": 2486000000,
      "gross_profit": 705000000,
      "operating_income": 483000000,
      "net_income": 434000000,
      "opex": 222000000,
      "cogs": 1781000000,
      "rd": 26000000,
      "sga": 197000000,
      "fcf": 371000000,
      "ocf": 495000000,
      "capex": -124000000,
      "gross_margin": 0.2835880933226066,
      "op_margin": 0.19428801287208367,
      "fcf_margin": 0.14923572003218022,
      "incr_op_margin_yoy": -0.2916666666666667,
      "rev_growth_yoy": 0.13102820746132848,
      "rev_growth_yoy_accel": -0.28054020188238676,
      "fcf_margin_change": 0.07870774524888628
    },
    {
      "date": "2022-09-30T00:00:00",
      "quarter_label": "2022-09 (Q3)",
      "revenue": 2301000000,
      "gross_profit": 546000000,
      "operating_income": 308000000,
      "net_income": 191000000,
      "opex": 238000000,
      "cogs": 1755000000,
      "rd": 25000000,
      "sga": 184000000,
      "fcf": 328000000,
      "ocf": 467000000,
      "capex": -139000000,
      "gross_margin": 0.23728813559322035,
      "op_margin": 0.1338548457192525,
      "fcf_margin": 0.14254671881790526,
      "incr_op_margin_yoy": -6.514285714285714,
      "rev_growth_yoy": 0.015445719329214475,
      "rev_growth_yoy_accel": -0.11558248813211401,
      "fcf_margin_change": -0.006689001214274959
    },
    {
      "date": "2022-12-31T00:00:00",
      "quarter_label": "2022-12 (Q4)",
      "revenue": 2348000000,
      "gross_profit": 384000000,
      "operating_income": 56000000,
      "net_income": 767000000,
      "opex": 328000000,
      "cogs": 1964000000,
      "rd": 37000000,
      "sga": 269000000,
      "fcf": 398000000,
      "ocf": 541000000,
      "capex": -143000000,
      "gross_margin": 0.1635434412265758,
      "op_margin": 0.02385008517887564,
      "fcf_margin": 0.1695059625212947,
      "incr_op_margin_yoy": -6.315068493150685,
      "rev_growth_yoy": 0.03208791208791209,
      "rev_growth_yoy_accel": 0.016642192758697615,
      "op_leverage_ratio": 0.05401516248973876,
      "fcf_margin_change": 0.02695924370338945
    },
    {
      "date": "2023-03-31T00:00:00",
      "quarter_label": "2023-03 (Q1)",
      "revenue": 2853000000,
      "gross_profit": 631000000,
      "operating_income": 251000000,
      "net_income": 91000000,
      "opex": 380000000,
      "cogs": 2222000000,
      "rd": 42000000,
      "sga": 285000000,
      "fcf": -260000000,
      "ocf": -96000000,
      "capex": -164000000,
      "gross_margin": 0.2211706975113915,
      "op_margin": 0.08797756747283561,
      "fcf_margin": -0.09113214160532772,
      "incr_op_margin_yoy": -0.8888888888888888,
      "rev_growth_yoy": 0.12411347517730496,
      "rev_growth_yoy_accel": 0.09202556308939287,
      "op_leverage_ratio": 1.3566374000786265,
      "fcf_margin_change": -0.2606381041266224
    },
    {
      "date": "2023-06-30T00:00:00",
      "quarter_label": "2023-06 (Q2)",
      "revenue": 2795000000,
      "gross_profit": 686000000,
      "operating_income": 335000000,
      "net_income": 220000000,
      "opex": 351000000,
      "cogs": 2109000000,
      "rd": 40000000,
      "sga": 274000000,
      "fcf": 617000000,
      "ocf": 762000000,
      "capex": -145000000,
      "gross_margin": 0.24543828264758497,
      "op_margin": 0.11985688729874776,
      "fcf_margin": 0.22075134168157423,
      "incr_op_margin_yoy": -0.47896440129449835,
      "rev_growth_yoy": 0.12429605792437651,
      "rev_growth_yoy_accel": 0.0001825827470715441,
      "fcf_margin_change": 0.31188348328690196
    },
    {
      "date": "2023-09-30T00:00:00",
      "quarter_label": "2023-09 (Q3)",
      "revenue": 2723000000,
      "gross_profit": 673000000,
      "operating_income": 842000000,
      "net_income": 951000000,
      "opex": -169000000,
      "cogs": 2050000000,
      "rd": 32000000,
      "sga": 244000000,
      "fcf": 272000000,
      "ocf": 403000000,
      "capex": -131000000,
      "gross_margin": 0.24715387440323172,
      "op_margin": 0.3092177745134043,
      "fcf_margin": 0.09988982739625413,
      "incr_op_margin_yoy": 1.2654028436018958,
      "rev_growth_yoy": 0.18339852238157323,
      "rev_growth_yoy_accel": 0.05910246445719672,
      "fcf_margin_change": -0.1208615142853201
    },
    {
      "date": "2023-12-31T00:00:00",
      "quarter_label": "2023-12 (Q4)",
      "revenue": 2569000000,
      "gross_profit": 613000000,
      "operating_income": 259000000,
      "net_income": 698000000,
      "opex": 354000000,
      "cogs": 1956000000,
      "rd": 32000000,
      "sga": 272000000,
      "fcf": 702000000,
      "ocf": 830000000,
      "capex": -128000000,
      "gross_margin": 0.23861424678863372,
      "op_margin": 0.1008174386920981,
      "fcf_margin": 0.273258077072791,
      "incr_op_margin_yoy": 0.918552036199095,
      "rev_growth_yoy": 0.09412265758091994,
      "rev_growth_yoy_accel": -0.08927586480065329,
      "fcf_margin_change": 0.17336824967653686
    },
    {
      "date": "2024-03-31T00:00:00",
      "quarter_label": "2024-03 (Q1)",
      "revenue": 2611000000,
      "gross_profit": 554000000,
      "operating_income": 210000000,
      "net_income": 121000000,
      "opex": 344000000,
      "cogs": 2057000000,
      "rd": 34000000,
      "sga": 265000000,
      "fcf": -36000000,
      "ocf": 101000000,
      "capex": -137000000,
      "gross_margin": 0.2121792416698583,
      "op_margin": 0.08042895442359249,
      "fcf_margin": -0.013787820758330141,
      "incr_op_margin_yoy": 0.16942148760330578,
      "rev_growth_yoy": -0.0848229933403435,
      "rev_growth_yoy_accel": -0.17894565092126344,
      "op_leverage_ratio": Infinity,
      "fcf_margin_change": -0.2870458978311211
    },
    {
      "date": "2024-06-30T00:00:00",
      "quarter_label": "2024-06 (Q2)",
      "revenue": 2651000000,
      "gross_profit": 641000000,
      "operating_income": 250000000,
      "net_income": 155000000,
      "opex": 391000000,
      "cogs": 2010000000,
      "rd": 33000000,
      "sga": 255000000,
      "fcf": 187000000,
      "ocf": 292000000,
      "capex": -105000000,
      "gross_margin": 0.24179554884949075,
      "op_margin": 0.09430403621274991,
      "fcf_margin": 0.07053941908713693,
      "incr_op_margin_yoy": 0.5902777777777778,
      "rev_growth_yoy": -0.05152057245080501,
      "rev_growth_yoy_accel": 0.03330242088953849,
      "op_leverage_ratio": 0.11212790403937516,
      "fcf_margin_change": 0.08432723984546707
    },
    {
      "date": "2024-09-30T00:00:00",
      "quarter_label": "2024-09 (Q3)",
      "revenue": 2648000000,
      "gross_profit": 622000000,
      "operating_income": 248000000,
      "net_income": 116000000,
      "opex": 374000000,
      "cogs": 2026000000,
      "rd": 32000000,
      "sga": 248000000,
      "fcf": -9000000,
      "ocf": 79000000,
      "capex": -88000000,
      "gross_margin": 0.2348942598187311,
      "op_margin": 0.09365558912386707,
      "fcf_margin": -0.0033987915407854984,
      "incr_op_margin_yoy": 7.92,
      "rev_growth_yoy": -0.027543150936467132,
      "rev_growth_yoy_accel": 0.02397742151433788,
      "fcf_margin_change": -0.07393821062792243
    },
    {
      "date": "2024-12-31T00:00:00",
      "quarter_label": "2024-12 (Q4)",
      "revenue": 2370000000,
      "gross_profit": 539000000,
      "operating_income": -1405000000,
      "net_income": -1914000000,
      "opex": 1944000000,
      "cogs": 1831000000,
      "rd": 31000000,
      "sga": 262000000,
      "fcf": 389000000,
      "ocf": 494000000,
      "capex": -105000000,
      "gross_margin": 0.22742616033755275,
      "op_margin": -0.5928270042194093,
      "fcf_margin": 0.16413502109704642,
      "incr_op_margin_yoy": 8.361809045226131,
      "rev_growth_yoy": -0.07746204748929544,
      "rev_growth_yoy_accel": -0.049918896552828315,
      "fcf_margin_change": 0.16753381263783193
    },
    {
      "date": "2025-03-31T00:00:00",
      "quarter_label": "2025-03 (Q1)",
      "revenue": 2389000000,
      "gross_profit": 476000000,
      "operating_income": 168000000,
      "net_income": -21000000,
      "opex": 308000000,
      "cogs": 1913000000,
      "rd": 31000000,
      "sga": 230000000,
      "fcf": -65000000,
      "ocf": 37000000,
      "capex": -102000000,
      "gross_margin": 0.1992465466722478,
      "op_margin": 0.0703223105902051,
      "fcf_margin": -0.027208036835496024,
      "incr_op_margin_yoy": 0.1891891891891892,
      "rev_growth_yoy": -0.0850248946763692,
      "rev_growth_yoy_accel": -0.007562847187073757,
      "fcf_margin_change": -0.19134305793254244
    },
    {
      "date": "2025-06-30T00:00:00",
      "quarter_label": "2025-06 (Q2)",
      "revenue": 2532000000,
      "gross_profit": 535000000,
      "operating_income": 233000000,
      "net_income": 199000000,
      "opex": 302000000,
      "cogs": 1997000000,
      "rd": 31000000,
      "sga": 213000000,
      "fcf": 317000000,
      "ocf": 410000000,
      "capex": -93000000,
      "gross_margin": 0.2112954186413902,
      "op_margin": 0.09202211690363349,
      "fcf_margin": 0.12519747235387046,
      "incr_op_margin_yoy": 0.14285714285714285,
      "rev_growth_yoy": -0.044888721237268954,
      "rev_growth_yoy_accel": 0.040136173439100246,
      "op_leverage_ratio": Infinity,
      "fcf_margin_change": 0.1524055091893665
    },
    {
      "date": "2025-09-30T00:00:00",
      "quarter_label": "2025-09 (Q3)",
      "revenue": 2419000000,
      "gross_profit": 521000000,
      "operating_income": -1275000000,
      "net_income": -1357000000,
      "opex": 1796000000,
      "cogs": 1898000000,
      "rd": 31000000,
      "sga": 231000000,
      "fcf": 383000000,
      "ocf": 447000000,
      "capex": -64000000,
      "gross_margin": 0.21537825547747003,
      "op_margin": -0.5270773046713518,
      "fcf_margin": 0.1583298883836296,
      "incr_op_margin_yoy": 6.650655021834061,
      "rev_growth_yoy": -0.08648036253776435,
      "rev_growth_yoy_accel": -0.0415916413004954,
      "fcf_margin_change": 0.03313241602975914
    }
  ],
  "signals": [
    {
      "quarter": "2025-06 (Q2)",
      "signal": "FCF TURNED POSITIVE",
      "detail": "FCF margin: -2.7% -> +12.5%",
      "severity": "HIGH"
    },
    {
      "quarter": "2025-03 (Q1)",
      "signal": "INCREMENTAL MARGIN (YoY)",
      "detail": "YoY Incr OPM: +18.9% vs year-ago OPM: +8.0%",
      "severity": "MEDIUM"
    },
    {
      "quarter": "2025-03 (Q1)",
      "signal": "OP MARGIN TURNED POSITIVE (QoQ)",
      "detail": "Op margin: -59.3% -> +7.0%",
      "severity": "HIGH"
    },
    {
      "quarter": "2024-12 (Q4)",
      "signal": "FCF TURNED POSITIVE",
      "detail": "FCF margin: -0.3% -> +16.4%",
      "severity": "HIGH"
    },
    {
      "quarter": "2024-09 (Q3)",
      "signal": "INCREMENTAL MARGIN (YoY)",
      "detail": "YoY Incr OPM: +792.0% vs year-ago OPM: +30.9%",
      "severity": "HIGH"
    },
    {
      "quarter": "2024-06 (Q2)",
      "signal": "FCF TURNED POSITIVE",
      "detail": "FCF margin: -1.4% -> +7.1%",
      "severity": "HIGH"
    },
    {
      "quarter": "2024-06 (Q2)",
      "signal": "GROSS MARGIN INFLECTION",
      "detail": "GM: +23.9% -> +21.2% -> +24.2% (reversal +3.0%)",
      "severity": "MEDIUM"
    },
    {
      "quarter": "2024-06 (Q2)",
      "signal": "INCREMENTAL MARGIN (YoY)",
      "detail": "YoY Incr OPM: +59.0% vs year-ago OPM: +12.0%",
      "severity": "HIGH"
    },
    {
      "quarter": "2024-03 (Q1)",
      "signal": "YoY REVENUE GROWTH DECELERATION",
      "detail": "YoY growth: -8.5% vs prior quarter YoY: +9.4% (decel: -17.9%)",
      "severity": "WARNING"
    },
    {
      "quarter": "2023-12 (Q4)",
      "signal": "FCF MARGIN EXPANSION",
      "detail": "FCF margin: +10.0% -> +27.3% (+17.3%)",
      "severity": "MEDIUM"
    },
    {
      "quarter": "2023-12 (Q4)",
      "signal": "YoY REVENUE GROWTH DECELERATION",
      "detail": "YoY growth: +9.4% vs prior quarter YoY: +18.3% (decel: -8.9%)",
      "severity": "WARNING"
    },
    {
      "quarter": "2023-12 (Q4)",
      "signal": "INCREMENTAL MARGIN (YoY)",
      "detail": "YoY Incr OPM: +91.9% vs year-ago OPM: +2.4%",
      "severity": "HIGH"
    },
    {
      "quarter": "2023-09 (Q3)",
      "signal": "YoY REVENUE GROWTH ACCELERATION",
      "detail": "YoY growth: +18.3% vs prior quarter YoY: +12.4% (accel: +5.9%)",
      "severity": "MEDIUM"
    },
    {
      "quarter": "2023-09 (Q3)",
      "signal": "INCREMENTAL MARGIN (YoY)",
      "detail": "YoY Incr OPM: +126.5% vs year-ago OPM: +13.4%",
      "severity": "HIGH"
    },
    {
      "quarter": "2023-06 (Q2)",
      "signal": "FCF TURNED POSITIVE",
      "detail": "FCF margin: -9.1% -> +22.1%",
      "severity": "HIGH"
    },
    {
      "quarter": "2023-03 (Q1)",
      "signal": "GROSS MARGIN INFLECTION",
      "detail": "GM: +23.7% -> +16.4% -> +22.1% (reversal +5.8%)",
      "severity": "HIGH"
    },
    {
      "quarter": "2023-03 (Q1)",
      "signal": "YoY REVENUE GROWTH ACCELERATION",
      "detail": "YoY growth: +12.4% vs prior quarter YoY: +3.2% (accel: +9.2%)",
      "severity": "MEDIUM"
    },
    {
      "quarter": "2022-09 (Q3)",
      "signal": "YoY REVENUE GROWTH DECELERATION",
      "detail": "YoY growth: +1.5% vs prior quarter YoY: +13.1% (decel: -11.6%)",
      "severity": "WARNING"
    },
    {
      "quarter": "2022-06 (Q2)",
      "signal": "FCF MARGIN EXPANSION",
      "detail": "FCF margin: +7.1% -> +14.9% (+7.9%)",
      "severity": "MEDIUM"
    },
    {
      "quarter": "2022-06 (Q2)",
      "signal": "YoY REVENUE GROWTH DECELERATION",
      "detail": "YoY growth: +13.1% vs prior quarter YoY: +41.2% (decel: -28.1%)",
      "severity": "WARNING"
    },
    {
      "quarter": "2022-03 (Q1)",
      "signal": "OPERATING LEVERAGE",
      "detail": "Rev growth +11.6% vs OpEx growth +4.9% (leverage: 2.4x)",
      "severity": "MEDIUM"
    },
    {
      "quarter": "2021-12 (Q4)",
      "signal": "INCREMENTAL MARGIN (YoY)",
      "detail": "YoY Incr OPM: +45.9% vs year-ago OPM: +12.8%",
      "severity": "HIGH"
    },
    {
      "quarter": "2021-09 (Q3)",
      "signal": "FCF MARGIN EXPANSION",
      "detail": "FCF margin: +14.4% -> +23.3% (+8.9%)",
      "severity": "MEDIUM"
    },
    {
      "quarter": "2021-06 (Q2)",
      "signal": "FCF MARGIN EXPANSION",
      "detail": "FCF margin: +1.3% -> +14.4% (+13.1%)",
      "severity": "MEDIUM"
    }
  ],
  "data_quality": {
    "n_quarters": 20,
    "coverage": {
      "revenue": [
        20,
        20
      ],
      "gross_profit": [
        20,
        20
      ],
      "op_income": [
        20,
        20
      ],
      "fcf": [
        20,
        20
      ]
    },
    "gaps": [],
    "warnings": []
  },
  "market_cap": null,
  "source": "SEC EDGAR",
  "last_updated": "2026-02-02T21:02:44.976739",
  "sector": "Basic Materials",
  "industry": "Chemicals"
}