{
  "ticker": "CECO",
  "name": "CECO ENVIRONMENTAL CORP.",
  "quarters": [
    {
      "date": "2020-12-31T00:00:00",
      "quarter_label": "2020-12 (Q4)",
      "revenue": 82930000,
      "gross_profit": 26223000,
      "operating_income": 3695000,
      "net_income": 1780000,
      "opex": 22528000,
      "cogs": 56707000,
      "rd": null,
      "sga": 17552000,
      "fcf": -5764000,
      "ocf": -4694000,
      "capex": -1070000,
      "gross_margin": 0.3162064391655613,
      "op_margin": 0.04455564934281925,
      "fcf_margin": -0.06950440130230315
    },
    {
      "date": "2021-03-31T00:00:00",
      "quarter_label": "2021-03 (Q1)",
      "revenue": 71892000,
      "gross_profit": 24407000,
      "operating_income": 3054000,
      "net_income": 1181000,
      "opex": 21353000,
      "cogs": 47485000,
      "rd": null,
      "sga": 19454000,
      "fcf": 9416000,
      "ocf": 9908000,
      "capex": -492000,
      "gross_margin": 0.3394953541423246,
      "op_margin": 0.04248038724753797,
      "fcf_margin": 0.1309742391364825,
      "fcf_margin_change": 0.20047864043878566
    },
    {
      "date": "2021-06-30T00:00:00",
      "quarter_label": "2021-06 (Q2)",
      "revenue": 78680000,
      "gross_profit": 25254000,
      "operating_income": 2145000,
      "net_income": 293000,
      "opex": 23109000,
      "cogs": 53426000,
      "rd": null,
      "sga": 20510000,
      "fcf": -6304000,
      "ocf": -5799000,
      "capex": -505000,
      "gross_margin": 0.3209710218607016,
      "op_margin": 0.02726232841891205,
      "fcf_margin": -0.08012201321809863,
      "op_leverage_ratio": 1.148142138543173,
      "fcf_margin_change": -0.21109625235458113
    },
    {
      "date": "2021-09-30T00:00:00",
      "quarter_label": "2021-09 (Q3)",
      "revenue": 79979000,
      "gross_profit": 22725000,
      "operating_income": -596000,
      "net_income": -1249000,
      "opex": 23321000,
      "cogs": 57254000,
      "rd": null,
      "sga": 20929000,
      "fcf": 5380000,
      "ocf": 6123000,
      "capex": -743000,
      "gross_margin": 0.2841370859850711,
      "op_margin": -0.007451956138486353,
      "fcf_margin": 0.06726765776016204,
      "op_leverage_ratio": 1.7996584565136067,
      "fcf_margin_change": 0.14738967097826067
    },
    {
      "date": "2021-12-31T00:00:00",
      "quarter_label": "2021-12 (Q4)",
      "revenue": 93589000,
      "gross_profit": 28535000,
      "operating_income": 5254000,
      "net_income": 1202000,
      "opex": 23281000,
      "cogs": 65054000,
      "rd": null,
      "sga": 20903000,
      "fcf": 2190000,
      "ocf": 3066000,
      "capex": -876000,
      "gross_margin": 0.30489694301680753,
      "op_margin": 0.056139076173481926,
      "fcf_margin": 0.023400185919285388,
      "incr_op_margin_yoy": 0.14626137536354256,
      "rev_growth_yoy": 0.12853008561437357,
      "op_leverage_ratio": Infinity,
      "fcf_margin_change": -0.04386747184087665
    },
    {
      "date": "2022-03-31T00:00:00",
      "quarter_label": "2022-03 (Q1)",
      "revenue": 92436000,
      "gross_profit": 26428000,
      "operating_income": 5202000,
      "net_income": 2792000,
      "opex": 21226000,
      "cogs": 66008000,
      "rd": null,
      "sga": 18652000,
      "fcf": -867000,
      "ocf": -202000,
      "capex": -665000,
      "gross_margin": 0.285905924098836,
      "op_margin": 0.05627677528235752,
      "fcf_margin": -0.009379462547059587,
      "incr_op_margin_yoy": 0.10455607476635514,
      "rev_growth_yoy": 0.28576197629778,
      "rev_growth_yoy_accel": 0.15723189068340643,
      "fcf_margin_change": -0.03277964846634497
    },
    {
      "date": "2022-06-30T00:00:00",
      "quarter_label": "2022-06 (Q2)",
      "revenue": 105375000,
      "gross_profit": 31675000,
      "operating_income": 5746000,
      "net_income": 4385000,
      "opex": 25929000,
      "cogs": 73700000,
      "rd": null,
      "sga": 22988000,
      "fcf": -19256000,
      "ocf": -18489000,
      "capex": -767000,
      "gross_margin": 0.30059311981020165,
      "op_margin": 0.05452906287069988,
      "fcf_margin": -0.18273784104389088,
      "incr_op_margin_yoy": 0.13489417493912717,
      "rev_growth_yoy": 0.3392857142857143,
      "rev_growth_yoy_accel": 0.053523737987934306,
      "op_leverage_ratio": 0.6317609093209471,
      "fcf_margin_change": -0.17335837849683128
    },
    {
      "date": "2022-09-30T00:00:00",
      "quarter_label": "2022-09 (Q3)",
      "revenue": 108414000,
      "gross_profit": 32426000,
      "operating_income": 2773000,
      "net_income": 1943000,
      "opex": 29653000,
      "cogs": 75988000,
      "rd": null,
      "sga": 25166000,
      "fcf": 37452000,
      "ocf": 38387000,
      "capex": -935000,
      "gross_margin": 0.29909421292453003,
      "op_margin": 0.025577877395908277,
      "fcf_margin": 0.345453539210803,
      "incr_op_margin_yoy": 0.11848074556004924,
      "rev_growth_yoy": 0.355530826842046,
      "rev_growth_yoy_accel": 0.01624511255633171,
      "op_leverage_ratio": 0.20080254270653755,
      "fcf_margin_change": 0.5281913802546939
    },
    {
      "date": "2022-12-31T00:00:00",
      "quarter_label": "2022-12 (Q4)",
      "revenue": 116402000,
      "gross_profit": 37696000,
      "operating_income": 8438000,
      "net_income": 8295000,
      "opex": 29258000,
      "cogs": 78706000,
      "rd": null,
      "sga": 26667000,
      "fcf": 8944000,
      "ocf": 9953000,
      "capex": -1009000,
      "gross_margin": 0.323843232934142,
      "op_margin": 0.0724901633992543,
      "fcf_margin": 0.07683716774625865,
      "incr_op_margin_yoy": 0.1395695436812344,
      "rev_growth_yoy": 0.2437572791674235,
      "rev_growth_yoy_accel": -0.1117735476746225,
      "op_leverage_ratio": Infinity,
      "fcf_margin_change": -0.26861637146454437
    },
    {
      "date": "2023-03-31T00:00:00",
      "quarter_label": "2023-03 (Q1)",
      "revenue": 112563000,
      "gross_profit": 34893000,
      "operating_income": 5461000,
      "net_income": 1978000,
      "opex": 29432000,
      "cogs": 77670000,
      "rd": null,
      "sga": 27193000,
      "fcf": -14534000,
      "ocf": -12021000,
      "capex": -2513000,
      "gross_margin": 0.3099864076117374,
      "op_margin": 0.048515053792098646,
      "fcf_margin": -0.129118804580546,
      "incr_op_margin_yoy": 0.012868286381477616,
      "rev_growth_yoy": 0.217739841620148,
      "rev_growth_yoy_accel": -0.026017437547275507,
      "fcf_margin_change": -0.20595597232680465
    },
    {
      "date": "2023-06-30T00:00:00",
      "quarter_label": "2023-06 (Q2)",
      "revenue": 129181000,
      "gross_profit": 39817000,
      "operating_income": 8603000,
      "net_income": 3724000,
      "opex": 31214000,
      "cogs": 89364000,
      "rd": null,
      "sga": 28451000,
      "fcf": 10004000,
      "ocf": 11410000,
      "capex": -1406000,
      "gross_margin": 0.3082264419690202,
      "op_margin": 0.06659648090663488,
      "fcf_margin": 0.07744172904684125,
      "incr_op_margin_yoy": 0.12001176174073763,
      "rev_growth_yoy": 0.22591696322657176,
      "rev_growth_yoy_accel": 0.008177121606423754,
      "op_leverage_ratio": 2.4383450941496956,
      "fcf_margin_change": 0.20656053362738724
    },
    {
      "date": "2023-09-30T00:00:00",
      "quarter_label": "2023-09 (Q3)",
      "revenue": 149390000,
      "gross_profit": 43121000,
      "operating_income": 7853000,
      "net_income": 3330000,
      "opex": 35268000,
      "cogs": 106269000,
      "rd": null,
      "sga": 30439000,
      "fcf": 28510000,
      "ocf": 30102000,
      "capex": -1592000,
      "gross_margin": 0.2886471651382288,
      "op_margin": 0.05256710623201018,
      "fcf_margin": 0.19084276055960908,
      "incr_op_margin_yoy": 0.12397500976181179,
      "rev_growth_yoy": 0.3779585662368329,
      "rev_growth_yoy_accel": 0.15204160301026112,
      "op_leverage_ratio": 1.2045140313541554,
      "fcf_margin_change": 0.11340103151276783
    },
    {
      "date": "2023-12-31T00:00:00",
      "quarter_label": "2023-12 (Q4)",
      "revenue": 153711000,
      "gross_profit": 53185000,
      "operating_income": 12652000,
      "net_income": 3879000,
      "opex": 40533000,
      "cogs": 100526000,
      "rd": null,
      "sga": 36862000,
      "fcf": 12283000,
      "ocf": 15156000,
      "capex": -2873000,
      "gross_margin": 0.34600646668097923,
      "op_margin": 0.08231030960698973,
      "fcf_margin": 0.07990970067204038,
      "incr_op_margin_yoy": 0.11294861829585355,
      "rev_growth_yoy": 0.3205185477912751,
      "rev_growth_yoy_accel": -0.057440018445557794,
      "op_leverage_ratio": 0.1937515545173354,
      "fcf_margin_change": -0.1109330598875687
    },
    {
      "date": "2024-03-31T00:00:00",
      "quarter_label": "2024-03 (Q1)",
      "revenue": 126332000,
      "gross_profit": 45132000,
      "operating_income": 7686000,
      "net_income": 1508000,
      "opex": 37446000,
      "cogs": 81200000,
      "rd": null,
      "sga": 34908000,
      "fcf": -1892000,
      "ocf": 1224000,
      "capex": -3116000,
      "gross_margin": 0.35724915302536175,
      "op_margin": 0.06083969223949593,
      "fcf_margin": -0.014976411360542063,
      "incr_op_margin_yoy": 0.16159488706514635,
      "rev_growth_yoy": 0.12232261044925953,
      "rev_growth_yoy_accel": -0.19819593734201557,
      "fcf_margin_change": -0.09488611203258245
    },
    {
      "date": "2024-06-30T00:00:00",
      "quarter_label": "2024-06 (Q2)",
      "revenue": 137522000,
      "gross_profit": 49047000,
      "operating_income": 9257000,
      "net_income": 4485000,
      "opex": 39790000,
      "cogs": 88475000,
      "rd": null,
      "sga": 36465000,
      "fcf": 2550000,
      "ocf": 6667000,
      "capex": -4117000,
      "gross_margin": 0.3566483908029261,
      "op_margin": 0.06731286630502756,
      "fcf_margin": 0.01854248774741496,
      "incr_op_margin_yoy": 0.07840786476441673,
      "rev_growth_yoy": 0.06456831887042212,
      "rev_growth_yoy_accel": -0.05775429157883741,
      "op_leverage_ratio": 1.4150263934274057,
      "fcf_margin_change": 0.03351889910795702
    },
    {
      "date": "2024-09-30T00:00:00",
      "quarter_label": "2024-09 (Q3)",
      "revenue": 135513000,
      "gross_profit": 45266000,
      "operating_income": 7187000,
      "net_income": 2086000,
      "opex": 38079000,
      "cogs": 90247000,
      "rd": null,
      "sga": 34262000,
      "fcf": 11105000,
      "ocf": 15109000,
      "capex": -4004000,
      "gross_margin": 0.334034373085977,
      "op_margin": 0.05303550212894704,
      "fcf_margin": 0.08194785740113494,
      "incr_op_margin_yoy": 0.04799308207825899,
      "rev_growth_yoy": -0.09289109043443336,
      "rev_growth_yoy_accel": -0.15745940930485547,
      "fcf_margin_change": 0.06340536965371998
    },
    {
      "date": "2024-12-31T00:00:00",
      "quarter_label": "2024-12 (Q4)",
      "revenue": 158566000,
      "gross_profit": 56701000,
      "operating_income": 11274000,
      "net_income": 4878000,
      "opex": 45427000,
      "cogs": 101865000,
      "rd": null,
      "sga": 41062000,
      "fcf": -4303000,
      "ocf": 1828000,
      "capex": -6131000,
      "gross_margin": 0.3575861155607129,
      "op_margin": 0.07109973134215405,
      "fcf_margin": -0.027136965049253937,
      "incr_op_margin_yoy": -0.2838311019567456,
      "rev_growth_yoy": 0.031585247640051786,
      "rev_growth_yoy_accel": 0.12447633807448515,
      "op_leverage_ratio": 0.8815823315422444,
      "fcf_margin_change": -0.10908482245038888
    },
    {
      "date": "2025-03-31T00:00:00",
      "quarter_label": "2025-03 (Q1)",
      "revenue": 176697000,
      "gross_profit": 62162000,
      "operating_income": 61870000,
      "net_income": 35984000,
      "opex": 292000,
      "cogs": 114535000,
      "rd": null,
      "sga": 53542000,
      "fcf": -15081000,
      "ocf": -11696000,
      "capex": -3385000,
      "gross_margin": 0.351799973966734,
      "op_margin": 0.35014742751716216,
      "fcf_margin": -0.0853494965958675,
      "incr_op_margin_yoy": 1.0758264667924153,
      "rev_growth_yoy": 0.39867175379159675,
      "rev_growth_yoy_accel": 0.367086506151545,
      "op_leverage_ratio": Infinity,
      "fcf_margin_change": -0.05821253154661357
    },
    {
      "date": "2025-06-30T00:00:00",
      "quarter_label": "2025-06 (Q2)",
      "revenue": 185391000,
      "gross_profit": 67108000,
      "operating_income": 18061000,
      "net_income": 9510000,
      "opex": 49047000,
      "cogs": 118283000,
      "rd": null,
      "sga": 48816000,
      "fcf": -8714000,
      "ocf": -7667000,
      "capex": -1047000,
      "gross_margin": 0.3619808944339261,
      "op_margin": 0.09742112616038535,
      "fcf_margin": -0.047003360465179,
      "incr_op_margin_yoy": 0.18391861120975997,
      "rev_growth_yoy": 0.34808248862000263,
      "rev_growth_yoy_accel": -0.05058926517159412,
      "op_leverage_ratio": 0.00029468236760491856,
      "fcf_margin_change": 0.038346136130688505
    },
    {
      "date": "2025-09-30T00:00:00",
      "quarter_label": "2025-09 (Q3)",
      "revenue": 197599000,
      "gross_profit": 64579000,
      "operating_income": 9400000,
      "net_income": 1499000,
      "opex": 55179000,
      "cogs": 133020000,
      "rd": null,
      "sga": 47034000,
      "fcf": 11022000,
      "ocf": 15263000,
      "capex": -4241000,
      "gross_margin": 0.32681845555898564,
      "op_margin": 0.04757109094681653,
      "fcf_margin": 0.05577963451232041,
      "incr_op_margin_yoy": 0.0356441065618658,
      "rev_growth_yoy": 0.45815530613299094,
      "rev_growth_yoy_accel": 0.11007281751298831,
      "op_leverage_ratio": 0.5267034656039442,
      "fcf_margin_change": 0.1027829949774994
    }
  ],
  "signals": [
    {
      "quarter": "2025-09 (Q3)",
      "signal": "FCF TURNED POSITIVE",
      "detail": "FCF margin: -4.7% -> +5.6%",
      "severity": "HIGH"
    },
    {
      "quarter": "2025-09 (Q3)",
      "signal": "YoY REVENUE GROWTH ACCELERATION",
      "detail": "YoY growth: +45.8% vs prior quarter YoY: +34.8% (accel: +11.0%)",
      "severity": "MEDIUM"
    },
    {
      "quarter": "2025-06 (Q2)",
      "signal": "YoY REVENUE GROWTH DECELERATION",
      "detail": "YoY growth: +34.8% vs prior quarter YoY: +39.9% (decel: -5.1%)",
      "severity": "WARNING"
    },
    {
      "quarter": "2025-06 (Q2)",
      "signal": "INCREMENTAL MARGIN (YoY)",
      "detail": "YoY Incr OPM: +18.4% vs year-ago OPM: +6.7%",
      "severity": "MEDIUM"
    },
    {
      "quarter": "2025-03 (Q1)",
      "signal": "YoY REVENUE GROWTH ACCELERATION",
      "detail": "YoY growth: +39.9% vs prior quarter YoY: +3.2% (accel: +36.7%)",
      "severity": "HIGH"
    },
    {
      "quarter": "2025-03 (Q1)",
      "signal": "INCREMENTAL MARGIN (YoY)",
      "detail": "YoY Incr OPM: +107.6% vs year-ago OPM: +6.1%",
      "severity": "HIGH"
    },
    {
      "quarter": "2024-12 (Q4)",
      "signal": "GROSS MARGIN INFLECTION",
      "detail": "GM: +35.7% -> +33.4% -> +35.8% (reversal +2.4%)",
      "severity": "MEDIUM"
    },
    {
      "quarter": "2024-12 (Q4)",
      "signal": "YoY REVENUE GROWTH ACCELERATION",
      "detail": "YoY growth: +3.2% vs prior quarter YoY: -9.3% (accel: +12.4%)",
      "severity": "MEDIUM"
    },
    {
      "quarter": "2024-09 (Q3)",
      "signal": "FCF MARGIN EXPANSION",
      "detail": "FCF margin: +1.9% -> +8.2% (+6.3%)",
      "severity": "MEDIUM"
    },
    {
      "quarter": "2024-09 (Q3)",
      "signal": "YoY REVENUE GROWTH DECELERATION",
      "detail": "YoY growth: -9.3% vs prior quarter YoY: +6.5% (decel: -15.7%)",
      "severity": "WARNING"
    },
    {
      "quarter": "2024-06 (Q2)",
      "signal": "FCF TURNED POSITIVE",
      "detail": "FCF margin: -1.5% -> +1.9%",
      "severity": "HIGH"
    },
    {
      "quarter": "2024-06 (Q2)",
      "signal": "YoY REVENUE GROWTH DECELERATION",
      "detail": "YoY growth: +6.5% vs prior quarter YoY: +12.2% (decel: -5.8%)",
      "severity": "WARNING"
    },
    {
      "quarter": "2024-03 (Q1)",
      "signal": "YoY REVENUE GROWTH DECELERATION",
      "detail": "YoY growth: +12.2% vs prior quarter YoY: +32.1% (decel: -19.8%)",
      "severity": "WARNING"
    },
    {
      "quarter": "2024-03 (Q1)",
      "signal": "INCREMENTAL MARGIN (YoY)",
      "detail": "YoY Incr OPM: +16.2% vs year-ago OPM: +4.9%",
      "severity": "MEDIUM"
    },
    {
      "quarter": "2023-12 (Q4)",
      "signal": "GROSS MARGIN INFLECTION",
      "detail": "GM: +30.8% -> +28.9% -> +34.6% (reversal +5.7%)",
      "severity": "HIGH"
    },
    {
      "quarter": "2023-12 (Q4)",
      "signal": "YoY REVENUE GROWTH DECELERATION",
      "detail": "YoY growth: +32.1% vs prior quarter YoY: +37.8% (decel: -5.7%)",
      "severity": "WARNING"
    },
    {
      "quarter": "2023-09 (Q3)",
      "signal": "FCF MARGIN EXPANSION",
      "detail": "FCF margin: +7.7% -> +19.1% (+11.3%)",
      "severity": "MEDIUM"
    },
    {
      "quarter": "2023-09 (Q3)",
      "signal": "YoY REVENUE GROWTH ACCELERATION",
      "detail": "YoY growth: +37.8% vs prior quarter YoY: +22.6% (accel: +15.2%)",
      "severity": "HIGH"
    },
    {
      "quarter": "2023-06 (Q2)",
      "signal": "FCF TURNED POSITIVE",
      "detail": "FCF margin: -12.9% -> +7.7%",
      "severity": "HIGH"
    },
    {
      "quarter": "2023-06 (Q2)",
      "signal": "OPERATING LEVERAGE",
      "detail": "Rev growth +14.8% vs OpEx growth +6.1% (leverage: 2.4x)",
      "severity": "MEDIUM"
    },
    {
      "quarter": "2022-12 (Q4)",
      "signal": "GROSS MARGIN INFLECTION",
      "detail": "GM: +30.1% -> +29.9% -> +32.4% (reversal +2.5%)",
      "severity": "MEDIUM"
    },
    {
      "quarter": "2022-12 (Q4)",
      "signal": "YoY REVENUE GROWTH DECELERATION",
      "detail": "YoY growth: +24.4% vs prior quarter YoY: +35.6% (decel: -11.2%)",
      "severity": "WARNING"
    },
    {
      "quarter": "2022-09 (Q3)",
      "signal": "FCF TURNED POSITIVE",
      "detail": "FCF margin: -18.3% -> +34.5%",
      "severity": "HIGH"
    },
    {
      "quarter": "2022-09 (Q3)",
      "signal": "OP MARGIN TURNED POSITIVE (YoY)",
      "detail": "Op margin: -0.7% (year-ago) -> +2.6%",
      "severity": "HIGH"
    },
    {
      "quarter": "2022-06 (Q2)",
      "signal": "YoY REVENUE GROWTH ACCELERATION",
      "detail": "YoY growth: +33.9% vs prior quarter YoY: +28.6% (accel: +5.4%)",
      "severity": "MEDIUM"
    },
    {
      "quarter": "2022-06 (Q2)",
      "signal": "INCREMENTAL MARGIN (YoY)",
      "detail": "YoY Incr OPM: +13.5% vs year-ago OPM: +2.7%",
      "severity": "MEDIUM"
    },
    {
      "quarter": "2022-03 (Q1)",
      "signal": "YoY REVENUE GROWTH ACCELERATION",
      "detail": "YoY growth: +28.6% vs prior quarter YoY: +12.9% (accel: +15.7%)",
      "severity": "HIGH"
    },
    {
      "quarter": "2021-12 (Q4)",
      "signal": "GROSS MARGIN INFLECTION",
      "detail": "GM: +32.1% -> +28.4% -> +30.5% (reversal +2.1%)",
      "severity": "MEDIUM"
    },
    {
      "quarter": "2021-12 (Q4)",
      "signal": "INCREMENTAL MARGIN (YoY)",
      "detail": "YoY Incr OPM: +14.6% vs year-ago OPM: +4.5%",
      "severity": "MEDIUM"
    },
    {
      "quarter": "2021-12 (Q4)",
      "signal": "OP MARGIN TURNED POSITIVE (QoQ)",
      "detail": "Op margin: -0.7% -> +5.6%",
      "severity": "HIGH"
    },
    {
      "quarter": "2021-09 (Q3)",
      "signal": "FCF TURNED POSITIVE",
      "detail": "FCF margin: -8.0% -> +6.7%",
      "severity": "HIGH"
    },
    {
      "quarter": "2021-09 (Q3)",
      "signal": "OPERATING LEVERAGE",
      "detail": "Rev growth +1.7% vs OpEx growth +0.9% (leverage: 1.8x)",
      "severity": "MEDIUM"
    },
    {
      "quarter": "2021-03 (Q1)",
      "signal": "FCF TURNED POSITIVE",
      "detail": "FCF margin: -7.0% -> +13.1%",
      "severity": "HIGH"
    }
  ],
  "data_quality": {
    "n_quarters": 20,
    "coverage": {
      "revenue": [
        20,
        20
      ],
      "gross_profit": [
        20,
        20
      ],
      "op_income": [
        20,
        20
      ],
      "fcf": [
        20,
        20
      ]
    },
    "gaps": [],
    "warnings": []
  },
  "market_cap": null,
  "source": "SEC EDGAR",
  "last_updated": "2026-02-02T21:29:05.551411",
  "sector": "Industrials",
  "industry": "Pollution & Treatment Controls"
}