{
  "ticker": "CELH",
  "name": "CELSIUS HOLDINGS, INC.",
  "quarters": [
    {
      "date": "2020-12-31T00:00:00",
      "quarter_label": "2020-12 (Q4)",
      "revenue": 35664512,
      "gross_profit": 17425014,
      "operating_income": 463192,
      "net_income": 1665861,
      "opex": 16961822,
      "cogs": 18239498,
      "rd": 228000,
      "sga": null,
      "fcf": -605839,
      "ocf": -448510,
      "capex": -157329,
      "gross_margin": 0.488581310183075,
      "op_margin": 0.012987476178000137,
      "fcf_margin": -0.016987166402276863
    },
    {
      "date": "2021-03-31T00:00:00",
      "quarter_label": "2021-03 (Q1)",
      "revenue": 50034879,
      "gross_profit": 20579095,
      "operating_income": 813376,
      "net_income": 585424,
      "opex": 19765719,
      "cogs": 29455784,
      "rd": 200000,
      "sga": null,
      "fcf": -14016000,
      "ocf": -13318000,
      "capex": -698000,
      "gross_margin": 0.4112949888416838,
      "op_margin": 0.01625618001394587,
      "fcf_margin": -0.28012459068802786,
      "op_leverage_ratio": 2.437485377526352,
      "fcf_margin_change": -0.263137424285751
    },
    {
      "date": "2021-06-30T00:00:00",
      "quarter_label": "2021-06 (Q2)",
      "revenue": 65073323,
      "gross_profit": 28249369,
      "operating_income": 3598849,
      "net_income": 3960344,
      "opex": 24650520,
      "cogs": 36823954,
      "rd": null,
      "sga": null,
      "fcf": -17530000,
      "ocf": -17012000,
      "capex": -518000,
      "gross_margin": 0.4341159740682061,
      "op_margin": 0.055304521639382084,
      "fcf_margin": -0.2693884251154655,
      "op_leverage_ratio": 1.2161742114740484,
      "fcf_margin_change": 0.01073616557256235
    },
    {
      "date": "2021-09-30T00:00:00",
      "quarter_label": "2021-09 (Q3)",
      "revenue": 94909100,
      "gross_profit": 37693372,
      "operating_income": 3932280,
      "net_income": 2745791,
      "opex": 33761092,
      "cogs": 57215728,
      "rd": 300000,
      "sga": null,
      "fcf": -22913000,
      "ocf": -21734000,
      "capex": -1179000,
      "gross_margin": 0.3971523489317673,
      "op_margin": 0.04143206499692864,
      "fcf_margin": -0.24142047495972463,
      "op_leverage_ratio": 1.2405515284564461,
      "fcf_margin_change": 0.027967950155740884
    },
    {
      "date": "2021-12-31T00:00:00",
      "quarter_label": "2021-12 (Q4)",
      "revenue": 104254257,
      "gross_profit": 41646688,
      "operating_income": -12434021,
      "net_income": -3354286,
      "opex": 54080709,
      "cogs": 62607569,
      "rd": 300000,
      "sga": null,
      "fcf": -45277000,
      "ocf": -44522000,
      "capex": -755000,
      "gross_margin": 0.39947230164423886,
      "op_margin": -0.11926631446809889,
      "fcf_margin": -0.43429401640644755,
      "incr_op_margin_yoy": -0.18803412959182164,
      "rev_growth_yoy": 1.9231931450513047,
      "op_leverage_ratio": 0.16359864959342715,
      "fcf_margin_change": -0.19287354144672292
    },
    {
      "date": "2022-03-31T00:00:00",
      "quarter_label": "2022-03 (Q1)",
      "revenue": 133388000,
      "gross_profit": 53894000,
      "operating_income": 10116000,
      "net_income": 6679000,
      "opex": 43778000,
      "cogs": 79494000,
      "rd": 100000,
      "sga": null,
      "fcf": 8383000,
      "ocf": 9125000,
      "capex": -742000,
      "gross_margin": 0.4040393438690137,
      "op_margin": 0.0758389060485201,
      "fcf_margin": 0.06284673283953579,
      "incr_op_margin_yoy": 0.11160498717258589,
      "rev_growth_yoy": 1.6659003212538996,
      "rev_growth_yoy_accel": -0.25729282379740503,
      "op_leverage_ratio": Infinity,
      "fcf_margin_change": 0.49714074924598334
    },
    {
      "date": "2022-06-30T00:00:00",
      "quarter_label": "2022-06 (Q2)",
      "revenue": 154020000,
      "gross_profit": 59319000,
      "operating_income": 12430000,
      "net_income": 9158000,
      "opex": 46889000,
      "cogs": 94701000,
      "rd": 100000,
      "sga": null,
      "fcf": 31457000,
      "ocf": 33171000,
      "capex": -1714000,
      "gross_margin": 0.3851382937280873,
      "op_margin": 0.08070380470068822,
      "fcf_margin": 0.20423970912868458,
      "incr_op_margin_yoy": 0.09928590137212209,
      "rev_growth_yoy": 1.366868524602624,
      "rev_growth_yoy_accel": -0.29903179665127566,
      "op_leverage_ratio": 2.1766092681171405,
      "fcf_margin_change": 0.1413929762891488
    },
    {
      "date": "2022-09-30T00:00:00",
      "quarter_label": "2022-09 (Q3)",
      "revenue": 188233000,
      "gross_profit": 78650000,
      "operating_income": -147599000,
      "net_income": -181896000,
      "opex": 226249000,
      "cogs": 109583000,
      "rd": 100000,
      "sga": null,
      "fcf": 127650000,
      "ocf": 128671000,
      "capex": -1021000,
      "gross_margin": 0.41783321734233636,
      "op_margin": -0.7841292440751622,
      "fcf_margin": 0.6781488899395961,
      "incr_op_margin_yoy": -1.6237135396184685,
      "rev_growth_yoy": 0.9832977027492622,
      "rev_growth_yoy_accel": -0.3835708218533618,
      "op_leverage_ratio": 0.05807101456899199,
      "fcf_margin_change": 0.4739091808109115
    },
    {
      "date": "2022-12-31T00:00:00",
      "quarter_label": "2022-12 (Q4)",
      "revenue": 177964000,
      "gross_profit": 79007000,
      "operating_income": -32746000,
      "net_income": -21223000,
      "opex": 111753000,
      "cogs": 98957000,
      "rd": 100000,
      "sga": null,
      "fcf": -67572000,
      "ocf": -62785000,
      "capex": -4787000,
      "gross_margin": 0.4439493380683734,
      "op_margin": -0.18400350632712234,
      "fcf_margin": -0.3796947697287092,
      "incr_op_margin_yoy": -0.2755670848018016,
      "rev_growth_yoy": 0.7070190236932004,
      "rev_growth_yoy_accel": -0.27627867905606185,
      "fcf_margin_change": -1.0578436596683054
    },
    {
      "date": "2023-03-31T00:00:00",
      "quarter_label": "2023-03 (Q1)",
      "revenue": 259939000,
      "gross_profit": 113818000,
      "operating_income": 44913000,
      "net_income": 41227000,
      "opex": 68905000,
      "cogs": 146121000,
      "rd": 300000,
      "sga": null,
      "fcf": -16084000,
      "ocf": -13831000,
      "capex": -2253000,
      "gross_margin": 0.43786426815522106,
      "op_margin": 0.17278284520599063,
      "fcf_margin": -0.06187605553610655,
      "incr_op_margin_yoy": 0.27496424366460953,
      "rev_growth_yoy": 0.9487435151587849,
      "rev_growth_yoy_accel": 0.2417244914655845,
      "op_leverage_ratio": Infinity,
      "fcf_margin_change": 0.31781871419260266
    },
    {
      "date": "2023-06-30T00:00:00",
      "quarter_label": "2023-06 (Q2)",
      "revenue": 325883000,
      "gross_profit": 158994000,
      "operating_income": 64813000,
      "net_income": 51509000,
      "opex": 94181000,
      "cogs": 166889000,
      "rd": 200000,
      "sga": null,
      "fcf": 54485000,
      "ocf": 59042000,
      "capex": -4557000,
      "gross_margin": 0.48788675690355127,
      "op_margin": 0.19888426214316182,
      "fcf_margin": 0.16719190629765898,
      "incr_op_margin_yoy": 0.30479509842141705,
      "rev_growth_yoy": 1.115848591092066,
      "rev_growth_yoy_accel": 0.16710507593328106,
      "op_leverage_ratio": 0.6915860640514343,
      "fcf_margin_change": 0.22906796183376554
    },
    {
      "date": "2023-09-30T00:00:00",
      "quarter_label": "2023-09 (Q3)",
      "revenue": 384757000,
      "gross_profit": 194082000,
      "operating_income": 97697000,
      "net_income": 83949000,
      "opex": 96385000,
      "cogs": 190675000,
      "rd": 500000,
      "sga": null,
      "fcf": 84958000,
      "ocf": 90835000,
      "capex": -5877000,
      "gross_margin": 0.5044274698056176,
      "op_margin": 0.25391870713203396,
      "fcf_margin": 0.22080949794285745,
      "incr_op_margin_yoy": 1.2481732511041908,
      "rev_growth_yoy": 1.0440464743164057,
      "rev_growth_yoy_accel": -0.07180211677566017,
      "op_leverage_ratio": 7.71993324706133,
      "fcf_margin_change": 0.05361759164519847
    },
    {
      "date": "2023-12-31T00:00:00",
      "quarter_label": "2023-12 (Q4)",
      "revenue": 347435000,
      "gross_profit": 166245000,
      "operating_income": 58943000,
      "net_income": 50116000,
      "opex": 107302000,
      "cogs": 181190000,
      "rd": 700000,
      "sga": null,
      "fcf": 426000,
      "ocf": 5172000,
      "capex": -4746000,
      "gross_margin": 0.4784923798696159,
      "op_margin": 0.16965187732957243,
      "fcf_margin": 0.0012261286283765309,
      "incr_op_margin_yoy": 0.5410306188079377,
      "rev_growth_yoy": 0.9522768649839294,
      "rev_growth_yoy_accel": -0.09176960933247635,
      "fcf_margin_change": -0.21958336931448091
    },
    {
      "date": "2024-03-31T00:00:00",
      "quarter_label": "2024-03 (Q1)",
      "revenue": 355708000,
      "gross_profit": 182207000,
      "operating_income": 83190000,
      "net_income": 77811000,
      "opex": 99017000,
      "cogs": 173501000,
      "rd": 200000,
      "sga": 99017000,
      "fcf": 130124000,
      "ocf": 134649000,
      "capex": -4525000,
      "gross_margin": 0.5122375656437302,
      "op_margin": 0.2338716025504065,
      "fcf_margin": 0.3658169060015518,
      "incr_op_margin_yoy": 0.3996804811577859,
      "rev_growth_yoy": 0.3684287467444285,
      "rev_growth_yoy_accel": -0.5838481182395009,
      "op_leverage_ratio": Infinity,
      "fcf_margin_change": 0.3645907773731753
    },
    {
      "date": "2024-06-30T00:00:00",
      "quarter_label": "2024-06 (Q2)",
      "revenue": 401977000,
      "gross_profit": 209098000,
      "operating_income": 94248000,
      "net_income": 79783000,
      "opex": 114850000,
      "cogs": 192879000,
      "rd": 200000,
      "sga": 114850000,
      "fcf": 30429000,
      "ocf": 39643000,
      "capex": -9214000,
      "gross_margin": 0.5201740398082477,
      "op_margin": 0.23446117563940225,
      "fcf_margin": 0.07569836085149151,
      "incr_op_margin_yoy": 0.38682419113202093,
      "rev_growth_yoy": 0.2335009804132158,
      "rev_growth_yoy_accel": -0.1349277663312127,
      "op_leverage_ratio": 0.8134727939345036,
      "fcf_margin_change": -0.2901185451500603
    },
    {
      "date": "2024-09-30T00:00:00",
      "quarter_label": "2024-09 (Q3)",
      "revenue": 265748000,
      "gross_profit": 122229000,
      "operating_income": -3214000,
      "net_income": 6356000,
      "opex": 125443000,
      "cogs": 143519000,
      "rd": 300000,
      "sga": 125443000,
      "fcf": 8690000,
      "ocf": 12934000,
      "capex": -4244000,
      "gross_margin": 0.45994325451179313,
      "op_margin": -0.01209416439634541,
      "fcf_margin": 0.03270015202372172,
      "incr_op_margin_yoy": 0.8479274676705123,
      "rev_growth_yoy": -0.3093095122375941,
      "rev_growth_yoy_accel": -0.5428104926508099,
      "fcf_margin_change": -0.042998208827769786
    },
    {
      "date": "2024-12-31T00:00:00",
      "quarter_label": "2024-12 (Q4)",
      "revenue": 332197000,
      "gross_profit": 166673000,
      "operating_income": -18496000,
      "net_income": -18876000,
      "opex": 185169000,
      "cogs": 165524000,
      "rd": 200000,
      "sga": 185169000,
      "fcf": 70265000,
      "ocf": 75672000,
      "capex": -5407000,
      "gross_margin": 0.5017293955092912,
      "op_margin": -0.0556778056394248,
      "fcf_margin": 0.21151605824254885,
      "incr_op_margin_yoy": 5.081966137288358,
      "rev_growth_yoy": -0.04385856347230417,
      "rev_growth_yoy_accel": 0.26545094876528996,
      "op_leverage_ratio": 0.5251718589730922,
      "fcf_margin_change": 0.17881590621882712
    },
    {
      "date": "2025-03-31T00:00:00",
      "quarter_label": "2025-03 (Q1)",
      "revenue": 329276000,
      "gross_profit": 172373000,
      "operating_income": 52031000,
      "net_income": 44419000,
      "opex": 120342000,
      "cogs": 156903000,
      "rd": null,
      "sga": 120342000,
      "fcf": 96423000,
      "ocf": 103367000,
      "capex": -6944000,
      "gross_margin": 0.5234909316196746,
      "op_margin": 0.15801637532039992,
      "fcf_margin": 0.29283336775228075,
      "incr_op_margin_yoy": 1.178836259079903,
      "rev_growth_yoy": -0.07430814038481001,
      "rev_growth_yoy_accel": -0.03044957691250584,
      "fcf_margin_change": 0.0813173095097319
    },
    {
      "date": "2025-06-30T00:00:00",
      "quarter_label": "2025-06 (Q2)",
      "revenue": 739259000,
      "gross_profit": 380851000,
      "operating_income": 142965000,
      "net_income": 99855000,
      "opex": 237886000,
      "cogs": 358408000,
      "rd": null,
      "sga": 237886000,
      "fcf": 35462000,
      "ocf": 43712000,
      "capex": -8250000,
      "gross_margin": 0.5151793890909682,
      "op_margin": 0.19338959688011914,
      "fcf_margin": 0.047969656101582804,
      "incr_op_margin_yoy": 0.1444399641842731,
      "rev_growth_yoy": 0.8390579560522119,
      "rev_growth_yoy_accel": 0.9133660964370219,
      "op_leverage_ratio": 1.274742692227979,
      "fcf_margin_change": -0.24486371165069795
    },
    {
      "date": "2025-09-30T00:00:00",
      "quarter_label": "2025-09 (Q3)",
      "revenue": 725106000,
      "gross_profit": 372279000,
      "operating_income": -79999000,
      "net_income": -61014000,
      "opex": 452278000,
      "cogs": 352827000,
      "rd": null,
      "sga": 205571000,
      "fcf": 321456000,
      "ocf": 331801000,
      "capex": -10345000,
      "gross_margin": 0.5134132113097947,
      "op_margin": -0.11032731766114195,
      "fcf_margin": 0.4433227693606176,
      "incr_op_margin_yoy": -0.16715720636192252,
      "rev_growth_yoy": 1.7285473456056113,
      "rev_growth_yoy_accel": 0.8894893895533994,
      "fcf_margin_change": 0.39535311325903477
    }
  ],
  "signals": [
    {
      "quarter": "2025-09 (Q3)",
      "signal": "FCF MARGIN EXPANSION",
      "detail": "FCF margin: +4.8% -> +44.3% (+39.5%)",
      "severity": "MEDIUM"
    },
    {
      "quarter": "2025-09 (Q3)",
      "signal": "YoY REVENUE GROWTH ACCELERATION",
      "detail": "YoY growth: +172.9% vs prior quarter YoY: +83.9% (accel: +88.9%)",
      "severity": "HIGH"
    },
    {
      "quarter": "2025-06 (Q2)",
      "signal": "YoY REVENUE GROWTH ACCELERATION",
      "detail": "YoY growth: +83.9% vs prior quarter YoY: -7.4% (accel: +91.3%)",
      "severity": "HIGH"
    },
    {
      "quarter": "2025-03 (Q1)",
      "signal": "FCF MARGIN EXPANSION",
      "detail": "FCF margin: +21.2% -> +29.3% (+8.1%)",
      "severity": "MEDIUM"
    },
    {
      "quarter": "2025-03 (Q1)",
      "signal": "INCREMENTAL MARGIN (YoY)",
      "detail": "YoY Incr OPM: +117.9% vs year-ago OPM: +23.4%",
      "severity": "HIGH"
    },
    {
      "quarter": "2025-03 (Q1)",
      "signal": "OP MARGIN TURNED POSITIVE (QoQ)",
      "detail": "Op margin: -5.6% -> +15.8%",
      "severity": "HIGH"
    },
    {
      "quarter": "2024-12 (Q4)",
      "signal": "FCF MARGIN EXPANSION",
      "detail": "FCF margin: +3.3% -> +21.2% (+17.9%)",
      "severity": "MEDIUM"
    },
    {
      "quarter": "2024-12 (Q4)",
      "signal": "GROSS MARGIN INFLECTION",
      "detail": "GM: +52.0% -> +46.0% -> +50.2% (reversal +4.2%)",
      "severity": "MEDIUM"
    },
    {
      "quarter": "2024-12 (Q4)",
      "signal": "YoY REVENUE GROWTH ACCELERATION",
      "detail": "YoY growth: -4.4% vs prior quarter YoY: -30.9% (accel: +26.5%)",
      "severity": "HIGH"
    },
    {
      "quarter": "2024-09 (Q3)",
      "signal": "YoY REVENUE GROWTH DECELERATION",
      "detail": "YoY growth: -30.9% vs prior quarter YoY: +23.4% (decel: -54.3%)",
      "severity": "WARNING"
    },
    {
      "quarter": "2024-06 (Q2)",
      "signal": "YoY REVENUE GROWTH DECELERATION",
      "detail": "YoY growth: +23.4% vs prior quarter YoY: +36.8% (decel: -13.5%)",
      "severity": "WARNING"
    },
    {
      "quarter": "2024-06 (Q2)",
      "signal": "INCREMENTAL MARGIN (YoY)",
      "detail": "YoY Incr OPM: +38.7% vs year-ago OPM: +19.9%",
      "severity": "MEDIUM"
    },
    {
      "quarter": "2024-03 (Q1)",
      "signal": "FCF MARGIN EXPANSION",
      "detail": "FCF margin: +0.1% -> +36.6% (+36.5%)",
      "severity": "MEDIUM"
    },
    {
      "quarter": "2024-03 (Q1)",
      "signal": "GROSS MARGIN INFLECTION",
      "detail": "GM: +50.4% -> +47.8% -> +51.2% (reversal +3.4%)",
      "severity": "MEDIUM"
    },
    {
      "quarter": "2024-03 (Q1)",
      "signal": "YoY REVENUE GROWTH DECELERATION",
      "detail": "YoY growth: +36.8% vs prior quarter YoY: +95.2% (decel: -58.4%)",
      "severity": "WARNING"
    },
    {
      "quarter": "2024-03 (Q1)",
      "signal": "INCREMENTAL MARGIN (YoY)",
      "detail": "YoY Incr OPM: +40.0% vs year-ago OPM: +17.3%",
      "severity": "HIGH"
    },
    {
      "quarter": "2023-12 (Q4)",
      "signal": "YoY REVENUE GROWTH DECELERATION",
      "detail": "YoY growth: +95.2% vs prior quarter YoY: +104.4% (decel: -9.2%)",
      "severity": "WARNING"
    },
    {
      "quarter": "2023-12 (Q4)",
      "signal": "OP MARGIN TURNED POSITIVE (YoY)",
      "detail": "Op margin: -18.4% (year-ago) -> +17.0%",
      "severity": "HIGH"
    },
    {
      "quarter": "2023-09 (Q3)",
      "signal": "FCF MARGIN EXPANSION",
      "detail": "FCF margin: +16.7% -> +22.1% (+5.4%)",
      "severity": "MEDIUM"
    },
    {
      "quarter": "2023-09 (Q3)",
      "signal": "OPERATING LEVERAGE",
      "detail": "Rev growth +18.1% vs OpEx growth +2.3% (leverage: 7.7x)",
      "severity": "MEDIUM"
    },
    {
      "quarter": "2023-09 (Q3)",
      "signal": "YoY REVENUE GROWTH DECELERATION",
      "detail": "YoY growth: +104.4% vs prior quarter YoY: +111.6% (decel: -7.2%)",
      "severity": "WARNING"
    },
    {
      "quarter": "2023-09 (Q3)",
      "signal": "OP MARGIN TURNED POSITIVE (YoY)",
      "detail": "Op margin: -78.4% (year-ago) -> +25.4%",
      "severity": "HIGH"
    },
    {
      "quarter": "2023-06 (Q2)",
      "signal": "FCF TURNED POSITIVE",
      "detail": "FCF margin: -6.2% -> +16.7%",
      "severity": "HIGH"
    },
    {
      "quarter": "2023-06 (Q2)",
      "signal": "GROSS MARGIN INFLECTION",
      "detail": "GM: +44.4% -> +43.8% -> +48.8% (reversal +5.0%)",
      "severity": "HIGH"
    },
    {
      "quarter": "2023-06 (Q2)",
      "signal": "YoY REVENUE GROWTH ACCELERATION",
      "detail": "YoY growth: +111.6% vs prior quarter YoY: +94.9% (accel: +16.7%)",
      "severity": "HIGH"
    },
    {
      "quarter": "2023-06 (Q2)",
      "signal": "INCREMENTAL MARGIN (YoY)",
      "detail": "YoY Incr OPM: +30.5% vs year-ago OPM: +8.1%",
      "severity": "HIGH"
    },
    {
      "quarter": "2023-03 (Q1)",
      "signal": "FCF MARGIN EXPANSION",
      "detail": "FCF margin: -38.0% -> -6.2% (+31.8%)",
      "severity": "MEDIUM"
    },
    {
      "quarter": "2023-03 (Q1)",
      "signal": "YoY REVENUE GROWTH ACCELERATION",
      "detail": "YoY growth: +94.9% vs prior quarter YoY: +70.7% (accel: +24.2%)",
      "severity": "HIGH"
    },
    {
      "quarter": "2023-03 (Q1)",
      "signal": "INCREMENTAL MARGIN (YoY)",
      "detail": "YoY Incr OPM: +27.5% vs year-ago OPM: +7.6%",
      "severity": "MEDIUM"
    },
    {
      "quarter": "2023-03 (Q1)",
      "signal": "OP MARGIN TURNED POSITIVE (QoQ)",
      "detail": "Op margin: -18.4% -> +17.3%",
      "severity": "HIGH"
    },
    {
      "quarter": "2022-12 (Q4)",
      "signal": "YoY REVENUE GROWTH DECELERATION",
      "detail": "YoY growth: +70.7% vs prior quarter YoY: +98.3% (decel: -27.6%)",
      "severity": "WARNING"
    },
    {
      "quarter": "2022-09 (Q3)",
      "signal": "FCF MARGIN EXPANSION",
      "detail": "FCF margin: +20.4% -> +67.8% (+47.4%)",
      "severity": "MEDIUM"
    },
    {
      "quarter": "2022-09 (Q3)",
      "signal": "GROSS MARGIN INFLECTION",
      "detail": "GM: +40.4% -> +38.5% -> +41.8% (reversal +3.3%)",
      "severity": "MEDIUM"
    },
    {
      "quarter": "2022-09 (Q3)",
      "signal": "YoY REVENUE GROWTH DECELERATION",
      "detail": "YoY growth: +98.3% vs prior quarter YoY: +136.7% (decel: -38.4%)",
      "severity": "WARNING"
    },
    {
      "quarter": "2022-06 (Q2)",
      "signal": "FCF MARGIN EXPANSION",
      "detail": "FCF margin: +6.3% -> +20.4% (+14.1%)",
      "severity": "MEDIUM"
    },
    {
      "quarter": "2022-06 (Q2)",
      "signal": "OPERATING LEVERAGE",
      "detail": "Rev growth +15.5% vs OpEx growth +7.1% (leverage: 2.2x)",
      "severity": "MEDIUM"
    },
    {
      "quarter": "2022-06 (Q2)",
      "signal": "YoY REVENUE GROWTH DECELERATION",
      "detail": "YoY growth: +136.7% vs prior quarter YoY: +166.6% (decel: -29.9%)",
      "severity": "WARNING"
    },
    {
      "quarter": "2022-03 (Q1)",
      "signal": "FCF TURNED POSITIVE",
      "detail": "FCF margin: -43.4% -> +6.3%",
      "severity": "HIGH"
    },
    {
      "quarter": "2022-03 (Q1)",
      "signal": "YoY REVENUE GROWTH DECELERATION",
      "detail": "YoY growth: +166.6% vs prior quarter YoY: +192.3% (decel: -25.7%)",
      "severity": "WARNING"
    },
    {
      "quarter": "2022-03 (Q1)",
      "signal": "OP MARGIN TURNED POSITIVE (QoQ)",
      "detail": "Op margin: -11.9% -> +7.6%",
      "severity": "HIGH"
    },
    {
      "quarter": "2021-06 (Q2)",
      "signal": "GROSS MARGIN INFLECTION",
      "detail": "GM: +48.9% -> +41.1% -> +43.4% (reversal +2.3%)",
      "severity": "MEDIUM"
    },
    {
      "quarter": "2021-03 (Q1)",
      "signal": "OPERATING LEVERAGE",
      "detail": "Rev growth +40.3% vs OpEx growth +16.5% (leverage: 2.4x)",
      "severity": "MEDIUM"
    }
  ],
  "data_quality": {
    "n_quarters": 20,
    "coverage": {
      "revenue": [
        20,
        20
      ],
      "gross_profit": [
        20,
        20
      ],
      "op_income": [
        20,
        20
      ],
      "fcf": [
        20,
        20
      ]
    },
    "gaps": [],
    "warnings": []
  },
  "market_cap": null,
  "source": "SEC EDGAR",
  "last_updated": "2026-02-02T20:27:43.178735",
  "sector": "Consumer Defensive",
  "industry": "Beverages - Non-Alcoholic"
}