{
  "ticker": "CELU",
  "name": "Celularity Inc.",
  "quarters": [
    {
      "date": "2020-12-31T00:00:00",
      "quarter_label": "2020-12 (Q4)",
      "revenue": 3243000,
      "gross_profit": 2073000,
      "operating_income": -3561783,
      "net_income": -3473872,
      "opex": 5634783,
      "cogs": null,
      "rd": 13924000,
      "sga": 5973000,
      "fcf": -26203000,
      "ocf": -16831000,
      "capex": -9372000,
      "gross_margin": 0.6392229417206291,
      "op_margin": -1.0982987974098057,
      "fcf_margin": -8.07986432315757
    },
    {
      "date": "2021-03-31T00:00:00",
      "quarter_label": "2021-03 (Q1)",
      "revenue": 2660000,
      "gross_profit": 1418000,
      "operating_income": -2050121,
      "net_income": 38028962,
      "opex": 3468121,
      "cogs": null,
      "rd": 16990000,
      "sga": 7626000,
      "fcf": -26559000,
      "ocf": -25080000,
      "capex": -1479000,
      "gross_margin": 0.5330827067669173,
      "op_margin": -0.7707221804511278,
      "fcf_margin": -9.984586466165414,
      "fcf_margin_change": -1.9047221430078434
    },
    {
      "date": "2021-06-30T00:00:00",
      "quarter_label": "2021-06 (Q2)",
      "revenue": 3197000,
      "gross_profit": 1757000,
      "operating_income": -1538681,
      "net_income": -7130104,
      "opex": 3295681,
      "cogs": null,
      "rd": 22911000,
      "sga": 28863000,
      "fcf": -19508000,
      "ocf": -18200000,
      "capex": -1308000,
      "gross_margin": 0.549577729121051,
      "op_margin": -0.4812890209571473,
      "fcf_margin": -6.101970597435096,
      "op_leverage_ratio": Infinity,
      "fcf_margin_change": 3.8826158687303183
    },
    {
      "date": "2021-09-30T00:00:00",
      "quarter_label": "2021-09 (Q3)",
      "revenue": 10622000,
      "gross_profit": 8311000,
      "operating_income": 10898000,
      "net_income": 49938000,
      "opex": -2587000,
      "cogs": null,
      "rd": 23765000,
      "sga": 21644000,
      "fcf": -35884000,
      "ocf": -34771000,
      "capex": -1113000,
      "gross_margin": 0.7824326868762945,
      "op_margin": 1.025983807192619,
      "fcf_margin": -3.378271511956317,
      "op_leverage_ratio": Infinity,
      "fcf_margin_change": 2.7236990854787786
    },
    {
      "date": "2021-12-31T00:00:00",
      "quarter_label": "2021-12 (Q4)",
      "revenue": 4856000,
      "gross_profit": 196000,
      "operating_income": -14951000,
      "net_income": -4040000,
      "opex": 15147000,
      "cogs": null,
      "rd": 24687000,
      "sga": 13208000,
      "fcf": -34348000,
      "ocf": -32045000,
      "capex": -2303000,
      "gross_margin": 0.04036243822075782,
      "op_margin": -3.0788714991762767,
      "fcf_margin": -7.07331136738056,
      "incr_op_margin_yoy": -7.060890886546807,
      "rev_growth_yoy": 0.4973789700894234,
      "fcf_margin_change": -3.695039855424243
    },
    {
      "date": "2022-03-31T00:00:00",
      "quarter_label": "2022-03 (Q1)",
      "revenue": 5935000,
      "gross_profit": 1909000,
      "operating_income": -41614000,
      "net_income": -62867000,
      "opex": 43523000,
      "cogs": null,
      "rd": 21673000,
      "sga": 16460000,
      "fcf": -35707000,
      "ocf": -34253000,
      "capex": -1454000,
      "gross_margin": 0.32165122156697556,
      "op_margin": -7.011625947767481,
      "fcf_margin": -6.016343723673126,
      "incr_op_margin_yoy": -12.080573740458016,
      "rev_growth_yoy": 1.231203007518797,
      "rev_growth_yoy_accel": 0.7338240374293736,
      "op_leverage_ratio": 0.11860915627471809,
      "fcf_margin_change": 1.0569676437074342
    },
    {
      "date": "2022-06-30T00:00:00",
      "quarter_label": "2022-06 (Q2)",
      "revenue": 3776000,
      "gross_profit": 597000,
      "operating_income": 4175000,
      "net_income": 47826000,
      "opex": -3578000,
      "cogs": null,
      "rd": 25349000,
      "sga": 15574000,
      "fcf": -37758000,
      "ocf": -36318000,
      "capex": -1440000,
      "gross_margin": 0.15810381355932204,
      "op_margin": 1.105667372881356,
      "fcf_margin": -9.99947033898305,
      "rev_growth_yoy": 0.18110728808257742,
      "rev_growth_yoy_accel": -1.0500957194362195,
      "fcf_margin_change": -3.9831266153099243
    },
    {
      "date": "2022-09-30T00:00:00",
      "quarter_label": "2022-09 (Q3)",
      "revenue": 4135000,
      "gross_profit": -3078000,
      "operating_income": -5646000,
      "net_income": 4799000,
      "opex": 2568000,
      "cogs": null,
      "rd": 20351000,
      "sga": 14907000,
      "fcf": -39283000,
      "ocf": -37720000,
      "capex": -1563000,
      "gross_margin": -0.7443772672309552,
      "op_margin": -1.3654171704957678,
      "fcf_margin": -9.50012091898428,
      "incr_op_margin_yoy": 2.5503314320949593,
      "rev_growth_yoy": -0.6107136132555074,
      "rev_growth_yoy_accel": -0.7918209013380848,
      "op_leverage_ratio": Infinity,
      "fcf_margin_change": 0.49934941999877047
    },
    {
      "date": "2022-12-31T00:00:00",
      "quarter_label": "2022-12 (Q4)",
      "revenue": 4129000,
      "gross_profit": -1118000,
      "operating_income": 17485000,
      "net_income": 24434000,
      "opex": -18603000,
      "cogs": null,
      "rd": 10990000,
      "sga": 19080000,
      "fcf": -30364000,
      "ocf": -29585000,
      "capex": -779000,
      "gross_margin": -0.2707677403729717,
      "op_margin": 4.234681520949382,
      "fcf_margin": -7.353838701864858,
      "rev_growth_yoy": -0.14971169686985172,
      "rev_growth_yoy_accel": 0.4610019163856557,
      "fcf_margin_change": 2.1462822171194214
    },
    {
      "date": "2023-03-31T00:00:00",
      "quarter_label": "2023-03 (Q1)",
      "revenue": 3935000,
      "gross_profit": 1932000,
      "operating_income": -63870000,
      "net_income": -64017000,
      "opex": 65802000,
      "cogs": 2003000,
      "rd": 16951000,
      "sga": 13934000,
      "fcf": -15204000,
      "ocf": -14995000,
      "capex": -209000,
      "gross_margin": 0.49097839898348156,
      "op_margin": -16.23125794155019,
      "fcf_margin": -3.8637865311308768,
      "incr_op_margin_yoy": 11.128,
      "rev_growth_yoy": -0.33698399326032014,
      "rev_growth_yoy_accel": -0.1872722963904684,
      "fcf_margin_change": 3.4900521707339816
    },
    {
      "date": "2023-06-30T00:00:00",
      "quarter_label": "2023-06 (Q2)",
      "revenue": 2938000,
      "gross_profit": 2136000,
      "operating_income": -42476000,
      "net_income": -47949000,
      "opex": 44612000,
      "cogs": 802000,
      "rd": 8604000,
      "sga": 12826000,
      "fcf": -11058000,
      "ocf": -11027000,
      "capex": -31000,
      "gross_margin": 0.7270251872021783,
      "op_margin": -14.457454050374404,
      "fcf_margin": -3.763784887678693,
      "rev_growth_yoy": -0.2219279661016949,
      "rev_growth_yoy_accel": 0.11505602715862523,
      "fcf_margin_change": 0.10000164345218376
    },
    {
      "date": "2023-09-30T00:00:00",
      "quarter_label": "2023-09 (Q3)",
      "revenue": 3786000,
      "gross_profit": 184000,
      "operating_income": -99256000,
      "net_income": -93876000,
      "opex": 99440000,
      "cogs": 3602000,
      "rd": 5182000,
      "sga": 10748000,
      "fcf": -8550000,
      "ocf": -8322000,
      "capex": -228000,
      "gross_margin": 0.048600105652403594,
      "op_margin": -26.216587427363972,
      "fcf_margin": -2.2583201267828845,
      "rev_growth_yoy": -0.08440145102781137,
      "rev_growth_yoy_accel": 0.13752651507388353,
      "op_leverage_ratio": 0.23485150641031852,
      "fcf_margin_change": 1.5054647608958085
    },
    {
      "date": "2023-12-31T00:00:00",
      "quarter_label": "2023-12 (Q4)",
      "revenue": 12112000,
      "gross_profit": 2503000,
      "operating_income": 13315000,
      "net_income": 9547000,
      "opex": -10812000,
      "cogs": 9609000,
      "rd": -272000,
      "sga": 13068000,
      "fcf": -4921000,
      "ocf": -4341000,
      "capex": -580000,
      "gross_margin": 0.2066545574636724,
      "op_margin": 1.0993229854689563,
      "fcf_margin": -0.4062912813738441,
      "incr_op_margin_yoy": -0.5223600150319428,
      "rev_growth_yoy": 1.9333979171712279,
      "rev_growth_yoy_accel": 2.0177993681990394,
      "op_leverage_ratio": Infinity,
      "fcf_margin_change": 1.8520288454090403
    },
    {
      "date": "2024-03-31T00:00:00",
      "quarter_label": "2024-03 (Q1)",
      "revenue": 14681000,
      "gross_profit": 13041000,
      "operating_income": -7376000,
      "net_income": -22013000,
      "opex": 20417000,
      "cogs": 1640000,
      "rd": 5843000,
      "sga": 14028000,
      "fcf": -4442000,
      "ocf": -4403000,
      "capex": -39000,
      "gross_margin": 0.888290988352292,
      "op_margin": -0.5024180914106668,
      "fcf_margin": -0.3025679449628772,
      "incr_op_margin_yoy": 5.257211985855202,
      "rev_growth_yoy": 2.730876747141042,
      "rev_growth_yoy_accel": 0.7974788299698139,
      "op_leverage_ratio": Infinity,
      "fcf_margin_change": 0.10372333641096693
    },
    {
      "date": "2024-06-30T00:00:00",
      "quarter_label": "2024-06 (Q2)",
      "revenue": 12111000,
      "gross_profit": 9988000,
      "operating_income": -10175000,
      "net_income": -6488000,
      "opex": 20163000,
      "cogs": 2123000,
      "rd": 3800000,
      "sga": 15907000,
      "fcf": -3479000,
      "ocf": -3448000,
      "capex": -31000,
      "gross_margin": 0.8247048138056312,
      "op_margin": -0.8401453224341507,
      "fcf_margin": -0.2872595161423499,
      "incr_op_margin_yoy": 3.52131254769432,
      "rev_growth_yoy": 3.1221919673247105,
      "rev_growth_yoy_accel": 0.3913152201836687,
      "fcf_margin_change": 0.015308428820527298
    },
    {
      "date": "2024-09-30T00:00:00",
      "quarter_label": "2024-09 (Q3)",
      "revenue": 9296000,
      "gross_profit": 5413000,
      "operating_income": -11527000,
      "net_income": -16098000,
      "opex": 16940000,
      "cogs": 3883000,
      "rd": 3915000,
      "sga": 12650000,
      "fcf": -144000,
      "ocf": -144000,
      "capex": null,
      "gross_margin": 0.5822934595524957,
      "op_margin": -1.2399956970740103,
      "fcf_margin": -0.01549053356282272,
      "incr_op_margin_yoy": 15.921778584392014,
      "rev_growth_yoy": 1.4553618594823032,
      "rev_growth_yoy_accel": -1.6668301078424073,
      "fcf_margin_change": 0.2717689825795272
    },
    {
      "date": "2024-12-31T00:00:00",
      "quarter_label": "2024-12 (Q4)",
      "revenue": 18132000,
      "gross_profit": 10789000,
      "operating_income": -9280000,
      "net_income": -13293000,
      "opex": 20069000,
      "cogs": 7343000,
      "rd": 3828000,
      "sga": 16058000,
      "fcf": 1503000,
      "ocf": 1594000,
      "capex": -91000,
      "gross_margin": 0.5950253695124641,
      "op_margin": -0.5118023384072359,
      "fcf_margin": 0.0828921244209133,
      "incr_op_margin_yoy": -3.7533222591362128,
      "rev_growth_yoy": 0.49702774108322323,
      "rev_growth_yoy_accel": -0.95833411839908,
      "op_leverage_ratio": 5.145972191739152,
      "fcf_margin_change": 0.09838265798373602
    },
    {
      "date": "2025-03-31T00:00:00",
      "quarter_label": "2025-03 (Q1)",
      "revenue": 11426000,
      "gross_profit": 7872000,
      "operating_income": -10486000,
      "net_income": -19754000,
      "opex": 18358000,
      "cogs": 3554000,
      "rd": 3728000,
      "sga": 14262000,
      "fcf": -2993000,
      "ocf": -2993000,
      "capex": null,
      "gross_margin": 0.6889550148783476,
      "op_margin": -0.9177314895851567,
      "fcf_margin": -0.26194643794853845,
      "incr_op_margin_yoy": 0.9554531490015361,
      "rev_growth_yoy": -0.22171514202029835,
      "rev_growth_yoy_accel": -0.7187428831035216,
      "fcf_margin_change": -0.34483856236945176
    },
    {
      "date": "2025-06-30T00:00:00",
      "quarter_label": "2025-06 (Q2)",
      "revenue": 5736000,
      "gross_profit": 494000,
      "operating_income": -15864000,
      "net_income": -24524000,
      "opex": 16358000,
      "cogs": 5242000,
      "rd": 3352000,
      "sga": 12634000,
      "fcf": -999000,
      "ocf": -999000,
      "capex": null,
      "gross_margin": 0.08612273361227336,
      "op_margin": -2.7656903765690375,
      "fcf_margin": -0.174163179916318,
      "incr_op_margin_yoy": 0.8923921568627451,
      "rev_growth_yoy": -0.5263809759722566,
      "rev_growth_yoy_accel": -0.3046658339519583,
      "fcf_margin_change": 0.08778325803222045
    },
    {
      "date": "2025-09-30T00:00:00",
      "quarter_label": "2025-09 (Q3)",
      "revenue": 5284000,
      "gross_profit": 1380000,
      "operating_income": -12900000,
      "net_income": -23076000,
      "opex": 14280000,
      "cogs": 3904000,
      "rd": 4598000,
      "sga": 9306000,
      "fcf": -4159000,
      "ocf": -4159000,
      "capex": null,
      "gross_margin": 0.2611657834973505,
      "op_margin": -2.441332323996972,
      "fcf_margin": -0.7870931112793338,
      "incr_op_margin_yoy": 0.3422233300099701,
      "rev_growth_yoy": -0.43158347676419967,
      "rev_growth_yoy_accel": 0.09479749920805697,
      "fcf_margin_change": -0.6129299313630158
    }
  ],
  "signals": [
    {
      "quarter": "2025-09 (Q3)",
      "signal": "GROSS MARGIN INFLECTION",
      "detail": "GM: +68.9% -> +8.6% -> +26.1% (reversal +17.5%)",
      "severity": "HIGH"
    },
    {
      "quarter": "2025-09 (Q3)",
      "signal": "YoY REVENUE GROWTH ACCELERATION",
      "detail": "YoY growth: -43.2% vs prior quarter YoY: -52.6% (accel: +9.5%)",
      "severity": "MEDIUM"
    },
    {
      "quarter": "2025-06 (Q2)",
      "signal": "FCF MARGIN EXPANSION",
      "detail": "FCF margin: -26.2% -> -17.4% (+8.8%)",
      "severity": "MEDIUM"
    },
    {
      "quarter": "2025-06 (Q2)",
      "signal": "YoY REVENUE GROWTH DECELERATION",
      "detail": "YoY growth: -52.6% vs prior quarter YoY: -22.2% (decel: -30.5%)",
      "severity": "WARNING"
    },
    {
      "quarter": "2025-03 (Q1)",
      "signal": "YoY REVENUE GROWTH DECELERATION",
      "detail": "YoY growth: -22.2% vs prior quarter YoY: +49.7% (decel: -71.9%)",
      "severity": "WARNING"
    },
    {
      "quarter": "2024-12 (Q4)",
      "signal": "FCF TURNED POSITIVE",
      "detail": "FCF margin: -1.5% -> +8.3%",
      "severity": "HIGH"
    },
    {
      "quarter": "2024-12 (Q4)",
      "signal": "OPERATING LEVERAGE",
      "detail": "Rev growth +95.1% vs OpEx growth +18.5% (leverage: 5.1x)",
      "severity": "MEDIUM"
    },
    {
      "quarter": "2024-12 (Q4)",
      "signal": "YoY REVENUE GROWTH DECELERATION",
      "detail": "YoY growth: +49.7% vs prior quarter YoY: +145.5% (decel: -95.8%)",
      "severity": "WARNING"
    },
    {
      "quarter": "2024-09 (Q3)",
      "signal": "FCF MARGIN EXPANSION",
      "detail": "FCF margin: -28.7% -> -1.5% (+27.2%)",
      "severity": "MEDIUM"
    },
    {
      "quarter": "2024-09 (Q3)",
      "signal": "YoY REVENUE GROWTH DECELERATION",
      "detail": "YoY growth: +145.5% vs prior quarter YoY: +312.2% (decel: -166.7%)",
      "severity": "WARNING"
    },
    {
      "quarter": "2024-06 (Q2)",
      "signal": "YoY REVENUE GROWTH ACCELERATION",
      "detail": "YoY growth: +312.2% vs prior quarter YoY: +273.1% (accel: +39.1%)",
      "severity": "HIGH"
    },
    {
      "quarter": "2024-03 (Q1)",
      "signal": "FCF MARGIN EXPANSION",
      "detail": "FCF margin: -40.6% -> -30.3% (+10.4%)",
      "severity": "MEDIUM"
    },
    {
      "quarter": "2024-03 (Q1)",
      "signal": "YoY REVENUE GROWTH ACCELERATION",
      "detail": "YoY growth: +273.1% vs prior quarter YoY: +193.3% (accel: +79.7%)",
      "severity": "HIGH"
    },
    {
      "quarter": "2023-12 (Q4)",
      "signal": "FCF MARGIN EXPANSION",
      "detail": "FCF margin: -225.8% -> -40.6% (+185.2%)",
      "severity": "MEDIUM"
    },
    {
      "quarter": "2023-12 (Q4)",
      "signal": "GROSS MARGIN INFLECTION",
      "detail": "GM: +72.7% -> +4.9% -> +20.7% (reversal +15.8%)",
      "severity": "HIGH"
    },
    {
      "quarter": "2023-12 (Q4)",
      "signal": "YoY REVENUE GROWTH ACCELERATION",
      "detail": "YoY growth: +193.3% vs prior quarter YoY: -8.4% (accel: +201.8%)",
      "severity": "HIGH"
    },
    {
      "quarter": "2023-12 (Q4)",
      "signal": "OP MARGIN TURNED POSITIVE (QoQ)",
      "detail": "Op margin: -2621.7% -> +109.9%",
      "severity": "HIGH"
    },
    {
      "quarter": "2023-09 (Q3)",
      "signal": "FCF MARGIN EXPANSION",
      "detail": "FCF margin: -376.4% -> -225.8% (+150.5%)",
      "severity": "MEDIUM"
    },
    {
      "quarter": "2023-09 (Q3)",
      "signal": "YoY REVENUE GROWTH ACCELERATION",
      "detail": "YoY growth: -8.4% vs prior quarter YoY: -22.2% (accel: +13.8%)",
      "severity": "MEDIUM"
    },
    {
      "quarter": "2023-06 (Q2)",
      "signal": "FCF MARGIN EXPANSION",
      "detail": "FCF margin: -386.4% -> -376.4% (+10.0%)",
      "severity": "MEDIUM"
    },
    {
      "quarter": "2023-06 (Q2)",
      "signal": "YoY REVENUE GROWTH ACCELERATION",
      "detail": "YoY growth: -22.2% vs prior quarter YoY: -33.7% (accel: +11.5%)",
      "severity": "MEDIUM"
    },
    {
      "quarter": "2023-03 (Q1)",
      "signal": "FCF MARGIN EXPANSION",
      "detail": "FCF margin: -735.4% -> -386.4% (+349.0%)",
      "severity": "MEDIUM"
    },
    {
      "quarter": "2023-03 (Q1)",
      "signal": "YoY REVENUE GROWTH DECELERATION",
      "detail": "YoY growth: -33.7% vs prior quarter YoY: -15.0% (decel: -18.7%)",
      "severity": "WARNING"
    },
    {
      "quarter": "2022-12 (Q4)",
      "signal": "FCF MARGIN EXPANSION",
      "detail": "FCF margin: -950.0% -> -735.4% (+214.6%)",
      "severity": "MEDIUM"
    },
    {
      "quarter": "2022-12 (Q4)",
      "signal": "GROSS MARGIN INFLECTION",
      "detail": "GM: +15.8% -> -74.4% -> -27.1% (reversal +47.4%)",
      "severity": "HIGH"
    },
    {
      "quarter": "2022-12 (Q4)",
      "signal": "YoY REVENUE GROWTH ACCELERATION",
      "detail": "YoY growth: -15.0% vs prior quarter YoY: -61.1% (accel: +46.1%)",
      "severity": "HIGH"
    },
    {
      "quarter": "2022-12 (Q4)",
      "signal": "OP MARGIN TURNED POSITIVE (YoY)",
      "detail": "Op margin: -307.9% (year-ago) -> +423.5%",
      "severity": "HIGH"
    },
    {
      "quarter": "2022-12 (Q4)",
      "signal": "OP MARGIN TURNED POSITIVE (QoQ)",
      "detail": "Op margin: -136.5% -> +423.5%",
      "severity": "HIGH"
    },
    {
      "quarter": "2022-09 (Q3)",
      "signal": "FCF MARGIN EXPANSION",
      "detail": "FCF margin: -999.9% -> -950.0% (+49.9%)",
      "severity": "MEDIUM"
    },
    {
      "quarter": "2022-09 (Q3)",
      "signal": "YoY REVENUE GROWTH DECELERATION",
      "detail": "YoY growth: -61.1% vs prior quarter YoY: +18.1% (decel: -79.2%)",
      "severity": "WARNING"
    },
    {
      "quarter": "2022-06 (Q2)",
      "signal": "YoY REVENUE GROWTH DECELERATION",
      "detail": "YoY growth: +18.1% vs prior quarter YoY: +123.1% (decel: -105.0%)",
      "severity": "WARNING"
    },
    {
      "quarter": "2022-06 (Q2)",
      "signal": "OP MARGIN TURNED POSITIVE (YoY)",
      "detail": "Op margin: -48.1% (year-ago) -> +110.6%",
      "severity": "HIGH"
    },
    {
      "quarter": "2022-06 (Q2)",
      "signal": "OP MARGIN TURNED POSITIVE (QoQ)",
      "detail": "Op margin: -701.2% -> +110.6%",
      "severity": "HIGH"
    },
    {
      "quarter": "2022-03 (Q1)",
      "signal": "FCF MARGIN EXPANSION",
      "detail": "FCF margin: -707.3% -> -601.6% (+105.7%)",
      "severity": "MEDIUM"
    },
    {
      "quarter": "2022-03 (Q1)",
      "signal": "GROSS MARGIN INFLECTION",
      "detail": "GM: +78.2% -> +4.0% -> +32.2% (reversal +28.1%)",
      "severity": "HIGH"
    },
    {
      "quarter": "2022-03 (Q1)",
      "signal": "YoY REVENUE GROWTH ACCELERATION",
      "detail": "YoY growth: +123.1% vs prior quarter YoY: +49.7% (accel: +73.4%)",
      "severity": "HIGH"
    },
    {
      "quarter": "2021-09 (Q3)",
      "signal": "FCF MARGIN EXPANSION",
      "detail": "FCF margin: -610.2% -> -337.8% (+272.4%)",
      "severity": "MEDIUM"
    },
    {
      "quarter": "2021-09 (Q3)",
      "signal": "OP MARGIN TURNED POSITIVE (QoQ)",
      "detail": "Op margin: -48.1% -> +102.6%",
      "severity": "HIGH"
    },
    {
      "quarter": "2021-06 (Q2)",
      "signal": "FCF MARGIN EXPANSION",
      "detail": "FCF margin: -998.5% -> -610.2% (+388.3%)",
      "severity": "MEDIUM"
    }
  ],
  "data_quality": {
    "n_quarters": 20,
    "coverage": {
      "revenue": [
        20,
        20
      ],
      "gross_profit": [
        20,
        20
      ],
      "op_income": [
        20,
        20
      ],
      "fcf": [
        20,
        20
      ]
    },
    "gaps": [],
    "warnings": []
  },
  "market_cap": null,
  "source": "SEC EDGAR",
  "last_updated": "2026-02-02T23:47:16.895522"
}