{
  "ticker": "CENTA",
  "name": "CENTRAL GARDEN & PET CO",
  "quarters": [
    {
      "date": "2020-12-26T00:00:00",
      "quarter_label": "2020-12 (Q4)",
      "revenue": 592230000,
      "gross_profit": 165419000,
      "operating_income": 27040000,
      "net_income": 5613000,
      "opex": 138379000,
      "cogs": 426811000,
      "rd": null,
      "sga": 138379000,
      "fcf": -50776000,
      "ocf": -36115000,
      "capex": -14661000,
      "gross_margin": 0.27931546865238166,
      "op_margin": 0.04565793695017139,
      "fcf_margin": -0.08573696030258514
    },
    {
      "date": "2021-03-27T00:00:00",
      "quarter_label": "2021-03 (Q1)",
      "revenue": 935252000,
      "gross_profit": 272401000,
      "operating_income": 104610000,
      "net_income": 72954000,
      "opex": 167791000,
      "cogs": 662851000,
      "rd": null,
      "sga": 167791000,
      "fcf": -103047000,
      "ocf": -84061000,
      "capex": -18986000,
      "gross_margin": 0.2912594680364223,
      "op_margin": 0.11185220667798626,
      "fcf_margin": -0.11018099934563091,
      "op_leverage_ratio": 2.7250671100080095,
      "fcf_margin_change": -0.024444039043045776
    },
    {
      "date": "2021-06-26T00:00:00",
      "quarter_label": "2021-06 (Q2)",
      "revenue": 1037075000,
      "gross_profit": 320310000,
      "operating_income": 113241000,
      "net_income": 76186000,
      "opex": 207069000,
      "cogs": 716765000,
      "rd": null,
      "sga": 207069000,
      "fcf": 275398000,
      "ocf": 298798000,
      "capex": -23400000,
      "gross_margin": 0.3088590506954656,
      "op_margin": 0.10919268133934383,
      "fcf_margin": 0.2655526360195743,
      "op_leverage_ratio": 0.46508950489587125,
      "fcf_margin_change": 0.3757336353652052
    },
    {
      "date": "2021-09-25T00:00:00",
      "quarter_label": "2021-09 (Q3)",
      "revenue": 739127000,
      "gross_profit": 212771000,
      "operating_income": 9605000,
      "net_income": -3007000,
      "opex": 203166000,
      "cogs": 526356000,
      "rd": null,
      "sga": 203166000,
      "fcf": 48936000,
      "ocf": 72222000,
      "capex": -23286000,
      "gross_margin": 0.2878679847982823,
      "op_margin": 0.012995060388810042,
      "fcf_margin": 0.06620783708347822,
      "fcf_margin_change": -0.19934479893609608
    },
    {
      "date": "2021-12-25T00:00:00",
      "quarter_label": "2021-12 (Q4)",
      "revenue": 661398000,
      "gross_profit": 198196000,
      "operating_income": 26214000,
      "net_income": 9009000,
      "opex": 171982000,
      "cogs": 463202000,
      "rd": null,
      "sga": 171982000,
      "fcf": -116668000,
      "ocf": -92458000,
      "capex": -24210000,
      "gross_margin": 0.29966223060849895,
      "op_margin": 0.03963422931427068,
      "fcf_margin": -0.1763960580467434,
      "incr_op_margin_yoy": -0.011941938468656026,
      "rev_growth_yoy": 0.11679246238792361,
      "fcf_margin_change": -0.24260389513022163
    },
    {
      "date": "2022-03-26T00:00:00",
      "quarter_label": "2022-03 (Q1)",
      "revenue": 954370000,
      "gross_profit": 286792000,
      "operating_income": 106845000,
      "net_income": 69713000,
      "opex": 179947000,
      "cogs": 667578000,
      "rd": null,
      "sga": 179947000,
      "fcf": -230832000,
      "ocf": -179623000,
      "capex": -51209000,
      "gross_margin": 0.30050399740142714,
      "op_margin": 0.11195343525047938,
      "fcf_margin": -0.24186845772603915,
      "incr_op_margin_yoy": 0.11690553405167904,
      "rev_growth_yoy": 0.020441549443358582,
      "rev_growth_yoy_accel": -0.09635091294456502,
      "op_leverage_ratio": 9.564459961729145,
      "fcf_margin_change": -0.06547239967929575
    },
    {
      "date": "2022-06-25T00:00:00",
      "quarter_label": "2022-06 (Q2)",
      "revenue": 1015378000,
      "gross_profit": 307626000,
      "operating_income": 114079000,
      "net_income": 75420000,
      "opex": 193547000,
      "cogs": 707752000,
      "rd": null,
      "sga": 193547000,
      "fcf": 166550000,
      "ocf": 189684000,
      "capex": -23134000,
      "gross_margin": 0.3029669738757389,
      "op_margin": 0.11235126228852703,
      "fcf_margin": 0.16402758381607638,
      "incr_op_margin_yoy": -0.03862285108540351,
      "rev_growth_yoy": -0.020921341272328423,
      "rev_growth_yoy_accel": -0.04136289071568701,
      "op_leverage_ratio": 0.845815639390075,
      "fcf_margin_change": 0.40589604154211556
    },
    {
      "date": "2022-09-24T00:00:00",
      "quarter_label": "2022-09 (Q3)",
      "revenue": 707442000,
      "gross_profit": 199691000,
      "operating_income": 12898000,
      "net_income": -1990000,
      "opex": 186793000,
      "cogs": 507751000,
      "rd": null,
      "sga": 186793000,
      "fcf": 31715000,
      "ocf": 48367000,
      "capex": -16652000,
      "gross_margin": 0.28227190356241216,
      "op_margin": 0.01823188332047009,
      "fcf_margin": 0.04483053027668699,
      "incr_op_margin_yoy": -0.10392930408710746,
      "rev_growth_yoy": -0.04286814038724062,
      "rev_growth_yoy_accel": -0.021946799114912197,
      "fcf_margin_change": -0.11919705353938939
    },
    {
      "date": "2022-12-24T00:00:00",
      "quarter_label": "2022-12 (Q4)",
      "revenue": 627663000,
      "gross_profit": 171699000,
      "operating_income": 406000,
      "net_income": -8433000,
      "opex": 171293000,
      "cogs": 455964000,
      "rd": null,
      "sga": 171293000,
      "fcf": -81000000,
      "ocf": -63302000,
      "capex": -17698000,
      "gross_margin": 0.27355284603361996,
      "op_margin": 0.000646843927394159,
      "fcf_margin": -0.1290501431500662,
      "incr_op_margin_yoy": 0.7650214910330517,
      "rev_growth_yoy": -0.05100559723494779,
      "rev_growth_yoy_accel": -0.00813745684770717,
      "fcf_margin_change": -0.17388067342675317
    },
    {
      "date": "2023-03-25T00:00:00",
      "quarter_label": "2023-03 (Q1)",
      "revenue": 909004000,
      "gross_profit": 259638000,
      "operating_income": 78041000,
      "net_income": 48115000,
      "opex": 181597000,
      "cogs": 649366000,
      "rd": null,
      "sga": 181597000,
      "fcf": -46300000,
      "ocf": -33770000,
      "capex": -12530000,
      "gross_margin": 0.2856291061425472,
      "op_margin": 0.08585330757620428,
      "fcf_margin": -0.05093486937351211,
      "incr_op_margin_yoy": 0.6349248335758056,
      "rev_growth_yoy": -0.04753502310424678,
      "rev_growth_yoy_accel": 0.0034705741307010096,
      "op_leverage_ratio": 7.4514409490069555,
      "fcf_margin_change": 0.07811527377655408
    },
    {
      "date": "2023-06-24T00:00:00",
      "quarter_label": "2023-06 (Q2)",
      "revenue": 1023269000,
      "gross_profit": 318052000,
      "operating_income": 122830000,
      "net_income": 83126000,
      "opex": 195222000,
      "cogs": 705217000,
      "rd": null,
      "sga": 195222000,
      "fcf": 314016000,
      "ocf": 324638000,
      "capex": -10622000,
      "gross_margin": 0.31081954012092616,
      "op_margin": 0.12003686225225234,
      "fcf_margin": 0.3068753182203311,
      "incr_op_margin_yoy": 1.1089849195285768,
      "rev_growth_yoy": 0.007771490026374415,
      "rev_growth_yoy_accel": 0.055306513130621196,
      "op_leverage_ratio": 1.6754041558299582,
      "fcf_margin_change": 0.3578101875938432
    },
    {
      "date": "2023-09-30T00:00:00",
      "quarter_label": "2023-09 (Q3)",
      "revenue": 750147000,
      "gross_profit": 197453000,
      "operating_income": 9369000,
      "net_income": 2835000,
      "opex": 188084000,
      "cogs": 552694000,
      "rd": null,
      "sga": 188084000,
      "fcf": 140952000,
      "ocf": 154068000,
      "capex": -13116000,
      "gross_margin": 0.263219075727824,
      "op_margin": 0.01248955204779863,
      "fcf_margin": 0.1878991717623346,
      "incr_op_margin_yoy": -0.08263669359559771,
      "rev_growth_yoy": 0.060365372708999464,
      "rev_growth_yoy_accel": 0.05259388268262505,
      "fcf_margin_change": -0.1189761464579965
    },
    {
      "date": "2023-12-30T00:00:00",
      "quarter_label": "2023-12 (Q4)",
      "revenue": 634533000,
      "gross_profit": 178845000,
      "operating_income": 8412000,
      "net_income": 430000,
      "opex": 170433000,
      "cogs": 455688000,
      "rd": null,
      "sga": 170433000,
      "fcf": -79911000,
      "ocf": -69784000,
      "capex": -10127000,
      "gross_margin": 0.28185295327429777,
      "op_margin": 0.013256993726094624,
      "fcf_margin": -0.12593671251140603,
      "incr_op_margin_yoy": 1.1653566229985444,
      "rev_growth_yoy": 0.010945363993098207,
      "rev_growth_yoy_accel": -0.049420008715901256,
      "fcf_margin_change": -0.31383588427374065
    },
    {
      "date": "2024-03-30T00:00:00",
      "quarter_label": "2024-03 (Q1)",
      "revenue": 900090000,
      "gross_profit": 278880000,
      "operating_income": 93447000,
      "net_income": 61987000,
      "opex": 185433000,
      "cogs": 621210000,
      "rd": null,
      "sga": 185433000,
      "fcf": -33869000,
      "ocf": -24518000,
      "capex": -9351000,
      "gross_margin": 0.30983568309835685,
      "op_margin": 0.10381961803819618,
      "fcf_margin": -0.0376284593762846,
      "incr_op_margin_yoy": -1.7282925734799193,
      "rev_growth_yoy": -0.009806337485863648,
      "rev_growth_yoy_accel": -0.020751701478961854,
      "op_leverage_ratio": 4.755169148649479,
      "fcf_margin_change": 0.08830825313512145
    },
    {
      "date": "2024-06-29T00:00:00",
      "quarter_label": "2024-06 (Q2)",
      "revenue": 996348000,
      "gross_profit": 317058000,
      "operating_income": 115936000,
      "net_income": 79724000,
      "opex": 201122000,
      "cogs": 679290000,
      "rd": null,
      "sga": 201122000,
      "fcf": 272488000,
      "ocf": 286106000,
      "capex": -13618000,
      "gross_margin": 0.31822013995110143,
      "op_margin": 0.11636095019009422,
      "fcf_margin": 0.27348677369754343,
      "incr_op_margin_yoy": 0.25608261208721816,
      "rev_growth_yoy": -0.02630882006588688,
      "rev_growth_yoy_accel": -0.01650248258002323,
      "op_leverage_ratio": 1.2639871496310116,
      "fcf_margin_change": 0.31111523307382805
    },
    {
      "date": "2024-09-28T00:00:00",
      "quarter_label": "2024-09 (Q3)",
      "revenue": 669489000,
      "gross_profit": 168952000,
      "operating_income": -32408000,
      "net_income": -34158000,
      "opex": 201360000,
      "cogs": 500537000,
      "rd": null,
      "sga": 201360000,
      "fcf": 193049000,
      "ocf": 203088000,
      "capex": -10039000,
      "gross_margin": 0.25235963548318197,
      "op_margin": -0.04840706867476538,
      "fcf_margin": 0.2883527585964818,
      "incr_op_margin_yoy": 0.5179523419871557,
      "rev_growth_yoy": -0.10752292550660071,
      "rev_growth_yoy_accel": -0.08121410544071384,
      "fcf_margin_change": 0.014865984898938367
    },
    {
      "date": "2024-12-28T00:00:00",
      "quarter_label": "2024-12 (Q4)",
      "revenue": 656436000,
      "gross_profit": 195699000,
      "operating_income": 27992000,
      "net_income": 14009000,
      "opex": 167707000,
      "cogs": 460737000,
      "rd": null,
      "sga": 167707000,
      "fcf": -74932000,
      "ocf": -68832000,
      "capex": -6100000,
      "gross_margin": 0.2981235032813557,
      "op_margin": 0.04264239011876253,
      "fcf_margin": -0.1141497419398083,
      "incr_op_margin_yoy": 0.8939414692051317,
      "rev_growth_yoy": 0.034518299284670775,
      "rev_growth_yoy_accel": 0.1420412247912715,
      "fcf_margin_change": -0.4025025005362901
    },
    {
      "date": "2025-03-29T00:00:00",
      "quarter_label": "2025-03 (Q1)",
      "revenue": 833537000,
      "gross_profit": 273083000,
      "operating_income": 93324000,
      "net_income": 63633000,
      "opex": 179759000,
      "cogs": 560454000,
      "rd": null,
      "sga": 179759000,
      "fcf": -57523000,
      "ocf": -46863000,
      "capex": -10660000,
      "gross_margin": 0.32761952978692005,
      "op_margin": 0.11196143662488887,
      "fcf_margin": -0.06901073377666499,
      "incr_op_margin_yoy": 0.0018481510976214445,
      "rev_growth_yoy": -0.07394038373940384,
      "rev_growth_yoy_accel": -0.10845868302407462,
      "op_leverage_ratio": 3.7542283954703297,
      "fcf_margin_change": 0.04513900816314331
    },
    {
      "date": "2025-06-28T00:00:00",
      "quarter_label": "2025-06 (Q2)",
      "revenue": 960913000,
      "gross_profit": 332010000,
      "operating_income": 135126000,
      "net_income": 95007000,
      "opex": 196884000,
      "cogs": 628903000,
      "rd": null,
      "sga": 196884000,
      "fcf": 251655000,
      "ocf": 265475000,
      "capex": -13820000,
      "gross_margin": 0.3455151506952242,
      "op_margin": 0.1406225121316914,
      "fcf_margin": 0.2618915552188387,
      "incr_op_margin_yoy": -0.5415549597855228,
      "rev_growth_yoy": -0.03556488295254268,
      "rev_growth_yoy_accel": 0.03837550078686116,
      "op_leverage_ratio": 1.604068045232519,
      "fcf_margin_change": 0.3309022889955037
    },
    {
      "date": "2025-09-27T00:00:00",
      "quarter_label": "2025-09 (Q3)",
      "revenue": 678214000,
      "gross_profit": 196544000,
      "operating_income": -6400000,
      "net_income": -9806000,
      "opex": 202944000,
      "cogs": 481634000,
      "rd": null,
      "sga": 202944000,
      "fcf": 171888000,
      "ocf": 182726000,
      "capex": -10838000,
      "gross_margin": 0.28979643593320104,
      "op_margin": -0.00943654952566594,
      "fcf_margin": 0.253442128885573,
      "incr_op_margin_yoy": 2.980859598853868,
      "rev_growth_yoy": 0.013032327640932114,
      "rev_growth_yoy_accel": 0.0485972105934748,
      "fcf_margin_change": -0.00844942633326573
    }
  ],
  "signals": [
    {
      "quarter": "2025-06 (Q2)",
      "signal": "FCF TURNED POSITIVE",
      "detail": "FCF margin: -6.9% -> +26.2%",
      "severity": "HIGH"
    },
    {
      "quarter": "2025-06 (Q2)",
      "signal": "OPERATING LEVERAGE",
      "detail": "Rev growth +15.3% vs OpEx growth +9.5% (leverage: 1.6x)",
      "severity": "MEDIUM"
    },
    {
      "quarter": "2025-03 (Q1)",
      "signal": "OPERATING LEVERAGE",
      "detail": "Rev growth +27.0% vs OpEx growth +7.2% (leverage: 3.8x)",
      "severity": "MEDIUM"
    },
    {
      "quarter": "2025-03 (Q1)",
      "signal": "YoY REVENUE GROWTH DECELERATION",
      "detail": "YoY growth: -7.4% vs prior quarter YoY: +3.5% (decel: -10.8%)",
      "severity": "WARNING"
    },
    {
      "quarter": "2024-12 (Q4)",
      "signal": "GROSS MARGIN INFLECTION",
      "detail": "GM: +31.8% -> +25.2% -> +29.8% (reversal +4.6%)",
      "severity": "MEDIUM"
    },
    {
      "quarter": "2024-12 (Q4)",
      "signal": "YoY REVENUE GROWTH ACCELERATION",
      "detail": "YoY growth: +3.5% vs prior quarter YoY: -10.8% (accel: +14.2%)",
      "severity": "MEDIUM"
    },
    {
      "quarter": "2024-12 (Q4)",
      "signal": "INCREMENTAL MARGIN (YoY)",
      "detail": "YoY Incr OPM: +89.4% vs year-ago OPM: +1.3%",
      "severity": "HIGH"
    },
    {
      "quarter": "2024-12 (Q4)",
      "signal": "OP MARGIN TURNED POSITIVE (QoQ)",
      "detail": "Op margin: -4.8% -> +4.3%",
      "severity": "HIGH"
    },
    {
      "quarter": "2024-09 (Q3)",
      "signal": "YoY REVENUE GROWTH DECELERATION",
      "detail": "YoY growth: -10.8% vs prior quarter YoY: -2.6% (decel: -8.1%)",
      "severity": "WARNING"
    },
    {
      "quarter": "2024-06 (Q2)",
      "signal": "FCF TURNED POSITIVE",
      "detail": "FCF margin: -3.8% -> +27.3%",
      "severity": "HIGH"
    },
    {
      "quarter": "2024-06 (Q2)",
      "signal": "INCREMENTAL MARGIN (YoY)",
      "detail": "YoY Incr OPM: +25.6% vs year-ago OPM: +12.0%",
      "severity": "MEDIUM"
    },
    {
      "quarter": "2024-03 (Q1)",
      "signal": "FCF MARGIN EXPANSION",
      "detail": "FCF margin: -12.6% -> -3.8% (+8.8%)",
      "severity": "MEDIUM"
    },
    {
      "quarter": "2024-03 (Q1)",
      "signal": "OPERATING LEVERAGE",
      "detail": "Rev growth +41.9% vs OpEx growth +8.8% (leverage: 4.8x)",
      "severity": "MEDIUM"
    },
    {
      "quarter": "2023-12 (Q4)",
      "signal": "INCREMENTAL MARGIN (YoY)",
      "detail": "YoY Incr OPM: +116.5% vs year-ago OPM: +0.1%",
      "severity": "HIGH"
    },
    {
      "quarter": "2023-09 (Q3)",
      "signal": "YoY REVENUE GROWTH ACCELERATION",
      "detail": "YoY growth: +6.0% vs prior quarter YoY: +0.8% (accel: +5.3%)",
      "severity": "MEDIUM"
    },
    {
      "quarter": "2023-06 (Q2)",
      "signal": "FCF TURNED POSITIVE",
      "detail": "FCF margin: -5.1% -> +30.7%",
      "severity": "HIGH"
    },
    {
      "quarter": "2023-06 (Q2)",
      "signal": "OPERATING LEVERAGE",
      "detail": "Rev growth +12.6% vs OpEx growth +7.5% (leverage: 1.7x)",
      "severity": "MEDIUM"
    },
    {
      "quarter": "2023-06 (Q2)",
      "signal": "YoY REVENUE GROWTH ACCELERATION",
      "detail": "YoY growth: +0.8% vs prior quarter YoY: -4.8% (accel: +5.5%)",
      "severity": "MEDIUM"
    },
    {
      "quarter": "2023-06 (Q2)",
      "signal": "INCREMENTAL MARGIN (YoY)",
      "detail": "YoY Incr OPM: +110.9% vs year-ago OPM: +11.2%",
      "severity": "HIGH"
    },
    {
      "quarter": "2023-03 (Q1)",
      "signal": "FCF MARGIN EXPANSION",
      "detail": "FCF margin: -12.9% -> -5.1% (+7.8%)",
      "severity": "MEDIUM"
    },
    {
      "quarter": "2023-03 (Q1)",
      "signal": "OPERATING LEVERAGE",
      "detail": "Rev growth +44.8% vs OpEx growth +6.0% (leverage: 7.5x)",
      "severity": "MEDIUM"
    },
    {
      "quarter": "2023-03 (Q1)",
      "signal": "INCREMENTAL MARGIN (YoY)",
      "detail": "YoY Incr OPM: +63.5% vs year-ago OPM: +11.2%",
      "severity": "HIGH"
    },
    {
      "quarter": "2022-12 (Q4)",
      "signal": "INCREMENTAL MARGIN (YoY)",
      "detail": "YoY Incr OPM: +76.5% vs year-ago OPM: +4.0%",
      "severity": "HIGH"
    },
    {
      "quarter": "2022-06 (Q2)",
      "signal": "FCF TURNED POSITIVE",
      "detail": "FCF margin: -24.2% -> +16.4%",
      "severity": "HIGH"
    },
    {
      "quarter": "2022-03 (Q1)",
      "signal": "OPERATING LEVERAGE",
      "detail": "Rev growth +44.3% vs OpEx growth +4.6% (leverage: 9.6x)",
      "severity": "MEDIUM"
    },
    {
      "quarter": "2022-03 (Q1)",
      "signal": "YoY REVENUE GROWTH DECELERATION",
      "detail": "YoY growth: +2.0% vs prior quarter YoY: +11.7% (decel: -9.6%)",
      "severity": "WARNING"
    },
    {
      "quarter": "2021-06 (Q2)",
      "signal": "FCF TURNED POSITIVE",
      "detail": "FCF margin: -11.0% -> +26.6%",
      "severity": "HIGH"
    },
    {
      "quarter": "2021-03 (Q1)",
      "signal": "OPERATING LEVERAGE",
      "detail": "Rev growth +57.9% vs OpEx growth +21.3% (leverage: 2.7x)",
      "severity": "MEDIUM"
    }
  ],
  "data_quality": {
    "n_quarters": 20,
    "coverage": {
      "revenue": [
        20,
        20
      ],
      "gross_profit": [
        20,
        20
      ],
      "op_income": [
        20,
        20
      ],
      "fcf": [
        20,
        20
      ]
    },
    "gaps": [],
    "warnings": []
  },
  "market_cap": null,
  "source": "SEC EDGAR",
  "last_updated": "2026-02-03T00:56:24.510573",
  "sector": "Consumer Defensive",
  "industry": "Packaged Foods"
}