{
  "ticker": "CENX",
  "name": "Century Aluminum Company",
  "quarters": [
    {
      "date": "2020-12-31T00:00:00",
      "quarter_label": "2020-12 (Q4)",
      "revenue": 389100000,
      "gross_profit": -1200000,
      "operating_income": -13200000,
      "net_income": -35500000,
      "opex": 12000000,
      "cogs": 390300000,
      "rd": null,
      "sga": 11800000,
      "fcf": 7700000,
      "ocf": 9600000,
      "capex": -1900000,
      "gross_margin": -0.0030840400925212026,
      "op_margin": -0.03392444101773323,
      "fcf_margin": 0.019789257260344386
    },
    {
      "date": "2021-03-31T00:00:00",
      "quarter_label": "2021-03 (Q1)",
      "revenue": 444000000,
      "gross_profit": -20700000,
      "operating_income": -36900000,
      "net_income": -140000000,
      "opex": 16200000,
      "cogs": 464700000,
      "rd": null,
      "sga": 16100000,
      "fcf": -57200000,
      "ocf": -49800000,
      "capex": -7400000,
      "gross_margin": -0.046621621621621624,
      "op_margin": -0.0831081081081081,
      "fcf_margin": -0.12882882882882882,
      "op_leverage_ratio": 0.40312809780812864,
      "fcf_margin_change": -0.1486180860891732
    },
    {
      "date": "2021-06-30T00:00:00",
      "quarter_label": "2021-06 (Q2)",
      "revenue": 528000000,
      "gross_profit": 20900000,
      "operating_income": 12100000,
      "net_income": -35100000,
      "opex": 8800000,
      "cogs": 507100000,
      "rd": null,
      "sga": 8700000,
      "fcf": -56600000,
      "ocf": -38100000,
      "capex": -18500000,
      "gross_margin": 0.03958333333333333,
      "op_margin": 0.022916666666666665,
      "fcf_margin": -0.1071969696969697,
      "op_leverage_ratio": Infinity,
      "fcf_margin_change": 0.021631859131859124
    },
    {
      "date": "2021-09-30T00:00:00",
      "quarter_label": "2021-09 (Q3)",
      "revenue": 581400000,
      "gross_profit": 54600000,
      "operating_income": 40300000,
      "net_income": -52400000,
      "opex": 14300000,
      "cogs": 526800000,
      "rd": null,
      "sga": 14200000,
      "fcf": 56000000,
      "ocf": 75800000,
      "capex": -19800000,
      "gross_margin": 0.09391124871001032,
      "op_margin": 0.06931544547643619,
      "fcf_margin": 0.09631922944616443,
      "op_leverage_ratio": 0.1618181818181818,
      "fcf_margin_change": 0.20351619914313412
    },
    {
      "date": "2021-12-31T00:00:00",
      "quarter_label": "2021-12 (Q4)",
      "revenue": 659100000,
      "gross_profit": 69400000,
      "operating_income": 50500000,
      "net_income": 60400000,
      "opex": 18900000,
      "cogs": 589700000,
      "rd": null,
      "sga": 18600000,
      "fcf": -89900000,
      "ocf": -52600000,
      "capex": -37300000,
      "gross_margin": 0.10529509937793961,
      "op_margin": 0.07661963283265058,
      "fcf_margin": -0.13639811864663937,
      "incr_op_margin_yoy": 0.23592592592592593,
      "rev_growth_yoy": 0.6939090208172706,
      "op_leverage_ratio": 0.4154551980975457,
      "fcf_margin_change": -0.2327173480928038
    },
    {
      "date": "2022-03-31T00:00:00",
      "quarter_label": "2022-03 (Q1)",
      "revenue": 753600000,
      "gross_profit": 93200000,
      "operating_income": 81300000,
      "net_income": 17700000,
      "opex": 11900000,
      "cogs": 660400000,
      "rd": null,
      "sga": 11700000,
      "fcf": 11400000,
      "ocf": 37400000,
      "capex": -26000000,
      "gross_margin": 0.12367303609341826,
      "op_margin": 0.10788216560509555,
      "fcf_margin": 0.015127388535031847,
      "incr_op_margin_yoy": 0.3817829457364341,
      "rev_growth_yoy": 0.6972972972972973,
      "rev_growth_yoy_accel": 0.0033882764800267084,
      "op_leverage_ratio": Infinity,
      "fcf_margin_change": 0.1515255071816712
    },
    {
      "date": "2022-06-30T00:00:00",
      "quarter_label": "2022-06 (Q2)",
      "revenue": 856600000,
      "gross_profit": 15900000,
      "operating_income": -149500000,
      "net_income": 37400000,
      "opex": 165400000,
      "cogs": 840700000,
      "rd": null,
      "sga": 5800000,
      "fcf": 5400000,
      "ocf": 31200000,
      "capex": -25800000,
      "gross_margin": 0.018561755778659816,
      "op_margin": -0.1745272005603549,
      "fcf_margin": 0.006303992528601448,
      "incr_op_margin_yoy": -0.4917833231892879,
      "rev_growth_yoy": 0.6223484848484848,
      "rev_growth_yoy_accel": -0.07494881244881246,
      "op_leverage_ratio": 0.010595828405845211,
      "fcf_margin_change": -0.008823396006430399
    },
    {
      "date": "2022-09-30T00:00:00",
      "quarter_label": "2022-09 (Q3)",
      "revenue": 637200000,
      "gross_profit": -43000000,
      "operating_income": -51500000,
      "net_income": 44300000,
      "opex": 8500000,
      "cogs": 680200000,
      "rd": null,
      "sga": 8700000,
      "fcf": -29800000,
      "ocf": -11400000,
      "capex": -18400000,
      "gross_margin": -0.0674827369742624,
      "op_margin": -0.08082234777150031,
      "fcf_margin": -0.04676710608913999,
      "incr_op_margin_yoy": -1.6451612903225807,
      "rev_growth_yoy": 0.09597523219814241,
      "rev_growth_yoy_accel": -0.5263732526503424,
      "fcf_margin_change": -0.05307109861774144
    },
    {
      "date": "2022-12-31T00:00:00",
      "quarter_label": "2022-12 (Q4)",
      "revenue": 529900000,
      "gross_profit": -19400000,
      "operating_income": -30500000,
      "net_income": -113500000,
      "opex": 11100000,
      "cogs": 549300000,
      "rd": null,
      "sga": 11300000,
      "fcf": -47400000,
      "ocf": -31300000,
      "capex": -16100000,
      "gross_margin": -0.03661068126061521,
      "op_margin": -0.05755802981694659,
      "fcf_margin": -0.08945083978109077,
      "incr_op_margin_yoy": 0.6269349845201239,
      "rev_growth_yoy": -0.19602488241541496,
      "rev_growth_yoy_accel": -0.29200011461355735,
      "fcf_margin_change": -0.042683733691950776
    },
    {
      "date": "2023-03-31T00:00:00",
      "quarter_label": "2023-03 (Q1)",
      "revenue": 552400000,
      "gross_profit": 48100000,
      "operating_income": 27500000,
      "net_income": -38600000,
      "opex": 20600000,
      "cogs": 504300000,
      "rd": null,
      "sga": 13400000,
      "fcf": -14500000,
      "ocf": -200000,
      "capex": -14300000,
      "gross_margin": 0.08707458363504707,
      "op_margin": 0.049782766111513395,
      "fcf_margin": -0.02624909485879797,
      "incr_op_margin_yoy": 0.2673956262425447,
      "rev_growth_yoy": -0.2669851380042463,
      "rev_growth_yoy_accel": -0.07096025558883132,
      "op_leverage_ratio": 0.04961214131762696,
      "fcf_margin_change": 0.0632017449222928
    },
    {
      "date": "2023-06-30T00:00:00",
      "quarter_label": "2023-06 (Q2)",
      "revenue": 575500000,
      "gross_profit": 15900000,
      "operating_income": -700000,
      "net_income": 7500000,
      "opex": 16600000,
      "cogs": 559600000,
      "rd": null,
      "sga": 12000000,
      "fcf": -24000000,
      "ocf": -1700000,
      "capex": -22300000,
      "gross_margin": 0.027628149435273676,
      "op_margin": -0.0012163336229365769,
      "fcf_margin": -0.04170286707211121,
      "incr_op_margin_yoy": -0.5293489861259338,
      "rev_growth_yoy": -0.3281578332944198,
      "rev_growth_yoy_accel": -0.061172695290173495,
      "op_leverage_ratio": Infinity,
      "fcf_margin_change": -0.01545377221331324
    },
    {
      "date": "2023-09-30T00:00:00",
      "quarter_label": "2023-09 (Q3)",
      "revenue": 545200000,
      "gross_profit": -11500000,
      "operating_income": -24200000,
      "net_income": -42000000,
      "opex": 12700000,
      "cogs": 556700000,
      "rd": null,
      "sga": 10800000,
      "fcf": 15400000,
      "ocf": 41500000,
      "capex": -26100000,
      "gross_margin": -0.021093176815847395,
      "op_margin": -0.04438738077769626,
      "fcf_margin": 0.028246515040352166,
      "incr_op_margin_yoy": -0.2967391304347826,
      "rev_growth_yoy": -0.14438166980539863,
      "rev_growth_yoy_accel": 0.18377616348902115,
      "fcf_margin_change": 0.06994938211246338
    },
    {
      "date": "2023-12-31T00:00:00",
      "quarter_label": "2023-12 (Q4)",
      "revenue": 512300000,
      "gross_profit": 39400000,
      "operating_income": 29200000,
      "net_income": 30000000,
      "opex": 10200000,
      "cogs": 472900000,
      "rd": null,
      "sga": 8100000,
      "fcf": 33700000,
      "ocf": 66000000,
      "capex": -32300000,
      "gross_margin": 0.07690806168260785,
      "op_margin": 0.05699785282061292,
      "fcf_margin": 0.06578176849502244,
      "incr_op_margin_yoy": -3.3920454545454546,
      "rev_growth_yoy": -0.03321381392715607,
      "rev_growth_yoy_accel": 0.11116785587824256,
      "fcf_margin_change": 0.03753525345467028
    },
    {
      "date": "2024-03-31T00:00:00",
      "quarter_label": "2024-03 (Q1)",
      "revenue": 489500000,
      "gross_profit": 16500000,
      "operating_income": 1900000,
      "net_income": 246800000,
      "opex": 14600000,
      "cogs": 473000000,
      "rd": null,
      "sga": 14100000,
      "fcf": -44500000,
      "ocf": -14800000,
      "capex": -29700000,
      "gross_margin": 0.033707865168539325,
      "op_margin": 0.003881511746680286,
      "fcf_margin": -0.09090909090909091,
      "incr_op_margin_yoy": 0.4069952305246423,
      "rev_growth_yoy": -0.11386676321506155,
      "rev_growth_yoy_accel": -0.08065294928790548,
      "fcf_margin_change": -0.15669085940411337
    },
    {
      "date": "2024-06-30T00:00:00",
      "quarter_label": "2024-06 (Q2)",
      "revenue": 560800000,
      "gross_profit": 20400000,
      "operating_income": 6400000,
      "net_income": -2500000,
      "opex": 14000000,
      "cogs": 540400000,
      "rd": null,
      "sga": 12300000,
      "fcf": -5400000,
      "ocf": 11500000,
      "capex": -16900000,
      "gross_margin": 0.03637660485021398,
      "op_margin": 0.011412268188302425,
      "fcf_margin": -0.00962910128388017,
      "incr_op_margin_yoy": -0.48299319727891155,
      "rev_growth_yoy": -0.025543006081668113,
      "rev_growth_yoy_accel": 0.08832375713339344,
      "op_leverage_ratio": Infinity,
      "fcf_margin_change": 0.08127998962521074
    },
    {
      "date": "2024-09-30T00:00:00",
      "quarter_label": "2024-09 (Q3)",
      "revenue": 539100000,
      "gross_profit": 81800000,
      "operating_income": 63800000,
      "net_income": 47300000,
      "opex": 18000000,
      "cogs": 457300000,
      "rd": null,
      "sga": 15600000,
      "fcf": -2400000,
      "ocf": 20100000,
      "capex": -22500000,
      "gross_margin": 0.1517343721016509,
      "op_margin": 0.1183453904655908,
      "fcf_margin": -0.004451864218141347,
      "incr_op_margin_yoy": -14.426229508196721,
      "rev_growth_yoy": -0.011188554658840793,
      "rev_growth_yoy_accel": 0.01435445142282732,
      "fcf_margin_change": 0.005177237065738824
    },
    {
      "date": "2024-12-31T00:00:00",
      "quarter_label": "2024-12 (Q4)",
      "revenue": 630900000,
      "gross_profit": 66300000,
      "operating_income": 49300000,
      "net_income": 45200000,
      "opex": 17000000,
      "cogs": 564600000,
      "rd": null,
      "sga": 14800000,
      "fcf": -54600000,
      "ocf": -41400000,
      "capex": -13200000,
      "gross_margin": 0.10508796956728483,
      "op_margin": 0.07814233634490411,
      "fcf_margin": -0.0865430337612934,
      "incr_op_margin_yoy": 0.16947723440134907,
      "rev_growth_yoy": 0.2315049775522155,
      "rev_growth_yoy_accel": 0.2426935322110563,
      "op_leverage_ratio": Infinity,
      "fcf_margin_change": -0.08209116954315204
    },
    {
      "date": "2025-03-31T00:00:00",
      "quarter_label": "2025-03 (Q1)",
      "revenue": 633900000,
      "gross_profit": 60600000,
      "operating_income": 46100000,
      "net_income": 29700000,
      "opex": 14500000,
      "cogs": 573300000,
      "rd": null,
      "sga": 12500000,
      "fcf": 51100000,
      "ocf": 72300000,
      "capex": -21200000,
      "gross_margin": 0.0955986748698533,
      "op_margin": 0.07272440448020193,
      "fcf_margin": 0.08061208392490929,
      "incr_op_margin_yoy": 0.3060941828254848,
      "rev_growth_yoy": 0.29499489274770174,
      "rev_growth_yoy_accel": 0.06348991519548625,
      "fcf_margin_change": 0.16715511768620267
    },
    {
      "date": "2025-06-30T00:00:00",
      "quarter_label": "2025-06 (Q2)",
      "revenue": 628100000,
      "gross_profit": 36200000,
      "operating_income": 20700000,
      "net_income": -4600000,
      "opex": 15500000,
      "cogs": 591900000,
      "rd": null,
      "sga": 14000000,
      "fcf": -15900000,
      "ocf": 7900000,
      "capex": -23800000,
      "gross_margin": 0.05763413469192804,
      "op_margin": 0.03295653558350581,
      "fcf_margin": -0.02531444037573635,
      "incr_op_margin_yoy": 0.212481426448737,
      "rev_growth_yoy": 0.12000713266761769,
      "rev_growth_yoy_accel": -0.17498776008008404,
      "fcf_margin_change": -0.10592652430064564
    },
    {
      "date": "2025-09-30T00:00:00",
      "quarter_label": "2025-09 (Q3)",
      "revenue": 632200000,
      "gross_profit": 77300000,
      "operating_income": 58300000,
      "net_income": 14900000,
      "opex": 19000000,
      "cogs": 554900000,
      "rd": null,
      "sga": 17900000,
      "fcf": -18100000,
      "ocf": 2000000,
      "capex": -20100000,
      "gross_margin": 0.12227143309079405,
      "op_margin": 0.09221765264156913,
      "fcf_margin": -0.028630180322682695,
      "incr_op_margin_yoy": -0.05907626208378088,
      "rev_growth_yoy": 0.17269523279539975,
      "rev_growth_yoy_accel": 0.052688100127782064,
      "fcf_margin_change": -0.003315739946946346
    }
  ],
  "signals": [
    {
      "quarter": "2025-09 (Q3)",
      "signal": "GROSS MARGIN INFLECTION",
      "detail": "GM: +9.6% -> +5.8% -> +12.2% (reversal +6.5%)",
      "severity": "HIGH"
    },
    {
      "quarter": "2025-09 (Q3)",
      "signal": "YoY REVENUE GROWTH ACCELERATION",
      "detail": "YoY growth: +17.3% vs prior quarter YoY: +12.0% (accel: +5.3%)",
      "severity": "MEDIUM"
    },
    {
      "quarter": "2025-06 (Q2)",
      "signal": "YoY REVENUE GROWTH DECELERATION",
      "detail": "YoY growth: +12.0% vs prior quarter YoY: +29.5% (decel: -17.5%)",
      "severity": "WARNING"
    },
    {
      "quarter": "2025-06 (Q2)",
      "signal": "INCREMENTAL MARGIN (YoY)",
      "detail": "YoY Incr OPM: +21.2% vs year-ago OPM: +1.1%",
      "severity": "HIGH"
    },
    {
      "quarter": "2025-03 (Q1)",
      "signal": "FCF TURNED POSITIVE",
      "detail": "FCF margin: -8.7% -> +8.1%",
      "severity": "HIGH"
    },
    {
      "quarter": "2025-03 (Q1)",
      "signal": "YoY REVENUE GROWTH ACCELERATION",
      "detail": "YoY growth: +29.5% vs prior quarter YoY: +23.2% (accel: +6.3%)",
      "severity": "MEDIUM"
    },
    {
      "quarter": "2025-03 (Q1)",
      "signal": "INCREMENTAL MARGIN (YoY)",
      "detail": "YoY Incr OPM: +30.6% vs year-ago OPM: +0.4%",
      "severity": "HIGH"
    },
    {
      "quarter": "2024-12 (Q4)",
      "signal": "YoY REVENUE GROWTH ACCELERATION",
      "detail": "YoY growth: +23.2% vs prior quarter YoY: -1.1% (accel: +24.3%)",
      "severity": "HIGH"
    },
    {
      "quarter": "2024-12 (Q4)",
      "signal": "INCREMENTAL MARGIN (YoY)",
      "detail": "YoY Incr OPM: +16.9% vs year-ago OPM: +5.7%",
      "severity": "MEDIUM"
    },
    {
      "quarter": "2024-09 (Q3)",
      "signal": "OP MARGIN TURNED POSITIVE (YoY)",
      "detail": "Op margin: -4.4% (year-ago) -> +11.8%",
      "severity": "HIGH"
    },
    {
      "quarter": "2024-06 (Q2)",
      "signal": "FCF MARGIN EXPANSION",
      "detail": "FCF margin: -9.1% -> -1.0% (+8.1%)",
      "severity": "MEDIUM"
    },
    {
      "quarter": "2024-06 (Q2)",
      "signal": "YoY REVENUE GROWTH ACCELERATION",
      "detail": "YoY growth: -2.6% vs prior quarter YoY: -11.4% (accel: +8.8%)",
      "severity": "MEDIUM"
    },
    {
      "quarter": "2024-06 (Q2)",
      "signal": "OP MARGIN TURNED POSITIVE (YoY)",
      "detail": "Op margin: -0.1% (year-ago) -> +1.1%",
      "severity": "HIGH"
    },
    {
      "quarter": "2024-03 (Q1)",
      "signal": "YoY REVENUE GROWTH DECELERATION",
      "detail": "YoY growth: -11.4% vs prior quarter YoY: -3.3% (decel: -8.1%)",
      "severity": "WARNING"
    },
    {
      "quarter": "2024-03 (Q1)",
      "signal": "INCREMENTAL MARGIN (YoY)",
      "detail": "YoY Incr OPM: +40.7% vs year-ago OPM: +5.0%",
      "severity": "HIGH"
    },
    {
      "quarter": "2023-12 (Q4)",
      "signal": "GROSS MARGIN INFLECTION",
      "detail": "GM: +2.8% -> -2.1% -> +7.7% (reversal +9.8%)",
      "severity": "HIGH"
    },
    {
      "quarter": "2023-12 (Q4)",
      "signal": "YoY REVENUE GROWTH ACCELERATION",
      "detail": "YoY growth: -3.3% vs prior quarter YoY: -14.4% (accel: +11.1%)",
      "severity": "MEDIUM"
    },
    {
      "quarter": "2023-12 (Q4)",
      "signal": "OP MARGIN TURNED POSITIVE (YoY)",
      "detail": "Op margin: -5.8% (year-ago) -> +5.7%",
      "severity": "HIGH"
    },
    {
      "quarter": "2023-12 (Q4)",
      "signal": "OP MARGIN TURNED POSITIVE (QoQ)",
      "detail": "Op margin: -4.4% -> +5.7%",
      "severity": "HIGH"
    },
    {
      "quarter": "2023-09 (Q3)",
      "signal": "FCF TURNED POSITIVE",
      "detail": "FCF margin: -4.2% -> +2.8%",
      "severity": "HIGH"
    },
    {
      "quarter": "2023-09 (Q3)",
      "signal": "YoY REVENUE GROWTH ACCELERATION",
      "detail": "YoY growth: -14.4% vs prior quarter YoY: -32.8% (accel: +18.4%)",
      "severity": "HIGH"
    },
    {
      "quarter": "2023-06 (Q2)",
      "signal": "YoY REVENUE GROWTH DECELERATION",
      "detail": "YoY growth: -32.8% vs prior quarter YoY: -26.7% (decel: -6.1%)",
      "severity": "WARNING"
    },
    {
      "quarter": "2023-03 (Q1)",
      "signal": "FCF MARGIN EXPANSION",
      "detail": "FCF margin: -8.9% -> -2.6% (+6.3%)",
      "severity": "MEDIUM"
    },
    {
      "quarter": "2023-03 (Q1)",
      "signal": "YoY REVENUE GROWTH DECELERATION",
      "detail": "YoY growth: -26.7% vs prior quarter YoY: -19.6% (decel: -7.1%)",
      "severity": "WARNING"
    },
    {
      "quarter": "2023-03 (Q1)",
      "signal": "INCREMENTAL MARGIN (YoY)",
      "detail": "YoY Incr OPM: +26.7% vs year-ago OPM: +10.8%",
      "severity": "MEDIUM"
    },
    {
      "quarter": "2023-03 (Q1)",
      "signal": "OP MARGIN TURNED POSITIVE (QoQ)",
      "detail": "Op margin: -5.8% -> +5.0%",
      "severity": "HIGH"
    },
    {
      "quarter": "2022-12 (Q4)",
      "signal": "GROSS MARGIN INFLECTION",
      "detail": "GM: +1.9% -> -6.7% -> -3.7% (reversal +3.1%)",
      "severity": "MEDIUM"
    },
    {
      "quarter": "2022-12 (Q4)",
      "signal": "YoY REVENUE GROWTH DECELERATION",
      "detail": "YoY growth: -19.6% vs prior quarter YoY: +9.6% (decel: -29.2%)",
      "severity": "WARNING"
    },
    {
      "quarter": "2022-09 (Q3)",
      "signal": "YoY REVENUE GROWTH DECELERATION",
      "detail": "YoY growth: +9.6% vs prior quarter YoY: +62.2% (decel: -52.6%)",
      "severity": "WARNING"
    },
    {
      "quarter": "2022-06 (Q2)",
      "signal": "YoY REVENUE GROWTH DECELERATION",
      "detail": "YoY growth: +62.2% vs prior quarter YoY: +69.7% (decel: -7.5%)",
      "severity": "WARNING"
    },
    {
      "quarter": "2022-03 (Q1)",
      "signal": "FCF TURNED POSITIVE",
      "detail": "FCF margin: -13.6% -> +1.5%",
      "severity": "HIGH"
    },
    {
      "quarter": "2022-03 (Q1)",
      "signal": "OP MARGIN TURNED POSITIVE (YoY)",
      "detail": "Op margin: -8.3% (year-ago) -> +10.8%",
      "severity": "HIGH"
    },
    {
      "quarter": "2021-12 (Q4)",
      "signal": "OP MARGIN TURNED POSITIVE (YoY)",
      "detail": "Op margin: -3.4% (year-ago) -> +7.7%",
      "severity": "HIGH"
    },
    {
      "quarter": "2021-09 (Q3)",
      "signal": "FCF TURNED POSITIVE",
      "detail": "FCF margin: -10.7% -> +9.6%",
      "severity": "HIGH"
    },
    {
      "quarter": "2021-06 (Q2)",
      "signal": "GROSS MARGIN INFLECTION",
      "detail": "GM: -0.3% -> -4.7% -> +4.0% (reversal +8.6%)",
      "severity": "HIGH"
    },
    {
      "quarter": "2021-06 (Q2)",
      "signal": "OP MARGIN TURNED POSITIVE (QoQ)",
      "detail": "Op margin: -8.3% -> +2.3%",
      "severity": "HIGH"
    }
  ],
  "data_quality": {
    "n_quarters": 20,
    "coverage": {
      "revenue": [
        20,
        20
      ],
      "gross_profit": [
        20,
        20
      ],
      "op_income": [
        20,
        20
      ],
      "fcf": [
        20,
        20
      ]
    },
    "gaps": [],
    "warnings": []
  },
  "market_cap": null,
  "source": "SEC EDGAR",
  "last_updated": "2026-02-02T21:09:32.446080",
  "sector": "Basic Materials",
  "industry": "Aluminum"
}