{
  "ticker": "CERT",
  "name": "Certara, Inc.",
  "quarters": [
    {
      "date": "2020-12-31T00:00:00",
      "quarter_label": "2020-12 (Q4)",
      "revenue": 64641000,
      "gross_profit": 29736000,
      "operating_income": -53520000,
      "net_income": -54447000,
      "opex": 83256000,
      "cogs": 34905000,
      "rd": 10505000,
      "sga": null,
      "fcf": 12600000,
      "ocf": 12681000,
      "capex": -81000,
      "gross_margin": 0.46001763586578176,
      "op_margin": -0.8279574882814313,
      "fcf_margin": 0.19492272706177194
    },
    {
      "date": "2021-03-31T00:00:00",
      "quarter_label": "2021-03 (Q1)",
      "revenue": 66718000,
      "gross_profit": 40702000,
      "operating_income": 5624000,
      "net_income": 1052000,
      "opex": 35078000,
      "cogs": 26016000,
      "rd": 4706000,
      "sga": null,
      "fcf": 4712000,
      "ocf": 4934000,
      "capex": -222000,
      "gross_margin": 0.6100602536047244,
      "op_margin": 0.08429509277856051,
      "fcf_margin": 0.07062561827392907,
      "op_leverage_ratio": Infinity,
      "fcf_margin_change": -0.12429710878784286
    },
    {
      "date": "2021-06-30T00:00:00",
      "quarter_label": "2021-06 (Q2)",
      "revenue": 70096000,
      "gross_profit": 42554000,
      "operating_income": 5274000,
      "net_income": -2857000,
      "opex": 37280000,
      "cogs": 27542000,
      "rd": 4626000,
      "sga": null,
      "fcf": 14333000,
      "ocf": 14622000,
      "capex": -289000,
      "gross_margin": 0.6070817165030815,
      "op_margin": 0.07523967130792057,
      "fcf_margin": 0.20447671764437342,
      "op_leverage_ratio": 0.8065552739649327,
      "fcf_margin_change": 0.13385109937044434
    },
    {
      "date": "2021-09-30T00:00:00",
      "quarter_label": "2021-09 (Q3)",
      "revenue": 73944000,
      "gross_profit": 45175000,
      "operating_income": -761000,
      "net_income": -1762000,
      "opex": 45936000,
      "cogs": 28769000,
      "rd": 4530000,
      "sga": null,
      "fcf": 19517000,
      "ocf": 20001000,
      "capex": -484000,
      "gross_margin": 0.6109353023909986,
      "op_margin": -0.01029157200043276,
      "fcf_margin": 0.2639429838796927,
      "op_leverage_ratio": 0.2364288574296418,
      "fcf_margin_change": 0.05946626623531931
    },
    {
      "date": "2021-12-31T00:00:00",
      "quarter_label": "2021-12 (Q4)",
      "revenue": 75346000,
      "gross_profit": 46057000,
      "operating_income": 3442000,
      "net_income": -9699000,
      "opex": 42615000,
      "cogs": 29289000,
      "rd": 6517000,
      "sga": null,
      "fcf": 20683000,
      "ocf": 20831000,
      "capex": -148000,
      "gross_margin": 0.6112733257239933,
      "op_margin": 0.045682584344225306,
      "fcf_margin": 0.27450694131075304,
      "incr_op_margin_yoy": 5.321064922933209,
      "rev_growth_yoy": 0.16560696771398958,
      "op_leverage_ratio": Infinity,
      "fcf_margin_change": 0.010563957431060311
    },
    {
      "date": "2022-03-31T00:00:00",
      "quarter_label": "2022-03 (Q1)",
      "revenue": 81551000,
      "gross_profit": 48762000,
      "operating_income": 6133000,
      "net_income": 2210000,
      "opex": 42629000,
      "cogs": 32789000,
      "rd": 7548000,
      "sga": null,
      "fcf": 9297000,
      "ocf": 9803000,
      "capex": -506000,
      "gross_margin": 0.5979325820652107,
      "op_margin": 0.07520447327439271,
      "fcf_margin": 0.11400228078135155,
      "incr_op_margin_yoy": 0.03431537787366008,
      "rev_growth_yoy": 0.22232381066578735,
      "rev_growth_yoy_accel": 0.05671684295179777,
      "op_leverage_ratio": Infinity,
      "fcf_margin_change": -0.1605046605294015
    },
    {
      "date": "2022-06-30T00:00:00",
      "quarter_label": "2022-06 (Q2)",
      "revenue": 82760000,
      "gross_profit": 47566000,
      "operating_income": 4149000,
      "net_income": -589000,
      "opex": 43417000,
      "cogs": 35194000,
      "rd": 7741000,
      "sga": null,
      "fcf": 22906000,
      "ocf": 23259000,
      "capex": -353000,
      "gross_margin": 0.5747462542290962,
      "op_margin": 0.05013291445142581,
      "fcf_margin": 0.2767762203963267,
      "incr_op_margin_yoy": -0.08883449147188882,
      "rev_growth_yoy": 0.18066651449440768,
      "rev_growth_yoy_accel": -0.04165729617137967,
      "op_leverage_ratio": 0.8020028978782981,
      "fcf_margin_change": 0.16277393961497516
    },
    {
      "date": "2022-09-30T00:00:00",
      "quarter_label": "2022-09 (Q3)",
      "revenue": 84700000,
      "gross_profit": 51888000,
      "operating_income": 10859000,
      "net_income": 3936000,
      "opex": 41029000,
      "cogs": 32812000,
      "rd": 6318000,
      "sga": null,
      "fcf": 23606000,
      "ocf": 23996000,
      "capex": -390000,
      "gross_margin": 0.6126092089728453,
      "op_margin": 0.12820543093270367,
      "fcf_margin": 0.2787012987012987,
      "incr_op_margin_yoy": 1.080327259204165,
      "rev_growth_yoy": 0.14546143027155686,
      "rev_growth_yoy_accel": -0.03520508422285082,
      "op_leverage_ratio": Infinity,
      "fcf_margin_change": 0.0019250783049720166
    },
    {
      "date": "2022-12-31T00:00:00",
      "quarter_label": "2022-12 (Q4)",
      "revenue": 86633000,
      "gross_profit": 54851000,
      "operating_income": 11380000,
      "net_income": 9174000,
      "opex": 43471000,
      "cogs": 31782000,
      "rd": 6598000,
      "sga": null,
      "fcf": 35304000,
      "ocf": 35485000,
      "capex": -181000,
      "gross_margin": 0.6331421052024055,
      "op_margin": 0.13135872011819977,
      "fcf_margin": 0.40751214895016913,
      "incr_op_margin_yoy": 0.7032869673075219,
      "rev_growth_yoy": 0.1498022456401136,
      "rev_growth_yoy_accel": 0.0043408153685567386,
      "op_leverage_ratio": 0.38343673339541107,
      "fcf_margin_change": 0.1288108502488704
    },
    {
      "date": "2023-03-31T00:00:00",
      "quarter_label": "2023-03 (Q1)",
      "revenue": 90301000,
      "gross_profit": 55445000,
      "operating_income": 7438000,
      "net_income": 1358000,
      "opex": 48007000,
      "cogs": 34856000,
      "rd": 9287000,
      "sga": null,
      "fcf": 9640000,
      "ocf": 9957000,
      "capex": -317000,
      "gross_margin": 0.614002059777854,
      "op_margin": 0.0823689660136654,
      "fcf_margin": 0.10675407802792881,
      "incr_op_margin_yoy": 0.14914285714285713,
      "rev_growth_yoy": 0.10729482164535076,
      "rev_growth_yoy_accel": -0.042507423994762844,
      "op_leverage_ratio": 0.4057631076915491,
      "fcf_margin_change": -0.30075807092224033
    },
    {
      "date": "2023-06-30T00:00:00",
      "quarter_label": "2023-06 (Q2)",
      "revenue": 90450000,
      "gross_profit": 54226000,
      "operating_income": 13039000,
      "net_income": 4706000,
      "opex": 41187000,
      "cogs": 36224000,
      "rd": 7888000,
      "sga": null,
      "fcf": 17787000,
      "ocf": 18058000,
      "capex": -271000,
      "gross_margin": 0.5995135433941404,
      "op_margin": 0.14415699281370922,
      "fcf_margin": 0.19665008291873964,
      "incr_op_margin_yoy": 1.1560468140442133,
      "rev_growth_yoy": 0.09291928467858869,
      "rev_growth_yoy_accel": -0.014375536966762067,
      "fcf_margin_change": 0.08989600489081083
    },
    {
      "date": "2023-09-30T00:00:00",
      "quarter_label": "2023-09 (Q3)",
      "revenue": 85576000,
      "gross_profit": 49700000,
      "operating_income": -52784000,
      "net_income": -48965000,
      "opex": 102484000,
      "cogs": 35876000,
      "rd": 8980000,
      "sga": null,
      "fcf": 31103000,
      "ocf": 31414000,
      "capex": -311000,
      "gross_margin": 0.5807703094325511,
      "op_margin": -0.616808450967561,
      "fcf_margin": 0.36345470692717585,
      "rev_growth_yoy": 0.010342384887839434,
      "rev_growth_yoy_accel": -0.08257689979074925,
      "fcf_margin_change": 0.1668046240084362
    },
    {
      "date": "2023-12-31T00:00:00",
      "quarter_label": "2023-12 (Q4)",
      "revenue": 88010000,
      "gross_profit": 53944000,
      "operating_income": -8467000,
      "net_income": -12456000,
      "opex": 62411000,
      "cogs": 34066000,
      "rd": 8018000,
      "sga": null,
      "fcf": 22448000,
      "ocf": 23326000,
      "capex": -878000,
      "gross_margin": 0.6129303488239973,
      "op_margin": -0.09620497670719236,
      "fcf_margin": 0.2550619247812749,
      "incr_op_margin_yoy": -14.413217138707335,
      "rev_growth_yoy": 0.01589463599321275,
      "rev_growth_yoy_accel": 0.005552251105373315,
      "op_leverage_ratio": Infinity,
      "fcf_margin_change": -0.10839278214590098
    },
    {
      "date": "2024-03-31T00:00:00",
      "quarter_label": "2024-03 (Q1)",
      "revenue": 96654000,
      "gross_profit": 57399000,
      "operating_income": -1287000,
      "net_income": -4683000,
      "opex": 58686000,
      "cogs": 39255000,
      "rd": 11995000,
      "sga": null,
      "fcf": 3677000,
      "ocf": 4296000,
      "capex": -619000,
      "gross_margin": 0.5938605748339437,
      "op_margin": -0.013315537898069402,
      "fcf_margin": 0.03804291596829929,
      "incr_op_margin_yoy": -1.3733669132693216,
      "rev_growth_yoy": 0.0703535951982813,
      "rev_growth_yoy_accel": 0.05445895920506855,
      "op_leverage_ratio": Infinity,
      "fcf_margin_change": -0.2170190088129756
    },
    {
      "date": "2024-06-30T00:00:00",
      "quarter_label": "2024-06 (Q2)",
      "revenue": 93313000,
      "gross_profit": 53504000,
      "operating_income": -9041000,
      "net_income": -12574000,
      "opex": 62545000,
      "cogs": 39809000,
      "rd": 9067000,
      "sga": null,
      "fcf": 9387000,
      "ocf": 9814000,
      "capex": -427000,
      "gross_margin": 0.5733820582341153,
      "op_margin": -0.09688896509596734,
      "fcf_margin": 0.10059691575664699,
      "incr_op_margin_yoy": -7.712190010478519,
      "rev_growth_yoy": 0.031652846876727474,
      "rev_growth_yoy_accel": -0.038700748321553825,
      "fcf_margin_change": 0.06255399978834769
    },
    {
      "date": "2024-09-30T00:00:00",
      "quarter_label": "2024-09 (Q3)",
      "revenue": 94820000,
      "gross_profit": 57631000,
      "operating_income": 2594000,
      "net_income": -1371000,
      "opex": 55037000,
      "cogs": 37189000,
      "rd": 8271000,
      "sga": null,
      "fcf": 16823000,
      "ocf": 16987000,
      "capex": -164000,
      "gross_margin": 0.6077937144062434,
      "op_margin": 0.02735709765872179,
      "fcf_margin": 0.17742037544821768,
      "incr_op_margin_yoy": 5.990696668109043,
      "rev_growth_yoy": 0.10802094045059363,
      "rev_growth_yoy_accel": 0.07636809357386615,
      "op_leverage_ratio": Infinity,
      "fcf_margin_change": 0.07682345969157069
    },
    {
      "date": "2024-12-31T00:00:00",
      "quarter_label": "2024-12 (Q4)",
      "revenue": 100361000,
      "gross_profit": 62098000,
      "operating_income": 6003000,
      "net_income": 6577000,
      "opex": 56095000,
      "cogs": 38263000,
      "rd": 7772000,
      "sga": null,
      "fcf": 48954000,
      "ocf": 49369000,
      "capex": -415000,
      "gross_margin": 0.618746325763992,
      "op_margin": 0.05981407120295732,
      "fcf_margin": 0.4877791173862357,
      "incr_op_margin_yoy": 1.1715650554610963,
      "rev_growth_yoy": 0.1403363254175662,
      "rev_growth_yoy_accel": 0.03231538496697256,
      "op_leverage_ratio": 3.0398859105841374,
      "fcf_margin_change": 0.31035874193801805
    },
    {
      "date": "2025-03-31T00:00:00",
      "quarter_label": "2025-03 (Q1)",
      "revenue": 106004000,
      "gross_profit": 64483000,
      "operating_income": 7623000,
      "net_income": 4743000,
      "opex": 56860000,
      "cogs": 41521000,
      "rd": 10522000,
      "sga": null,
      "fcf": 16752000,
      "ocf": 17352000,
      "capex": -600000,
      "gross_margin": 0.6083072336892947,
      "op_margin": 0.07191238066488057,
      "fcf_margin": 0.1580317723859477,
      "incr_op_margin_yoy": 0.9529411764705882,
      "rev_growth_yoy": 0.0967368137893931,
      "rev_growth_yoy_accel": -0.04359951162817309,
      "op_leverage_ratio": 4.122947336585514,
      "fcf_margin_change": -0.329747345000288
    },
    {
      "date": "2025-06-30T00:00:00",
      "quarter_label": "2025-06 (Q2)",
      "revenue": 104570000,
      "gross_profit": 63854000,
      "operating_income": 9552000,
      "net_income": -1968000,
      "opex": 54302000,
      "cogs": 40716000,
      "rd": 8972000,
      "sga": null,
      "fcf": 17906000,
      "ocf": 17842000,
      "capex": 64000,
      "gross_margin": 0.6106340250549871,
      "op_margin": 0.09134551018456537,
      "fcf_margin": 0.17123457970737305,
      "incr_op_margin_yoy": 1.6516833969974238,
      "rev_growth_yoy": 0.12063699591696762,
      "rev_growth_yoy_accel": 0.023900182127574526,
      "fcf_margin_change": 0.013202807321425342
    },
    {
      "date": "2025-09-30T00:00:00",
      "quarter_label": "2025-09 (Q3)",
      "revenue": 104616000,
      "gross_profit": 64898000,
      "operating_income": 3005000,
      "net_income": 1525000,
      "opex": 61893000,
      "cogs": 39718000,
      "rd": 10266000,
      "sga": null,
      "fcf": 32093000,
      "ocf": 32314000,
      "capex": -221000,
      "gross_margin": 0.6203448803242334,
      "op_margin": 0.02872409574061329,
      "fcf_margin": 0.3067695190028294,
      "incr_op_margin_yoy": 0.04195590036749694,
      "rev_growth_yoy": 0.10331153765028475,
      "rev_growth_yoy_accel": -0.017325458266682872,
      "fcf_margin_change": 0.13553493929545635
    }
  ],
  "signals": [
    {
      "quarter": "2025-09 (Q3)",
      "signal": "FCF MARGIN EXPANSION",
      "detail": "FCF margin: +17.1% -> +30.7% (+13.6%)",
      "severity": "MEDIUM"
    },
    {
      "quarter": "2025-06 (Q2)",
      "signal": "OP MARGIN TURNED POSITIVE (YoY)",
      "detail": "Op margin: -9.7% (year-ago) -> +9.1%",
      "severity": "HIGH"
    },
    {
      "quarter": "2025-03 (Q1)",
      "signal": "OPERATING LEVERAGE",
      "detail": "Rev growth +5.6% vs OpEx growth +1.4% (leverage: 4.1x)",
      "severity": "MEDIUM"
    },
    {
      "quarter": "2025-03 (Q1)",
      "signal": "OP MARGIN TURNED POSITIVE (YoY)",
      "detail": "Op margin: -1.3% (year-ago) -> +7.2%",
      "severity": "HIGH"
    },
    {
      "quarter": "2024-12 (Q4)",
      "signal": "FCF MARGIN EXPANSION",
      "detail": "FCF margin: +17.7% -> +48.8% (+31.0%)",
      "severity": "MEDIUM"
    },
    {
      "quarter": "2024-12 (Q4)",
      "signal": "OPERATING LEVERAGE",
      "detail": "Rev growth +5.8% vs OpEx growth +1.9% (leverage: 3.0x)",
      "severity": "MEDIUM"
    },
    {
      "quarter": "2024-12 (Q4)",
      "signal": "OP MARGIN TURNED POSITIVE (YoY)",
      "detail": "Op margin: -9.6% (year-ago) -> +6.0%",
      "severity": "HIGH"
    },
    {
      "quarter": "2024-09 (Q3)",
      "signal": "FCF MARGIN EXPANSION",
      "detail": "FCF margin: +10.1% -> +17.7% (+7.7%)",
      "severity": "MEDIUM"
    },
    {
      "quarter": "2024-09 (Q3)",
      "signal": "GROSS MARGIN INFLECTION",
      "detail": "GM: +59.4% -> +57.3% -> +60.8% (reversal +3.4%)",
      "severity": "MEDIUM"
    },
    {
      "quarter": "2024-09 (Q3)",
      "signal": "YoY REVENUE GROWTH ACCELERATION",
      "detail": "YoY growth: +10.8% vs prior quarter YoY: +3.2% (accel: +7.6%)",
      "severity": "MEDIUM"
    },
    {
      "quarter": "2024-09 (Q3)",
      "signal": "OP MARGIN TURNED POSITIVE (YoY)",
      "detail": "Op margin: -61.7% (year-ago) -> +2.7%",
      "severity": "HIGH"
    },
    {
      "quarter": "2024-09 (Q3)",
      "signal": "OP MARGIN TURNED POSITIVE (QoQ)",
      "detail": "Op margin: -9.7% -> +2.7%",
      "severity": "HIGH"
    },
    {
      "quarter": "2024-06 (Q2)",
      "signal": "FCF MARGIN EXPANSION",
      "detail": "FCF margin: +3.8% -> +10.1% (+6.3%)",
      "severity": "MEDIUM"
    },
    {
      "quarter": "2024-03 (Q1)",
      "signal": "YoY REVENUE GROWTH ACCELERATION",
      "detail": "YoY growth: +7.0% vs prior quarter YoY: +1.6% (accel: +5.4%)",
      "severity": "MEDIUM"
    },
    {
      "quarter": "2023-12 (Q4)",
      "signal": "GROSS MARGIN INFLECTION",
      "detail": "GM: +60.0% -> +58.1% -> +61.3% (reversal +3.2%)",
      "severity": "MEDIUM"
    },
    {
      "quarter": "2023-09 (Q3)",
      "signal": "FCF MARGIN EXPANSION",
      "detail": "FCF margin: +19.7% -> +36.3% (+16.7%)",
      "severity": "MEDIUM"
    },
    {
      "quarter": "2023-09 (Q3)",
      "signal": "YoY REVENUE GROWTH DECELERATION",
      "detail": "YoY growth: +1.0% vs prior quarter YoY: +9.3% (decel: -8.3%)",
      "severity": "WARNING"
    },
    {
      "quarter": "2023-06 (Q2)",
      "signal": "FCF MARGIN EXPANSION",
      "detail": "FCF margin: +10.7% -> +19.7% (+9.0%)",
      "severity": "MEDIUM"
    },
    {
      "quarter": "2023-06 (Q2)",
      "signal": "INCREMENTAL MARGIN (YoY)",
      "detail": "YoY Incr OPM: +115.6% vs year-ago OPM: +5.0%",
      "severity": "HIGH"
    },
    {
      "quarter": "2022-12 (Q4)",
      "signal": "FCF MARGIN EXPANSION",
      "detail": "FCF margin: +27.9% -> +40.8% (+12.9%)",
      "severity": "MEDIUM"
    },
    {
      "quarter": "2022-12 (Q4)",
      "signal": "INCREMENTAL MARGIN (YoY)",
      "detail": "YoY Incr OPM: +70.3% vs year-ago OPM: +4.6%",
      "severity": "HIGH"
    },
    {
      "quarter": "2022-09 (Q3)",
      "signal": "GROSS MARGIN INFLECTION",
      "detail": "GM: +59.8% -> +57.5% -> +61.3% (reversal +3.8%)",
      "severity": "MEDIUM"
    },
    {
      "quarter": "2022-09 (Q3)",
      "signal": "OP MARGIN TURNED POSITIVE (YoY)",
      "detail": "Op margin: -1.0% (year-ago) -> +12.8%",
      "severity": "HIGH"
    },
    {
      "quarter": "2022-06 (Q2)",
      "signal": "FCF MARGIN EXPANSION",
      "detail": "FCF margin: +11.4% -> +27.7% (+16.3%)",
      "severity": "MEDIUM"
    },
    {
      "quarter": "2022-03 (Q1)",
      "signal": "OPERATING LEVERAGE",
      "detail": "Rev growth +8.2% vs OpEx growth +0.0% (leverage: 250.7x)",
      "severity": "MEDIUM"
    },
    {
      "quarter": "2022-03 (Q1)",
      "signal": "YoY REVENUE GROWTH ACCELERATION",
      "detail": "YoY growth: +22.2% vs prior quarter YoY: +16.6% (accel: +5.7%)",
      "severity": "MEDIUM"
    },
    {
      "quarter": "2021-12 (Q4)",
      "signal": "OP MARGIN TURNED POSITIVE (YoY)",
      "detail": "Op margin: -82.8% (year-ago) -> +4.6%",
      "severity": "HIGH"
    },
    {
      "quarter": "2021-12 (Q4)",
      "signal": "OP MARGIN TURNED POSITIVE (QoQ)",
      "detail": "Op margin: -1.0% -> +4.6%",
      "severity": "HIGH"
    },
    {
      "quarter": "2021-09 (Q3)",
      "signal": "FCF MARGIN EXPANSION",
      "detail": "FCF margin: +20.4% -> +26.4% (+5.9%)",
      "severity": "MEDIUM"
    },
    {
      "quarter": "2021-06 (Q2)",
      "signal": "FCF MARGIN EXPANSION",
      "detail": "FCF margin: +7.1% -> +20.4% (+13.4%)",
      "severity": "MEDIUM"
    },
    {
      "quarter": "2021-03 (Q1)",
      "signal": "OP MARGIN TURNED POSITIVE (QoQ)",
      "detail": "Op margin: -82.8% -> +8.4%",
      "severity": "HIGH"
    }
  ],
  "data_quality": {
    "n_quarters": 20,
    "coverage": {
      "revenue": [
        20,
        20
      ],
      "gross_profit": [
        20,
        20
      ],
      "op_income": [
        20,
        20
      ],
      "fcf": [
        20,
        20
      ]
    },
    "gaps": [],
    "warnings": []
  },
  "market_cap": null,
  "source": "SEC EDGAR",
  "last_updated": "2026-02-02T21:47:07.287874",
  "sector": "Healthcare",
  "industry": "Health Information Services"
}