{
  "ticker": "CETX",
  "name": "CEMTREX, INC.",
  "sector": "Technology",
  "industry": "Software - Infrastructure",
  "quarters": [
    {
      "date": "2021-03-31T00:00:00",
      "quarter_label": "2021-03 (Q1)",
      "revenue": 9260385,
      "gross_profit": 3928884,
      "operating_income": -1962598,
      "net_income": 2454132,
      "opex": 5891482,
      "cogs": 5331501,
      "rd": 641497,
      "sga": null,
      "fcf": -2700296,
      "ocf": -1770502,
      "capex": -929794,
      "gross_margin": 0.4242678895099934,
      "op_margin": -0.2119348169649534,
      "fcf_margin": -0.2915965156956217
    },
    {
      "date": "2021-06-30T00:00:00",
      "quarter_label": "2021-06 (Q2)",
      "revenue": 10326431,
      "gross_profit": 4127716,
      "operating_income": -2300269,
      "net_income": 1098013,
      "opex": 6427985,
      "cogs": 6198715,
      "rd": 757966,
      "sga": null,
      "fcf": -3490953,
      "ocf": -3321896,
      "capex": -169057,
      "gross_margin": 0.3997233894266083,
      "op_margin": -0.22275547088824785,
      "fcf_margin": -0.33805997444809344,
      "op_leverage_ratio": 1.2641520185847817,
      "fcf_margin_change": -0.04646345875247171
    },
    {
      "date": "2021-09-30T00:00:00",
      "quarter_label": "2021-09 (Q3)",
      "revenue": 14708042,
      "gross_profit": 4906282,
      "operating_income": -2433002,
      "net_income": -9667529,
      "opex": 7339284,
      "cogs": 9801760,
      "rd": 1137988,
      "sga": null,
      "fcf": -3828240,
      "ocf": -3872615,
      "capex": 44375,
      "gross_margin": 0.333578188041617,
      "op_margin": -0.1654198431035212,
      "fcf_margin": -0.260282096012508,
      "op_leverage_ratio": 2.992936699835111,
      "fcf_margin_change": 0.07777787843558542
    },
    {
      "date": "2021-12-31T00:00:00",
      "quarter_label": "2021-12 (Q4)",
      "revenue": 10672489,
      "gross_profit": 3869194,
      "operating_income": -4054523,
      "net_income": -4477951,
      "opex": 7923717,
      "cogs": 6803295,
      "rd": 1311713,
      "sga": null,
      "fcf": -4654029,
      "ocf": -4352702,
      "capex": -301327,
      "gross_margin": 0.3625390478266129,
      "op_margin": -0.3799041629370618,
      "fcf_margin": -0.4360771887420076,
      "fcf_margin_change": -0.1757950927294996
    },
    {
      "date": "2022-03-31T00:00:00",
      "quarter_label": "2022-03 (Q1)",
      "revenue": 12728215,
      "gross_profit": 4052611,
      "operating_income": -3819337,
      "net_income": -4721247,
      "opex": 7871948,
      "cogs": 8675604,
      "rd": 1114715,
      "sga": null,
      "fcf": -3514961,
      "ocf": -3109896,
      "capex": -405065,
      "gross_margin": 0.31839586304913925,
      "op_margin": -0.3000685484963917,
      "fcf_margin": -0.27615506180560273,
      "incr_op_margin_yoy": -0.5354181144981155,
      "rev_growth_yoy": 0.3744801107081401,
      "op_leverage_ratio": null,
      "fcf_margin_change": 0.1599221269364049
    },
    {
      "date": "2022-06-30T00:00:00",
      "quarter_label": "2022-06 (Q2)",
      "revenue": 13630846,
      "gross_profit": 5876356,
      "operating_income": -2120849,
      "net_income": -680793,
      "opex": 7997205,
      "cogs": 7754490,
      "rd": 1048246,
      "sga": 4953718,
      "fcf": -3187330,
      "ocf": -3165767,
      "capex": -21563,
      "gross_margin": 0.43110721080701814,
      "op_margin": -0.1555918832917634,
      "fcf_margin": -0.23383214805596073,
      "incr_op_margin_yoy": 0.05429705409278193,
      "rev_growth_yoy": 0.3199958436753221,
      "rev_growth_yoy_accel": -0.054484267032818,
      "op_leverage_ratio": 4.456798025321971,
      "fcf_margin_change": 0.042322913749642005
    },
    {
      "date": "2022-09-30T00:00:00",
      "quarter_label": "2022-09 (Q3)",
      "revenue": 13243373,
      "gross_profit": 5257357,
      "operating_income": -6873652,
      "net_income": -3140967,
      "opex": 12131009,
      "cogs": 7986016,
      "rd": 1377046,
      "sga": 6125222,
      "fcf": -6510896,
      "ocf": -5465139,
      "capex": -1045757,
      "gross_margin": 0.39698021040410175,
      "op_margin": -0.5190257799127156,
      "fcf_margin": -0.49163426870178767,
      "incr_op_margin_yoy": 3.031845420364601,
      "rev_growth_yoy": -0.09958286765838716,
      "rev_growth_yoy_accel": -0.4195787113337092,
      "fcf_margin_change": -0.25780212064582697
    },
    {
      "date": "2022-12-31T00:00:00",
      "quarter_label": "2022-12 (Q4)",
      "revenue": 11970242,
      "gross_profit": 5042615,
      "operating_income": -1951436,
      "net_income": -6277211,
      "opex": 6994051,
      "cogs": 6927627,
      "rd": 1538218,
      "sga": 4925003,
      "fcf": -3942542,
      "ocf": -3370884,
      "capex": -571658,
      "gross_margin": 0.4212625776488061,
      "op_margin": -0.1630239388643939,
      "fcf_margin": -0.32936192935781916,
      "incr_op_margin_yoy": 1.6205603069305177,
      "rev_growth_yoy": 0.12159797025792203,
      "rev_growth_yoy_accel": 0.2211808379163092,
      "fcf_margin_change": 0.1622723393439685
    },
    {
      "date": "2023-03-31T00:00:00",
      "quarter_label": "2023-03 (Q1)",
      "revenue": 16073397,
      "gross_profit": 7338481,
      "operating_income": 404873,
      "net_income": -594794,
      "opex": 6933608,
      "cogs": 8734916,
      "rd": 1615341,
      "sga": 5109214,
      "fcf": 783894,
      "ocf": 475968,
      "capex": 307926,
      "gross_margin": 0.4565606760039586,
      "op_margin": 0.02518901262751116,
      "fcf_margin": 0.04876965335952319,
      "incr_op_margin_yoy": 1.2627743423227795,
      "rev_growth_yoy": 0.2628162707810954,
      "rev_growth_yoy_accel": 0.14121830052317336,
      "op_leverage_ratio": null,
      "fcf_margin_change": 0.3781315827173424
    },
    {
      "date": "2023-06-30T00:00:00",
      "quarter_label": "2023-06 (Q2)",
      "revenue": 14730140,
      "gross_profit": 6480643,
      "operating_income": 53774,
      "net_income": -1146524,
      "opex": 6426869,
      "cogs": 8249497,
      "rd": 1049909,
      "sga": 5127079,
      "fcf": -522007,
      "ocf": -24269,
      "capex": -497738,
      "gross_margin": 0.4399580044724626,
      "op_margin": 0.0036506102453880275,
      "fcf_margin": -0.03543802027679303,
      "incr_op_margin_yoy": 1.9781996444991057,
      "rev_growth_yoy": 0.08064752547274029,
      "rev_growth_yoy_accel": -0.18216874530835508,
      "fcf_margin_change": -0.08420767363631622
    },
    {
      "date": "2023-09-30T00:00:00",
      "quarter_label": "2023-09 (Q3)",
      "revenue": 16594783,
      "gross_profit": 6826296,
      "operating_income": -18719,
      "net_income": -1178346,
      "opex": 6845015,
      "cogs": 9768487,
      "rd": -627723,
      "sga": 7144932,
      "fcf": -1313383,
      "ocf": 686461,
      "capex": -1999844,
      "gross_margin": 0.41135192909723495,
      "op_margin": -0.0011280051085934659,
      "fcf_margin": -0.07914433108284694,
      "incr_op_margin_yoy": 2.045387762165775,
      "rev_growth_yoy": 0.25306317355857905,
      "rev_growth_yoy_accel": 0.17241564808583876,
      "op_leverage_ratio": 1.9456303025588073,
      "fcf_margin_change": -0.04370631080605391
    },
    {
      "date": "2023-12-31T00:00:00",
      "quarter_label": "2023-12 (Q4)",
      "revenue": 16878166,
      "gross_profit": 7082399,
      "operating_income": -738372,
      "net_income": -1207494,
      "opex": 7820771,
      "cogs": 9795767,
      "rd": 848805,
      "sga": 6603665,
      "fcf": -3429739,
      "ocf": -3139073,
      "capex": -290666,
      "gross_margin": 0.41961899177908313,
      "op_margin": -0.04374717016054944,
      "fcf_margin": -0.20320566819878416,
      "incr_op_margin_yoy": 0.24716438151854023,
      "rev_growth_yoy": 0.41001042418357125,
      "rev_growth_yoy_accel": 0.1569472506249922,
      "op_leverage_ratio": 0.11979408909097179,
      "fcf_margin_change": -0.12406133711593723
    },
    {
      "date": "2024-03-31T00:00:00",
      "quarter_label": "2024-03 (Q1)",
      "revenue": 17159595,
      "gross_profit": 6939416,
      "operating_income": -1032141,
      "net_income": -1473211,
      "opex": 7971557,
      "cogs": 10220179,
      "rd": 951400,
      "sga": 6715268,
      "fcf": 322195,
      "ocf": 386837,
      "capex": -64642,
      "gross_margin": 0.40440441630469715,
      "op_margin": -0.060149496535320326,
      "fcf_margin": 0.018776375549656037,
      "incr_op_margin_yoy": -1.3229761056455638,
      "rev_growth_yoy": 0.06757737645626496,
      "rev_growth_yoy_accel": -0.3424330477273063,
      "op_leverage_ratio": 0.8648327801553781,
      "fcf_margin_change": 0.2219820437484402
    },
    {
      "date": "2024-06-30T00:00:00",
      "quarter_label": "2024-06 (Q2)",
      "revenue": 14686398,
      "gross_profit": 5877147,
      "operating_income": -3179516,
      "net_income": -8981026,
      "opex": 9056663,
      "cogs": 8809251,
      "rd": 864483,
      "sga": 7866729,
      "fcf": 601733,
      "ocf": 675759,
      "capex": -74026,
      "gross_margin": 0.4001762038588359,
      "op_margin": -0.21649392859978328,
      "fcf_margin": 0.04097212944930404,
      "rev_growth_yoy": -0.0029695576552565012,
      "rev_growth_yoy_accel": -0.07054693411152146,
      "fcf_margin_change": 0.022195753899648004
    },
    {
      "date": "2024-09-30T00:00:00",
      "quarter_label": "2024-09 (Q3)",
      "revenue": 18139725,
      "gross_profit": 7579242,
      "operating_income": -319716,
      "net_income": 4432240,
      "opex": 7898958,
      "cogs": 10560483,
      "rd": 692767,
      "sga": 6399511,
      "fcf": -2740895,
      "ocf": -1872883,
      "capex": -868012,
      "gross_margin": 0.41782562855831606,
      "op_margin": -0.01762518450527778,
      "fcf_margin": -0.15109903816072184,
      "incr_op_margin_yoy": -0.19482737863298427,
      "rev_growth_yoy": 0.09309805376786186,
      "rev_growth_yoy_accel": 0.09606761142311836,
      "op_leverage_ratio": null,
      "fcf_margin_change": -0.19207116761002588
    },
    {
      "date": "2024-12-31T00:00:00",
      "quarter_label": "2024-12 (Q4)",
      "revenue": 13739899,
      "gross_profit": 5701936,
      "operating_income": -2281436,
      "net_income": -28754367,
      "opex": 7983372,
      "cogs": 8037963,
      "rd": 890083,
      "sga": 6755566,
      "fcf": -2126245,
      "ocf": -1201817,
      "capex": -924428,
      "gross_margin": 0.4149911145635059,
      "op_margin": -0.16604459756218004,
      "fcf_margin": -0.15474968192997635,
      "incr_op_margin_yoy": 0.49169302675648696,
      "rev_growth_yoy": -0.18593649333701304,
      "rev_growth_yoy_accel": -0.2790345471048749,
      "fcf_margin_change": -0.0036506437692545024
    },
    {
      "date": "2025-03-31T00:00:00",
      "quarter_label": "2025-03 (Q1)",
      "revenue": 27250269,
      "gross_profit": 12165455,
      "operating_income": 4616824,
      "net_income": 8382942,
      "opex": 7548631,
      "cogs": 15084814,
      "rd": 777889,
      "sga": 6460440,
      "fcf": 2366814,
      "ocf": 2802349,
      "capex": -435535,
      "gross_margin": 0.44643430859343075,
      "op_margin": 0.16942306147509956,
      "fcf_margin": 0.08685470224165494,
      "incr_op_margin_yoy": 0.5598203846442765,
      "rev_growth_yoy": 0.5880484941515228,
      "rev_growth_yoy_accel": 0.7739849874885358,
      "op_leverage_ratio": null,
      "fcf_margin_change": 0.24160438417163127
    },
    {
      "date": "2025-06-30T00:00:00",
      "quarter_label": "2025-06 (Q2)",
      "revenue": 16965658,
      "gross_profit": 7370506,
      "operating_income": -642401,
      "net_income": -4543335,
      "opex": 8012907,
      "cogs": 9595152,
      "rd": 386565,
      "sga": 7313437,
      "fcf": 1734470,
      "ocf": 1810250,
      "capex": -75780,
      "gross_margin": 0.4344367898963895,
      "op_margin": -0.037864785438914306,
      "fcf_margin": 0.10223417211404356,
      "incr_op_margin_yoy": 1.1131310162070145,
      "rev_growth_yoy": 0.1551953038450953,
      "rev_growth_yoy_accel": -0.43285319030642755,
      "fcf_margin_change": 0.015379469872388626
    },
    {
      "date": "2025-09-30T00:00:00",
      "quarter_label": "2025-09 (Q3)",
      "revenue": 18532262,
      "gross_profit": 7050629,
      "operating_income": -1183161,
      "net_income": -3197608,
      "opex": 8233790,
      "cogs": 11481633,
      "rd": 298603,
      "sga": 7659042,
      "fcf": -3747258,
      "ocf": -3251467,
      "capex": -495791,
      "gross_margin": 0.38045161459513144,
      "op_margin": -0.06384331281308239,
      "fcf_margin": -0.20220186828785391,
      "rev_growth_yoy": 0.021639633456405762,
      "rev_growth_yoy_accel": -0.13355567038868954,
      "op_leverage_ratio": 3.3497803684601726,
      "fcf_margin_change": -0.3044360404018975
    },
    {
      "date": "2025-12-31T00:00:00",
      "quarter_label": "2025-12 (Q4)",
      "revenue": 16133311,
      "gross_profit": 5621866,
      "operating_income": -2806160,
      "net_income": -20556147,
      "opex": 8428026,
      "cogs": 10511445,
      "rd": 501435,
      "sga": 7603290,
      "fcf": -1075498,
      "ocf": -891914,
      "capex": -183584,
      "gross_margin": 0.3484632509718557,
      "op_margin": -0.17393577796894885,
      "fcf_margin": -0.06666319145524437,
      "incr_op_margin_yoy": -0.21923680502980683,
      "rev_growth_yoy": 0.17419429356795127,
      "rev_growth_yoy_accel": 0.1525546601115455,
      "fcf_margin_change": 0.13553867683260956
    }
  ],
  "signals": [
    {
      "quarter": "2025-12 (Q4)",
      "signal": "FCF MARGIN EXPANSION",
      "detail": "FCF margin: -20.2% -> -6.7% (+13.6%)",
      "severity": "MEDIUM"
    },
    {
      "quarter": "2025-12 (Q4)",
      "signal": "YoY REVENUE GROWTH ACCELERATION",
      "detail": "YoY growth: +17.4% vs prior quarter YoY: +2.2% (accel: +15.3%)",
      "severity": "HIGH"
    },
    {
      "quarter": "2025-09 (Q3)",
      "signal": "OPERATING LEVERAGE",
      "detail": "Rev growth +9.2% vs OpEx growth +2.8% (leverage: 3.3x)",
      "severity": "MEDIUM"
    },
    {
      "quarter": "2025-09 (Q3)",
      "signal": "YoY REVENUE GROWTH DECELERATION",
      "detail": "YoY growth: +2.2% vs prior quarter YoY: +15.5% (decel: -13.4%)",
      "severity": "WARNING"
    },
    {
      "quarter": "2025-06 (Q2)",
      "signal": "YoY REVENUE GROWTH DECELERATION",
      "detail": "YoY growth: +15.5% vs prior quarter YoY: +58.8% (decel: -43.3%)",
      "severity": "WARNING"
    },
    {
      "quarter": "2025-03 (Q1)",
      "signal": "FCF TURNED POSITIVE",
      "detail": "FCF margin: -15.5% -> +8.7%",
      "severity": "HIGH"
    },
    {
      "quarter": "2025-03 (Q1)",
      "signal": "GROSS MARGIN INFLECTION",
      "detail": "GM: +41.8% -> +41.5% -> +44.6% (reversal +3.1%)",
      "severity": "MEDIUM"
    },
    {
      "quarter": "2025-03 (Q1)",
      "signal": "YoY REVENUE GROWTH ACCELERATION",
      "detail": "YoY growth: +58.8% vs prior quarter YoY: -18.6% (accel: +77.4%)",
      "severity": "HIGH"
    },
    {
      "quarter": "2025-03 (Q1)",
      "signal": "OP MARGIN TURNED POSITIVE (YoY)",
      "detail": "Op margin: -6.0% (year-ago) -> +16.9%",
      "severity": "HIGH"
    },
    {
      "quarter": "2025-03 (Q1)",
      "signal": "OP MARGIN TURNED POSITIVE (QoQ)",
      "detail": "Op margin: -16.6% -> +16.9%",
      "severity": "HIGH"
    },
    {
      "quarter": "2024-12 (Q4)",
      "signal": "YoY REVENUE GROWTH DECELERATION",
      "detail": "YoY growth: -18.6% vs prior quarter YoY: +9.3% (decel: -27.9%)",
      "severity": "WARNING"
    },
    {
      "quarter": "2024-09 (Q3)",
      "signal": "YoY REVENUE GROWTH ACCELERATION",
      "detail": "YoY growth: +9.3% vs prior quarter YoY: -0.3% (accel: +9.6%)",
      "severity": "MEDIUM"
    },
    {
      "quarter": "2024-06 (Q2)",
      "signal": "YoY REVENUE GROWTH DECELERATION",
      "detail": "YoY growth: -0.3% vs prior quarter YoY: +6.8% (decel: -7.1%)",
      "severity": "WARNING"
    },
    {
      "quarter": "2024-03 (Q1)",
      "signal": "FCF TURNED POSITIVE",
      "detail": "FCF margin: -20.3% -> +1.9%",
      "severity": "HIGH"
    },
    {
      "quarter": "2024-03 (Q1)",
      "signal": "YoY REVENUE GROWTH DECELERATION",
      "detail": "YoY growth: +6.8% vs prior quarter YoY: +41.0% (decel: -34.2%)",
      "severity": "WARNING"
    },
    {
      "quarter": "2023-12 (Q4)",
      "signal": "YoY REVENUE GROWTH ACCELERATION",
      "detail": "YoY growth: +41.0% vs prior quarter YoY: +25.3% (accel: +15.7%)",
      "severity": "HIGH"
    },
    {
      "quarter": "2023-09 (Q3)",
      "signal": "OPERATING LEVERAGE",
      "detail": "Rev growth +12.7% vs OpEx growth +6.5% (leverage: 1.9x)",
      "severity": "MEDIUM"
    },
    {
      "quarter": "2023-09 (Q3)",
      "signal": "YoY REVENUE GROWTH ACCELERATION",
      "detail": "YoY growth: +25.3% vs prior quarter YoY: +8.1% (accel: +17.2%)",
      "severity": "HIGH"
    },
    {
      "quarter": "2023-06 (Q2)",
      "signal": "YoY REVENUE GROWTH DECELERATION",
      "detail": "YoY growth: +8.1% vs prior quarter YoY: +26.3% (decel: -18.2%)",
      "severity": "WARNING"
    },
    {
      "quarter": "2023-06 (Q2)",
      "signal": "OP MARGIN TURNED POSITIVE (YoY)",
      "detail": "Op margin: -15.6% (year-ago) -> +0.4%",
      "severity": "HIGH"
    },
    {
      "quarter": "2023-03 (Q1)",
      "signal": "FCF TURNED POSITIVE",
      "detail": "FCF margin: -32.9% -> +4.9%",
      "severity": "HIGH"
    },
    {
      "quarter": "2023-03 (Q1)",
      "signal": "YoY REVENUE GROWTH ACCELERATION",
      "detail": "YoY growth: +26.3% vs prior quarter YoY: +12.2% (accel: +14.1%)",
      "severity": "MEDIUM"
    },
    {
      "quarter": "2023-03 (Q1)",
      "signal": "OP MARGIN TURNED POSITIVE (YoY)",
      "detail": "Op margin: -30.0% (year-ago) -> +2.5%",
      "severity": "HIGH"
    },
    {
      "quarter": "2023-03 (Q1)",
      "signal": "OP MARGIN TURNED POSITIVE (QoQ)",
      "detail": "Op margin: -16.3% -> +2.5%",
      "severity": "HIGH"
    },
    {
      "quarter": "2022-12 (Q4)",
      "signal": "FCF MARGIN EXPANSION",
      "detail": "FCF margin: -49.2% -> -32.9% (+16.2%)",
      "severity": "MEDIUM"
    },
    {
      "quarter": "2022-12 (Q4)",
      "signal": "GROSS MARGIN INFLECTION",
      "detail": "GM: +43.1% -> +39.7% -> +42.1% (reversal +2.4%)",
      "severity": "MEDIUM"
    },
    {
      "quarter": "2022-12 (Q4)",
      "signal": "YoY REVENUE GROWTH ACCELERATION",
      "detail": "YoY growth: +12.2% vs prior quarter YoY: -10.0% (accel: +22.1%)",
      "severity": "HIGH"
    },
    {
      "quarter": "2022-09 (Q3)",
      "signal": "YoY REVENUE GROWTH DECELERATION",
      "detail": "YoY growth: -10.0% vs prior quarter YoY: +32.0% (decel: -42.0%)",
      "severity": "WARNING"
    },
    {
      "quarter": "2022-06 (Q2)",
      "signal": "OPERATING LEVERAGE",
      "detail": "Rev growth +7.1% vs OpEx growth +1.6% (leverage: 4.5x)",
      "severity": "MEDIUM"
    },
    {
      "quarter": "2022-06 (Q2)",
      "signal": "GROSS MARGIN INFLECTION",
      "detail": "GM: +36.3% -> +31.8% -> +43.1% (reversal +11.3%)",
      "severity": "HIGH"
    },
    {
      "quarter": "2022-06 (Q2)",
      "signal": "YoY REVENUE GROWTH DECELERATION",
      "detail": "YoY growth: +32.0% vs prior quarter YoY: +37.4% (decel: -5.4%)",
      "severity": "WARNING"
    },
    {
      "quarter": "2022-03 (Q1)",
      "signal": "FCF MARGIN EXPANSION",
      "detail": "FCF margin: -43.6% -> -27.6% (+16.0%)",
      "severity": "MEDIUM"
    },
    {
      "quarter": "2021-12 (Q4)",
      "signal": "GROSS MARGIN INFLECTION",
      "detail": "GM: +40.0% -> +33.4% -> +36.3% (reversal +2.9%)",
      "severity": "MEDIUM"
    },
    {
      "quarter": "2021-09 (Q3)",
      "signal": "FCF MARGIN EXPANSION",
      "detail": "FCF margin: -33.8% -> -26.0% (+7.8%)",
      "severity": "MEDIUM"
    },
    {
      "quarter": "2021-09 (Q3)",
      "signal": "OPERATING LEVERAGE",
      "detail": "Rev growth +42.4% vs OpEx growth +14.2% (leverage: 3.0x)",
      "severity": "MEDIUM"
    }
  ],
  "data_quality": {
    "n_quarters": 20,
    "coverage": {
      "revenue": [
        20,
        20
      ],
      "gross_profit": [
        20,
        20
      ],
      "op_income": [
        20,
        20
      ],
      "fcf": [
        20,
        20
      ]
    },
    "gaps": [],
    "warnings": []
  },
  "market_cap": null,
  "source": "SEC EDGAR",
  "last_updated": "2026-02-24T10:33:52.424167"
}