{
  "ticker": "CEVA",
  "name": "Ceva, Inc.",
  "quarters": [
    {
      "date": "2020-12-31T00:00:00",
      "quarter_label": "2020-12 (Q4)",
      "revenue": 28145000,
      "gross_profit": 25655000,
      "operating_income": 2407000,
      "net_income": 635000,
      "opex": 23248000,
      "cogs": 2490000,
      "rd": 16315000,
      "sga": null,
      "fcf": 6429000,
      "ocf": 6823000,
      "capex": -394000,
      "gross_margin": 0.9115295789660686,
      "op_margin": 0.08552140699946705,
      "fcf_margin": 0.228424231657488
    },
    {
      "date": "2021-03-31T00:00:00",
      "quarter_label": "2021-03 (Q1)",
      "revenue": 25402000,
      "gross_profit": 23021000,
      "operating_income": -1330000,
      "net_income": -3630000,
      "opex": 24351000,
      "cogs": 2381000,
      "rd": 17593000,
      "sga": null,
      "fcf": 14136000,
      "ocf": 15193000,
      "capex": -1057000,
      "gross_margin": 0.9062672230533029,
      "op_margin": -0.05235808204078419,
      "fcf_margin": 0.5564916148334776,
      "fcf_margin_change": 0.3280673831759896
    },
    {
      "date": "2021-06-30T00:00:00",
      "quarter_label": "2021-06 (Q2)",
      "revenue": 30457000,
      "gross_profit": 26764000,
      "operating_income": 1588000,
      "net_income": 315000,
      "opex": 25176000,
      "cogs": 3693000,
      "rd": 17457000,
      "sga": null,
      "fcf": -6965000,
      "ocf": -6762000,
      "capex": -203000,
      "gross_margin": 0.8787470860557507,
      "op_margin": 0.05213908132777358,
      "fcf_margin": -0.2286830613652034,
      "op_leverage_ratio": 5.873758687576497,
      "fcf_margin_change": -0.7851746761986811
    },
    {
      "date": "2021-09-30T00:00:00",
      "quarter_label": "2021-09 (Q3)",
      "revenue": 32790000,
      "gross_profit": 27960000,
      "operating_income": 1694000,
      "net_income": -167000,
      "opex": 26266000,
      "cogs": 4830000,
      "rd": 18760000,
      "sga": null,
      "fcf": 6159000,
      "ocf": 6405000,
      "capex": -246000,
      "gross_margin": 0.8526989935956084,
      "op_margin": 0.05166209210125038,
      "fcf_margin": 0.1878316559926807,
      "op_leverage_ratio": 1.7692444725049272,
      "fcf_margin_change": 0.4165147173578841
    },
    {
      "date": "2021-12-31T00:00:00",
      "quarter_label": "2021-12 (Q4)",
      "revenue": 34057000,
      "gross_profit": 28134000,
      "operating_income": 1556000,
      "net_income": 3878000,
      "opex": 26578000,
      "cogs": 5923000,
      "rd": 18694000,
      "sga": null,
      "fcf": 10281000,
      "ocf": 10968000,
      "capex": -687000,
      "gross_margin": 0.8260856798895968,
      "op_margin": 0.04568811110784861,
      "fcf_margin": 0.30187626625950614,
      "incr_op_margin_yoy": -0.1439445196211096,
      "rev_growth_yoy": 0.21005507194883638,
      "op_leverage_ratio": 3.2529286993376654,
      "fcf_margin_change": 0.11404461026682544
    },
    {
      "date": "2022-03-31T00:00:00",
      "quarter_label": "2022-03 (Q1)",
      "revenue": 34391000,
      "gross_profit": 27987000,
      "operating_income": 468000,
      "net_income": -1696000,
      "opex": 27519000,
      "cogs": 6404000,
      "rd": 20210000,
      "sga": null,
      "fcf": 8915000,
      "ocf": 9824000,
      "capex": -909000,
      "gross_margin": 0.8137884911750167,
      "op_margin": 0.013608211450670234,
      "fcf_margin": 0.2592247971853101,
      "incr_op_margin_yoy": 0.20002224941595284,
      "rev_growth_yoy": 0.35386977403354064,
      "rev_growth_yoy_accel": 0.14381470208470426,
      "fcf_margin_change": -0.042651469074196036
    },
    {
      "date": "2022-06-30T00:00:00",
      "quarter_label": "2022-06 (Q2)",
      "revenue": 33195000,
      "gross_profit": 26370000,
      "operating_income": -276000,
      "net_income": -1123000,
      "opex": 26646000,
      "cogs": 6825000,
      "rd": 19538000,
      "sga": null,
      "fcf": -9307000,
      "ocf": -8113000,
      "capex": -1194000,
      "gross_margin": 0.7943967464979665,
      "op_margin": -0.008314505196565748,
      "fcf_margin": -0.2803735502334689,
      "incr_op_margin_yoy": -0.6807888970051132,
      "rev_growth_yoy": 0.08989723216337787,
      "rev_growth_yoy_accel": -0.2639725418701628,
      "fcf_margin_change": -0.539598347418779
    },
    {
      "date": "2022-09-30T00:00:00",
      "quarter_label": "2022-09 (Q3)",
      "revenue": 33660000,
      "gross_profit": 25712000,
      "operating_income": -4031000,
      "net_income": -22304000,
      "opex": 29743000,
      "cogs": 7948000,
      "rd": 18469000,
      "sga": null,
      "fcf": 996000,
      "ocf": 1817000,
      "capex": -821000,
      "gross_margin": 0.7638740344622698,
      "op_margin": -0.11975638740344623,
      "fcf_margin": 0.029590017825311943,
      "rev_growth_yoy": 0.026532479414455627,
      "rev_growth_yoy_accel": -0.06336475274892225,
      "op_leverage_ratio": 0.12052332322827172,
      "fcf_margin_change": 0.30996356805878084
    },
    {
      "date": "2022-12-31T00:00:00",
      "quarter_label": "2022-12 (Q4)",
      "revenue": 33402000,
      "gross_profit": 27527000,
      "operating_income": -1570000,
      "net_income": 1940000,
      "opex": 29097000,
      "cogs": 5875000,
      "rd": 20284000,
      "sga": null,
      "fcf": 2821000,
      "ocf": 3396000,
      "capex": -575000,
      "gross_margin": 0.8241123286030777,
      "op_margin": -0.04700317346266691,
      "fcf_margin": 0.084456020597569,
      "rev_growth_yoy": -0.019232463223419562,
      "rev_growth_yoy_accel": -0.045764942637875186,
      "fcf_margin_change": 0.05486600277225706
    },
    {
      "date": "2023-03-31T00:00:00",
      "quarter_label": "2023-03 (Q1)",
      "revenue": 28735000,
      "gross_profit": 23420000,
      "operating_income": -4793000,
      "net_income": -4872000,
      "opex": 28213000,
      "cogs": 5315000,
      "rd": 20791000,
      "sga": null,
      "fcf": -5181000,
      "ocf": -5076000,
      "capex": -105000,
      "gross_margin": 0.8150339307464765,
      "op_margin": -0.16680006960153124,
      "fcf_margin": -0.18030276666086653,
      "incr_op_margin_yoy": 0.9301626591230552,
      "rev_growth_yoy": -0.16446163240382658,
      "rev_growth_yoy_accel": -0.14522916918040701,
      "fcf_margin_change": -0.26475878725843555
    },
    {
      "date": "2023-06-30T00:00:00",
      "quarter_label": "2023-06 (Q2)",
      "revenue": 26172000,
      "gross_profit": 20600000,
      "operating_income": -6274000,
      "net_income": -5818000,
      "opex": 26874000,
      "cogs": 5572000,
      "rd": 19594000,
      "sga": null,
      "fcf": -5913000,
      "ocf": -4787000,
      "capex": -1126000,
      "gross_margin": 0.7871007183249275,
      "op_margin": -0.23972184013449488,
      "fcf_margin": -0.22592847317744155,
      "incr_op_margin_yoy": 0.8540509753666524,
      "rev_growth_yoy": -0.21156800723000452,
      "rev_growth_yoy_accel": -0.04710637482617794,
      "fcf_margin_change": -0.04562570651657502
    },
    {
      "date": "2023-09-30T00:00:00",
      "quarter_label": "2023-09 (Q3)",
      "revenue": 24073000,
      "gross_profit": 21716000,
      "operating_income": -2717000,
      "net_income": -4957000,
      "opex": 24433000,
      "cogs": 2357000,
      "rd": 17814000,
      "sga": null,
      "fcf": -2173000,
      "ocf": -1281000,
      "capex": -892000,
      "gross_margin": 0.902089477838242,
      "op_margin": -0.11286503551696922,
      "fcf_margin": -0.09026710422465002,
      "incr_op_margin_yoy": -0.1370606028997601,
      "rev_growth_yoy": -0.2848187759952466,
      "rev_growth_yoy_accel": -0.07325076876524206,
      "fcf_margin_change": 0.13566136895279152
    },
    {
      "date": "2023-12-31T00:00:00",
      "quarter_label": "2023-12 (Q4)",
      "revenue": 24162000,
      "gross_profit": 21903000,
      "operating_income": -2787000,
      "net_income": 3769000,
      "opex": 24690000,
      "cogs": 2259000,
      "rd": 18145000,
      "sga": null,
      "fcf": 4052000,
      "ocf": 4813000,
      "capex": -761000,
      "gross_margin": 0.9065060839334492,
      "op_margin": -0.11534641172088403,
      "fcf_margin": 0.16770134922605745,
      "incr_op_margin_yoy": 0.13170995670995672,
      "rev_growth_yoy": -0.2766301419076702,
      "rev_growth_yoy_accel": 0.008188634087576363,
      "fcf_margin_change": 0.25796845345070746
    },
    {
      "date": "2024-03-31T00:00:00",
      "quarter_label": "2024-03 (Q1)",
      "revenue": 22072000,
      "gross_profit": 19569000,
      "operating_income": -4960000,
      "net_income": -5448000,
      "opex": 24529000,
      "cogs": 2503000,
      "rd": 17991000,
      "sga": null,
      "fcf": -8254000,
      "ocf": -7350000,
      "capex": -904000,
      "gross_margin": 0.8865984052192823,
      "op_margin": -0.2247191011235955,
      "fcf_margin": -0.3739579557810801,
      "incr_op_margin_yoy": 0.025063785081794986,
      "rev_growth_yoy": -0.2318775013050287,
      "rev_growth_yoy_accel": 0.0447526406026415,
      "fcf_margin_change": -0.5416593050071375
    },
    {
      "date": "2024-06-30T00:00:00",
      "quarter_label": "2024-06 (Q2)",
      "revenue": 28437000,
      "gross_profit": 25504000,
      "operating_income": -35000,
      "net_income": -291000,
      "opex": 25539000,
      "cogs": 2933000,
      "rd": 18758000,
      "sga": null,
      "fcf": 1772000,
      "ocf": 2380000,
      "capex": -608000,
      "gross_margin": 0.896859725006154,
      "op_margin": -0.0012307908710482822,
      "fcf_margin": 0.0623131835285016,
      "incr_op_margin_yoy": 2.7545253863134658,
      "rev_growth_yoy": 0.08654287024300779,
      "rev_growth_yoy_accel": 0.3184203715480365,
      "op_leverage_ratio": 7.003500918685561,
      "fcf_margin_change": 0.4362711393095817
    },
    {
      "date": "2024-09-30T00:00:00",
      "quarter_label": "2024-09 (Q3)",
      "revenue": 27207000,
      "gross_profit": 23246000,
      "operating_income": -2624000,
      "net_income": -1311000,
      "opex": 25870000,
      "cogs": 3961000,
      "rd": 17990000,
      "sga": null,
      "fcf": -15000,
      "ocf": 399000,
      "capex": -414000,
      "gross_margin": 0.8544124673797184,
      "op_margin": -0.09644576763332965,
      "fcf_margin": -0.0005513287021722351,
      "incr_op_margin_yoy": 0.029674537332482452,
      "rev_growth_yoy": 0.1301873468200889,
      "rev_growth_yoy_accel": 0.04364447657708111,
      "fcf_margin_change": -0.06286451223067384
    },
    {
      "date": "2024-12-31T00:00:00",
      "quarter_label": "2024-12 (Q4)",
      "revenue": 29223000,
      "gross_profit": 25852000,
      "operating_income": 74000,
      "net_income": -1736000,
      "opex": 25778000,
      "cogs": 3371000,
      "rd": 16877000,
      "sga": null,
      "fcf": 7013000,
      "ocf": 8042000,
      "capex": -1029000,
      "gross_margin": 0.8846456558190466,
      "op_margin": 0.002532251993292954,
      "fcf_margin": 0.23998220579680388,
      "incr_op_margin_yoy": 0.5653032997431338,
      "rev_growth_yoy": 0.20946113732306929,
      "rev_growth_yoy_accel": 0.07927379050298039,
      "op_leverage_ratio": Infinity,
      "fcf_margin_change": 0.2405335344989761
    },
    {
      "date": "2025-03-31T00:00:00",
      "quarter_label": "2025-03 (Q1)",
      "revenue": 24245000,
      "gross_profit": 20758000,
      "operating_income": -4382000,
      "net_income": -3327000,
      "opex": 25140000,
      "cogs": 3487000,
      "rd": 17609000,
      "sga": null,
      "fcf": -7715000,
      "ocf": -7404000,
      "capex": -311000,
      "gross_margin": 0.8561765312435554,
      "op_margin": -0.1807382965559909,
      "fcf_margin": -0.3182099401938544,
      "incr_op_margin_yoy": 0.2659917165209388,
      "rev_growth_yoy": 0.09845052555273649,
      "rev_growth_yoy_accel": -0.11101061177033279,
      "fcf_margin_change": -0.5581921459906583
    },
    {
      "date": "2025-06-30T00:00:00",
      "quarter_label": "2025-06 (Q2)",
      "revenue": 25678000,
      "gross_profit": 22129000,
      "operating_income": -4482000,
      "net_income": -3704000,
      "opex": 26611000,
      "cogs": 3549000,
      "rd": 18758000,
      "sga": null,
      "fcf": 492000,
      "ocf": 1183000,
      "capex": -691000,
      "gross_margin": 0.8617883012695693,
      "op_margin": -0.17454630422930134,
      "fcf_margin": 0.019160370745385156,
      "incr_op_margin_yoy": 1.6118158753171439,
      "rev_growth_yoy": -0.09702148609206315,
      "rev_growth_yoy_accel": -0.19547201164479966,
      "op_leverage_ratio": 1.010128448835316,
      "fcf_margin_change": 0.3373703109392396
    },
    {
      "date": "2025-09-30T00:00:00",
      "quarter_label": "2025-09 (Q3)",
      "revenue": 28384000,
      "gross_profit": 24992000,
      "operating_income": -2084000,
      "net_income": -2509000,
      "opex": 27076000,
      "cogs": 3392000,
      "rd": 19532000,
      "sga": null,
      "fcf": -6285000,
      "ocf": -5859000,
      "capex": -426000,
      "gross_margin": 0.8804960541149943,
      "op_margin": -0.07342164599774521,
      "fcf_margin": -0.22142756482525366,
      "incr_op_margin_yoy": 0.45879354290569246,
      "rev_growth_yoy": 0.043260925497114716,
      "rev_growth_yoy_accel": 0.14028241158917787,
      "op_leverage_ratio": 6.030798801032137,
      "fcf_margin_change": -0.24058793557063882
    }
  ],
  "signals": [
    {
      "quarter": "2025-09 (Q3)",
      "signal": "OPERATING LEVERAGE",
      "detail": "Rev growth +10.5% vs OpEx growth +1.7% (leverage: 6.0x)",
      "severity": "MEDIUM"
    },
    {
      "quarter": "2025-09 (Q3)",
      "signal": "YoY REVENUE GROWTH ACCELERATION",
      "detail": "YoY growth: +4.3% vs prior quarter YoY: -9.7% (accel: +14.0%)",
      "severity": "MEDIUM"
    },
    {
      "quarter": "2025-06 (Q2)",
      "signal": "FCF TURNED POSITIVE",
      "detail": "FCF margin: -31.8% -> +1.9%",
      "severity": "HIGH"
    },
    {
      "quarter": "2025-06 (Q2)",
      "signal": "YoY REVENUE GROWTH DECELERATION",
      "detail": "YoY growth: -9.7% vs prior quarter YoY: +9.8% (decel: -19.5%)",
      "severity": "WARNING"
    },
    {
      "quarter": "2025-03 (Q1)",
      "signal": "YoY REVENUE GROWTH DECELERATION",
      "detail": "YoY growth: +9.8% vs prior quarter YoY: +20.9% (decel: -11.1%)",
      "severity": "WARNING"
    },
    {
      "quarter": "2024-12 (Q4)",
      "signal": "FCF TURNED POSITIVE",
      "detail": "FCF margin: -0.1% -> +24.0%",
      "severity": "HIGH"
    },
    {
      "quarter": "2024-12 (Q4)",
      "signal": "GROSS MARGIN INFLECTION",
      "detail": "GM: +89.7% -> +85.4% -> +88.5% (reversal +3.0%)",
      "severity": "MEDIUM"
    },
    {
      "quarter": "2024-12 (Q4)",
      "signal": "YoY REVENUE GROWTH ACCELERATION",
      "detail": "YoY growth: +20.9% vs prior quarter YoY: +13.0% (accel: +7.9%)",
      "severity": "MEDIUM"
    },
    {
      "quarter": "2024-12 (Q4)",
      "signal": "OP MARGIN TURNED POSITIVE (YoY)",
      "detail": "Op margin: -11.5% (year-ago) -> +0.3%",
      "severity": "HIGH"
    },
    {
      "quarter": "2024-12 (Q4)",
      "signal": "OP MARGIN TURNED POSITIVE (QoQ)",
      "detail": "Op margin: -9.6% -> +0.3%",
      "severity": "HIGH"
    },
    {
      "quarter": "2024-06 (Q2)",
      "signal": "FCF TURNED POSITIVE",
      "detail": "FCF margin: -37.4% -> +6.2%",
      "severity": "HIGH"
    },
    {
      "quarter": "2024-06 (Q2)",
      "signal": "OPERATING LEVERAGE",
      "detail": "Rev growth +28.8% vs OpEx growth +4.1% (leverage: 7.0x)",
      "severity": "MEDIUM"
    },
    {
      "quarter": "2024-06 (Q2)",
      "signal": "YoY REVENUE GROWTH ACCELERATION",
      "detail": "YoY growth: +8.7% vs prior quarter YoY: -23.2% (accel: +31.8%)",
      "severity": "HIGH"
    },
    {
      "quarter": "2023-12 (Q4)",
      "signal": "FCF TURNED POSITIVE",
      "detail": "FCF margin: -9.0% -> +16.8%",
      "severity": "HIGH"
    },
    {
      "quarter": "2023-09 (Q3)",
      "signal": "FCF MARGIN EXPANSION",
      "detail": "FCF margin: -22.6% -> -9.0% (+13.6%)",
      "severity": "MEDIUM"
    },
    {
      "quarter": "2023-09 (Q3)",
      "signal": "GROSS MARGIN INFLECTION",
      "detail": "GM: +81.5% -> +78.7% -> +90.2% (reversal +11.5%)",
      "severity": "HIGH"
    },
    {
      "quarter": "2023-09 (Q3)",
      "signal": "YoY REVENUE GROWTH DECELERATION",
      "detail": "YoY growth: -28.5% vs prior quarter YoY: -21.2% (decel: -7.3%)",
      "severity": "WARNING"
    },
    {
      "quarter": "2023-03 (Q1)",
      "signal": "YoY REVENUE GROWTH DECELERATION",
      "detail": "YoY growth: -16.4% vs prior quarter YoY: -1.9% (decel: -14.5%)",
      "severity": "WARNING"
    },
    {
      "quarter": "2022-12 (Q4)",
      "signal": "FCF MARGIN EXPANSION",
      "detail": "FCF margin: +3.0% -> +8.4% (+5.5%)",
      "severity": "MEDIUM"
    },
    {
      "quarter": "2022-12 (Q4)",
      "signal": "GROSS MARGIN INFLECTION",
      "detail": "GM: +79.4% -> +76.4% -> +82.4% (reversal +6.0%)",
      "severity": "HIGH"
    },
    {
      "quarter": "2022-09 (Q3)",
      "signal": "FCF TURNED POSITIVE",
      "detail": "FCF margin: -28.0% -> +3.0%",
      "severity": "HIGH"
    },
    {
      "quarter": "2022-09 (Q3)",
      "signal": "YoY REVENUE GROWTH DECELERATION",
      "detail": "YoY growth: +2.7% vs prior quarter YoY: +9.0% (decel: -6.3%)",
      "severity": "WARNING"
    },
    {
      "quarter": "2022-06 (Q2)",
      "signal": "YoY REVENUE GROWTH DECELERATION",
      "detail": "YoY growth: +9.0% vs prior quarter YoY: +35.4% (decel: -26.4%)",
      "severity": "WARNING"
    },
    {
      "quarter": "2022-03 (Q1)",
      "signal": "YoY REVENUE GROWTH ACCELERATION",
      "detail": "YoY growth: +35.4% vs prior quarter YoY: +21.0% (accel: +14.4%)",
      "severity": "MEDIUM"
    },
    {
      "quarter": "2022-03 (Q1)",
      "signal": "OP MARGIN TURNED POSITIVE (YoY)",
      "detail": "Op margin: -5.2% (year-ago) -> +1.4%",
      "severity": "HIGH"
    },
    {
      "quarter": "2021-12 (Q4)",
      "signal": "FCF MARGIN EXPANSION",
      "detail": "FCF margin: +18.8% -> +30.2% (+11.4%)",
      "severity": "MEDIUM"
    },
    {
      "quarter": "2021-12 (Q4)",
      "signal": "OPERATING LEVERAGE",
      "detail": "Rev growth +3.9% vs OpEx growth +1.2% (leverage: 3.3x)",
      "severity": "MEDIUM"
    },
    {
      "quarter": "2021-09 (Q3)",
      "signal": "FCF TURNED POSITIVE",
      "detail": "FCF margin: -22.9% -> +18.8%",
      "severity": "HIGH"
    },
    {
      "quarter": "2021-09 (Q3)",
      "signal": "OPERATING LEVERAGE",
      "detail": "Rev growth +7.7% vs OpEx growth +4.3% (leverage: 1.8x)",
      "severity": "MEDIUM"
    },
    {
      "quarter": "2021-06 (Q2)",
      "signal": "OPERATING LEVERAGE",
      "detail": "Rev growth +19.9% vs OpEx growth +3.4% (leverage: 5.9x)",
      "severity": "MEDIUM"
    },
    {
      "quarter": "2021-06 (Q2)",
      "signal": "OP MARGIN TURNED POSITIVE (QoQ)",
      "detail": "Op margin: -5.2% -> +5.2%",
      "severity": "HIGH"
    },
    {
      "quarter": "2021-03 (Q1)",
      "signal": "FCF MARGIN EXPANSION",
      "detail": "FCF margin: +22.8% -> +55.6% (+32.8%)",
      "severity": "MEDIUM"
    }
  ],
  "data_quality": {
    "n_quarters": 20,
    "coverage": {
      "revenue": [
        20,
        20
      ],
      "gross_profit": [
        20,
        20
      ],
      "op_income": [
        20,
        20
      ],
      "fcf": [
        20,
        20
      ]
    },
    "gaps": [],
    "warnings": []
  },
  "market_cap": null,
  "source": "SEC EDGAR",
  "last_updated": "2026-02-02T22:18:38.223231",
  "sector": "Technology",
  "industry": "Semiconductors"
}