{
  "ticker": "CF",
  "name": "CF Industries Holdings, Inc.",
  "quarters": [
    {
      "date": "2020-12-31T00:00:00",
      "quarter_label": "2020-12 (Q4)",
      "revenue": 1102000000,
      "gross_profit": 180000000,
      "operating_income": 156000000,
      "net_income": null,
      "opex": 24000000,
      "cogs": 922000000,
      "rd": null,
      "sga": 52000000,
      "fcf": 187000000,
      "ocf": 290000000,
      "capex": -103000000,
      "gross_margin": 0.16333938294010888,
      "op_margin": 0.14156079854809436,
      "fcf_margin": 0.16969147005444646
    },
    {
      "date": "2021-03-31T00:00:00",
      "quarter_label": "2021-03 (Q1)",
      "revenue": 1048000000,
      "gross_profit": 289000000,
      "operating_income": 247000000,
      "net_income": null,
      "opex": 42000000,
      "cogs": 759000000,
      "rd": null,
      "sga": 55000000,
      "fcf": 507000000,
      "ocf": 578000000,
      "capex": -71000000,
      "gross_margin": 0.27576335877862596,
      "op_margin": 0.23568702290076335,
      "fcf_margin": 0.48377862595419846,
      "fcf_margin_change": 0.314087155899752
    },
    {
      "date": "2021-06-30T00:00:00",
      "quarter_label": "2021-06 (Q2)",
      "revenue": 1588000000,
      "gross_profit": 503000000,
      "operating_income": 450000000,
      "net_income": null,
      "opex": 53000000,
      "cogs": 1085000000,
      "rd": null,
      "sga": 60000000,
      "fcf": 18000000,
      "ocf": 128000000,
      "capex": -110000000,
      "gross_margin": 0.3167506297229219,
      "op_margin": 0.28337531486146095,
      "fcf_margin": 0.011335012594458438,
      "op_leverage_ratio": 1.967383761276891,
      "fcf_margin_change": -0.47244361335974
    },
    {
      "date": "2021-09-30T00:00:00",
      "quarter_label": "2021-09 (Q3)",
      "revenue": 1362000000,
      "gross_profit": 440000000,
      "operating_income": -97000000,
      "net_income": null,
      "opex": 537000000,
      "cogs": 922000000,
      "rd": null,
      "sga": 52000000,
      "fcf": 486000000,
      "ocf": 687000000,
      "capex": -201000000,
      "gross_margin": 0.32305433186490456,
      "op_margin": -0.07121879588839941,
      "fcf_margin": 0.3568281938325991,
      "fcf_margin_change": 0.34549318123814066
    },
    {
      "date": "2021-12-31T00:00:00",
      "quarter_label": "2021-12 (Q4)",
      "revenue": 2540000000,
      "gross_profit": 1155000000,
      "operating_income": 1129000000,
      "net_income": null,
      "opex": 26000000,
      "cogs": 1385000000,
      "rd": null,
      "sga": 56000000,
      "fcf": 1348000000,
      "ocf": 1480000000,
      "capex": -132000000,
      "gross_margin": 0.4547244094488189,
      "op_margin": 0.44448818897637793,
      "fcf_margin": 0.5307086614173229,
      "incr_op_margin_yoy": 0.6766342141863699,
      "rev_growth_yoy": 1.3049001814882033,
      "op_leverage_ratio": Infinity,
      "fcf_margin_change": 0.17388046758472375
    },
    {
      "date": "2022-03-31T00:00:00",
      "quarter_label": "2022-03 (Q1)",
      "revenue": 2868000000,
      "gross_profit": 1698000000,
      "operating_income": 1658000000,
      "net_income": null,
      "opex": 40000000,
      "cogs": 1170000000,
      "rd": null,
      "sga": 64000000,
      "fcf": 1328000000,
      "ocf": 1391000000,
      "capex": -63000000,
      "gross_margin": 0.5920502092050209,
      "op_margin": 0.5781032078103208,
      "fcf_margin": 0.4630404463040446,
      "incr_op_margin_yoy": 0.7752747252747253,
      "rev_growth_yoy": 1.7366412213740459,
      "rev_growth_yoy_accel": 0.43174103988584256,
      "op_leverage_ratio": 0.23982002249718787,
      "fcf_margin_change": -0.06766821511327825
    },
    {
      "date": "2022-06-30T00:00:00",
      "quarter_label": "2022-06 (Q2)",
      "revenue": 3389000000,
      "gross_profit": 1991000000,
      "operating_income": 1778000000,
      "net_income": null,
      "opex": 213000000,
      "cogs": 1398000000,
      "rd": null,
      "sga": 73000000,
      "fcf": 823000000,
      "ocf": 889000000,
      "capex": -66000000,
      "gross_margin": 0.5874889347890233,
      "op_margin": 0.5246385364414281,
      "fcf_margin": 0.24284449690174092,
      "incr_op_margin_yoy": 0.7373681288173237,
      "rev_growth_yoy": 1.1341309823677581,
      "rev_growth_yoy_accel": -0.6025102390062878,
      "op_leverage_ratio": 0.04200224119444377,
      "fcf_margin_change": -0.2201959494023037
    },
    {
      "date": "2022-09-30T00:00:00",
      "quarter_label": "2022-09 (Q3)",
      "revenue": 2321000000,
      "gross_profit": 916000000,
      "operating_income": 750000000,
      "net_income": null,
      "opex": 166000000,
      "cogs": 1405000000,
      "rd": null,
      "sga": 66000000,
      "fcf": 800000000,
      "ocf": 990000000,
      "capex": -190000000,
      "gross_margin": 0.3946574752261956,
      "op_margin": 0.32313657906074966,
      "fcf_margin": 0.34467901766479964,
      "incr_op_margin_yoy": 0.8832116788321168,
      "rev_growth_yoy": 0.7041116005873715,
      "rev_growth_yoy_accel": -0.43001938178038657,
      "fcf_margin_change": 0.10183452076305871
    },
    {
      "date": "2022-12-31T00:00:00",
      "quarter_label": "2022-12 (Q4)",
      "revenue": 2608000000,
      "gross_profit": 1256000000,
      "operating_income": 1211000000,
      "net_income": null,
      "opex": 45000000,
      "cogs": 1352000000,
      "rd": null,
      "sga": 87000000,
      "fcf": 451000000,
      "ocf": 585000000,
      "capex": -134000000,
      "gross_margin": 0.4815950920245399,
      "op_margin": 0.464340490797546,
      "fcf_margin": 0.17292944785276074,
      "incr_op_margin_yoy": 1.2058823529411764,
      "rev_growth_yoy": 0.026771653543307086,
      "rev_growth_yoy_accel": -0.6773399470440644,
      "op_leverage_ratio": Infinity,
      "fcf_margin_change": -0.1717495698120389
    },
    {
      "date": "2023-03-31T00:00:00",
      "quarter_label": "2023-03 (Q1)",
      "revenue": 2012000000,
      "gross_profit": 863000000,
      "operating_income": 826000000,
      "net_income": null,
      "opex": 37000000,
      "cogs": 1149000000,
      "rd": null,
      "sga": 74000000,
      "fcf": 878000000,
      "ocf": 947000000,
      "capex": -69000000,
      "gross_margin": 0.4289264413518887,
      "op_margin": 0.4105367793240557,
      "fcf_margin": 0.4363817097415507,
      "incr_op_margin_yoy": 0.9719626168224299,
      "rev_growth_yoy": -0.298465829846583,
      "rev_growth_yoy_accel": -0.32523748338989006,
      "fcf_margin_change": 0.26345226188879
    },
    {
      "date": "2023-06-30T00:00:00",
      "quarter_label": "2023-06 (Q2)",
      "revenue": 1775000000,
      "gross_profit": 804000000,
      "operating_income": 734000000,
      "net_income": null,
      "opex": 70000000,
      "cogs": 971000000,
      "rd": null,
      "sga": 71000000,
      "fcf": 617000000,
      "ocf": 712000000,
      "capex": -95000000,
      "gross_margin": 0.4529577464788732,
      "op_margin": 0.4135211267605634,
      "fcf_margin": 0.3476056338028169,
      "incr_op_margin_yoy": 0.6468401486988847,
      "rev_growth_yoy": -0.476246680436707,
      "rev_growth_yoy_accel": -0.177780850590124,
      "fcf_margin_change": -0.08877607593873382
    },
    {
      "date": "2023-09-30T00:00:00",
      "quarter_label": "2023-09 (Q3)",
      "revenue": 1273000000,
      "gross_profit": 377000000,
      "operating_income": 244000000,
      "net_income": null,
      "opex": 133000000,
      "cogs": 896000000,
      "rd": null,
      "sga": 68000000,
      "fcf": 471000000,
      "ocf": 618000000,
      "capex": -147000000,
      "gross_margin": 0.29615082482325217,
      "op_margin": 0.19167321288295366,
      "fcf_margin": 0.3699921445404556,
      "incr_op_margin_yoy": 0.48282442748091603,
      "rev_growth_yoy": -0.4515295131408876,
      "rev_growth_yoy_accel": 0.02471716729581941,
      "fcf_margin_change": 0.0223865107376387
    },
    {
      "date": "2023-12-31T00:00:00",
      "quarter_label": "2023-12 (Q4)",
      "revenue": 1571000000,
      "gross_profit": 501000000,
      "operating_income": 426000000,
      "net_income": null,
      "opex": 75000000,
      "cogs": 1070000000,
      "rd": null,
      "sga": 76000000,
      "fcf": 292000000,
      "ocf": 480000000,
      "capex": -188000000,
      "gross_margin": 0.31890515595162316,
      "op_margin": 0.27116486314449395,
      "fcf_margin": 0.18586887332908975,
      "incr_op_margin_yoy": 0.7569913211186113,
      "rev_growth_yoy": -0.3976226993865031,
      "rev_growth_yoy_accel": 0.0539068137543845,
      "op_leverage_ratio": Infinity,
      "fcf_margin_change": -0.18412327121136585
    },
    {
      "date": "2024-03-31T00:00:00",
      "quarter_label": "2024-03 (Q1)",
      "revenue": 1470000000,
      "gross_profit": 409000000,
      "operating_income": 303000000,
      "net_income": null,
      "opex": 106000000,
      "cogs": 1061000000,
      "rd": null,
      "sga": 88000000,
      "fcf": 347000000,
      "ocf": 445000000,
      "capex": -98000000,
      "gross_margin": 0.2782312925170068,
      "op_margin": 0.20612244897959184,
      "fcf_margin": 0.23605442176870747,
      "incr_op_margin_yoy": 0.9649446494464945,
      "rev_growth_yoy": -0.26938369781312127,
      "rev_growth_yoy_accel": 0.1282390015733818,
      "fcf_margin_change": 0.05018554843961773
    },
    {
      "date": "2024-06-30T00:00:00",
      "quarter_label": "2024-06 (Q2)",
      "revenue": 1572000000,
      "gross_profit": 679000000,
      "operating_income": 638000000,
      "net_income": null,
      "opex": 41000000,
      "cogs": 893000000,
      "rd": null,
      "sga": 76000000,
      "fcf": 391000000,
      "ocf": 475000000,
      "capex": -84000000,
      "gross_margin": 0.43193384223918574,
      "op_margin": 0.405852417302799,
      "fcf_margin": 0.24872773536895673,
      "incr_op_margin_yoy": 0.4729064039408867,
      "rev_growth_yoy": -0.1143661971830986,
      "rev_growth_yoy_accel": 0.15501750063002268,
      "op_leverage_ratio": Infinity,
      "fcf_margin_change": 0.012673313600249259
    },
    {
      "date": "2024-09-30T00:00:00",
      "quarter_label": "2024-09 (Q3)",
      "revenue": 1370000000,
      "gross_profit": 444000000,
      "operating_income": 364000000,
      "net_income": null,
      "opex": 80000000,
      "cogs": 926000000,
      "rd": null,
      "sga": 78000000,
      "fcf": 792000000,
      "ocf": 931000000,
      "capex": -139000000,
      "gross_margin": 0.32408759124087594,
      "op_margin": 0.2656934306569343,
      "fcf_margin": 0.5781021897810219,
      "incr_op_margin_yoy": 1.2371134020618557,
      "rev_growth_yoy": 0.07619795758051846,
      "rev_growth_yoy_accel": 0.19056415476361704,
      "fcf_margin_change": 0.32937445441206514
    },
    {
      "date": "2024-12-31T00:00:00",
      "quarter_label": "2024-12 (Q4)",
      "revenue": 1524000000,
      "gross_profit": 524000000,
      "operating_income": 441000000,
      "net_income": null,
      "opex": 83000000,
      "cogs": 1000000000,
      "rd": null,
      "sga": 78000000,
      "fcf": 223000000,
      "ocf": 420000000,
      "capex": -197000000,
      "gross_margin": 0.3438320209973753,
      "op_margin": 0.28937007874015747,
      "fcf_margin": 0.1463254593175853,
      "incr_op_margin_yoy": -0.3191489361702128,
      "rev_growth_yoy": -0.02991725015913431,
      "rev_growth_yoy_accel": -0.10611520773965277,
      "op_leverage_ratio": 2.997566909975669,
      "fcf_margin_change": -0.43177673046343656
    },
    {
      "date": "2025-03-31T00:00:00",
      "quarter_label": "2025-03 (Q1)",
      "revenue": 1663000000,
      "gross_profit": 572000000,
      "operating_income": 455000000,
      "net_income": null,
      "opex": 117000000,
      "cogs": 1091000000,
      "rd": null,
      "sga": 84000000,
      "fcf": 454000000,
      "ocf": 586000000,
      "capex": -132000000,
      "gross_margin": 0.343956704750451,
      "op_margin": 0.2736019242333133,
      "fcf_margin": 0.27300060132291043,
      "incr_op_margin_yoy": 0.7875647668393783,
      "rev_growth_yoy": 0.13129251700680272,
      "rev_growth_yoy_accel": 0.16120976716593705,
      "op_leverage_ratio": 0.22265323452215532,
      "fcf_margin_change": 0.12667514200532512
    },
    {
      "date": "2025-06-30T00:00:00",
      "quarter_label": "2025-06 (Q2)",
      "revenue": 1890000000,
      "gross_profit": 755000000,
      "operating_income": 648000000,
      "net_income": null,
      "opex": 107000000,
      "cogs": 1135000000,
      "rd": null,
      "sga": 101000000,
      "fcf": 318000000,
      "ocf": 563000000,
      "capex": -245000000,
      "gross_margin": 0.3994708994708995,
      "op_margin": 0.34285714285714286,
      "fcf_margin": 0.16825396825396827,
      "incr_op_margin_yoy": 0.031446540880503145,
      "rev_growth_yoy": 0.20229007633587787,
      "rev_growth_yoy_accel": 0.07099755932907514,
      "op_leverage_ratio": Infinity,
      "fcf_margin_change": -0.10474663306894216
    },
    {
      "date": "2025-09-30T00:00:00",
      "quarter_label": "2025-09 (Q3)",
      "revenue": 1659000000,
      "gross_profit": 632000000,
      "operating_income": 580000000,
      "net_income": null,
      "opex": 52000000,
      "cogs": 1027000000,
      "rd": null,
      "sga": 88000000,
      "fcf": 717000000,
      "ocf": 1064000000,
      "capex": -347000000,
      "gross_margin": 0.38095238095238093,
      "op_margin": 0.34960819770946355,
      "fcf_margin": 0.4321880650994575,
      "incr_op_margin_yoy": 0.7474048442906575,
      "rev_growth_yoy": 0.21094890510948905,
      "rev_growth_yoy_accel": 0.008658828773611182,
      "fcf_margin_change": 0.26393409684548924
    }
  ],
  "signals": [
    {
      "quarter": "2025-09 (Q3)",
      "signal": "FCF MARGIN EXPANSION",
      "detail": "FCF margin: +16.8% -> +43.2% (+26.4%)",
      "severity": "MEDIUM"
    },
    {
      "quarter": "2025-09 (Q3)",
      "signal": "INCREMENTAL MARGIN (YoY)",
      "detail": "YoY Incr OPM: +74.7% vs year-ago OPM: +26.6%",
      "severity": "HIGH"
    },
    {
      "quarter": "2025-06 (Q2)",
      "signal": "YoY REVENUE GROWTH ACCELERATION",
      "detail": "YoY growth: +20.2% vs prior quarter YoY: +13.1% (accel: +7.1%)",
      "severity": "MEDIUM"
    },
    {
      "quarter": "2025-03 (Q1)",
      "signal": "FCF MARGIN EXPANSION",
      "detail": "FCF margin: +14.6% -> +27.3% (+12.7%)",
      "severity": "MEDIUM"
    },
    {
      "quarter": "2025-03 (Q1)",
      "signal": "YoY REVENUE GROWTH ACCELERATION",
      "detail": "YoY growth: +13.1% vs prior quarter YoY: -3.0% (accel: +16.1%)",
      "severity": "HIGH"
    },
    {
      "quarter": "2025-03 (Q1)",
      "signal": "INCREMENTAL MARGIN (YoY)",
      "detail": "YoY Incr OPM: +78.8% vs year-ago OPM: +20.6%",
      "severity": "HIGH"
    },
    {
      "quarter": "2024-12 (Q4)",
      "signal": "OPERATING LEVERAGE",
      "detail": "Rev growth +11.2% vs OpEx growth +3.8% (leverage: 3.0x)",
      "severity": "MEDIUM"
    },
    {
      "quarter": "2024-12 (Q4)",
      "signal": "YoY REVENUE GROWTH DECELERATION",
      "detail": "YoY growth: -3.0% vs prior quarter YoY: +7.6% (decel: -10.6%)",
      "severity": "WARNING"
    },
    {
      "quarter": "2024-09 (Q3)",
      "signal": "FCF MARGIN EXPANSION",
      "detail": "FCF margin: +24.9% -> +57.8% (+32.9%)",
      "severity": "MEDIUM"
    },
    {
      "quarter": "2024-09 (Q3)",
      "signal": "YoY REVENUE GROWTH ACCELERATION",
      "detail": "YoY growth: +7.6% vs prior quarter YoY: -11.4% (accel: +19.1%)",
      "severity": "HIGH"
    },
    {
      "quarter": "2024-09 (Q3)",
      "signal": "INCREMENTAL MARGIN (YoY)",
      "detail": "YoY Incr OPM: +123.7% vs year-ago OPM: +19.2%",
      "severity": "HIGH"
    },
    {
      "quarter": "2024-06 (Q2)",
      "signal": "GROSS MARGIN INFLECTION",
      "detail": "GM: +31.9% -> +27.8% -> +43.2% (reversal +15.4%)",
      "severity": "HIGH"
    },
    {
      "quarter": "2024-06 (Q2)",
      "signal": "YoY REVENUE GROWTH ACCELERATION",
      "detail": "YoY growth: -11.4% vs prior quarter YoY: -26.9% (accel: +15.5%)",
      "severity": "HIGH"
    },
    {
      "quarter": "2024-03 (Q1)",
      "signal": "FCF MARGIN EXPANSION",
      "detail": "FCF margin: +18.6% -> +23.6% (+5.0%)",
      "severity": "MEDIUM"
    },
    {
      "quarter": "2024-03 (Q1)",
      "signal": "YoY REVENUE GROWTH ACCELERATION",
      "detail": "YoY growth: -26.9% vs prior quarter YoY: -39.8% (accel: +12.8%)",
      "severity": "MEDIUM"
    },
    {
      "quarter": "2024-03 (Q1)",
      "signal": "INCREMENTAL MARGIN (YoY)",
      "detail": "YoY Incr OPM: +96.5% vs year-ago OPM: +41.1%",
      "severity": "HIGH"
    },
    {
      "quarter": "2023-12 (Q4)",
      "signal": "GROSS MARGIN INFLECTION",
      "detail": "GM: +45.3% -> +29.6% -> +31.9% (reversal +2.3%)",
      "severity": "MEDIUM"
    },
    {
      "quarter": "2023-12 (Q4)",
      "signal": "YoY REVENUE GROWTH ACCELERATION",
      "detail": "YoY growth: -39.8% vs prior quarter YoY: -45.2% (accel: +5.4%)",
      "severity": "MEDIUM"
    },
    {
      "quarter": "2023-12 (Q4)",
      "signal": "INCREMENTAL MARGIN (YoY)",
      "detail": "YoY Incr OPM: +75.7% vs year-ago OPM: +46.4%",
      "severity": "HIGH"
    },
    {
      "quarter": "2023-09 (Q3)",
      "signal": "INCREMENTAL MARGIN (YoY)",
      "detail": "YoY Incr OPM: +48.3% vs year-ago OPM: +32.3%",
      "severity": "MEDIUM"
    },
    {
      "quarter": "2023-06 (Q2)",
      "signal": "GROSS MARGIN INFLECTION",
      "detail": "GM: +48.2% -> +42.9% -> +45.3% (reversal +2.4%)",
      "severity": "MEDIUM"
    },
    {
      "quarter": "2023-06 (Q2)",
      "signal": "YoY REVENUE GROWTH DECELERATION",
      "detail": "YoY growth: -47.6% vs prior quarter YoY: -29.8% (decel: -17.8%)",
      "severity": "WARNING"
    },
    {
      "quarter": "2023-06 (Q2)",
      "signal": "INCREMENTAL MARGIN (YoY)",
      "detail": "YoY Incr OPM: +64.7% vs year-ago OPM: +52.5%",
      "severity": "MEDIUM"
    },
    {
      "quarter": "2023-03 (Q1)",
      "signal": "FCF MARGIN EXPANSION",
      "detail": "FCF margin: +17.3% -> +43.6% (+26.3%)",
      "severity": "MEDIUM"
    },
    {
      "quarter": "2023-03 (Q1)",
      "signal": "YoY REVENUE GROWTH DECELERATION",
      "detail": "YoY growth: -29.8% vs prior quarter YoY: +2.7% (decel: -32.5%)",
      "severity": "WARNING"
    },
    {
      "quarter": "2023-03 (Q1)",
      "signal": "INCREMENTAL MARGIN (YoY)",
      "detail": "YoY Incr OPM: +97.2% vs year-ago OPM: +57.8%",
      "severity": "HIGH"
    },
    {
      "quarter": "2022-12 (Q4)",
      "signal": "GROSS MARGIN INFLECTION",
      "detail": "GM: +58.7% -> +39.5% -> +48.2% (reversal +8.7%)",
      "severity": "HIGH"
    },
    {
      "quarter": "2022-12 (Q4)",
      "signal": "YoY REVENUE GROWTH DECELERATION",
      "detail": "YoY growth: +2.7% vs prior quarter YoY: +70.4% (decel: -67.7%)",
      "severity": "WARNING"
    },
    {
      "quarter": "2022-12 (Q4)",
      "signal": "INCREMENTAL MARGIN (YoY)",
      "detail": "YoY Incr OPM: +120.6% vs year-ago OPM: +44.4%",
      "severity": "HIGH"
    },
    {
      "quarter": "2022-09 (Q3)",
      "signal": "FCF MARGIN EXPANSION",
      "detail": "FCF margin: +24.3% -> +34.5% (+10.2%)",
      "severity": "MEDIUM"
    },
    {
      "quarter": "2022-09 (Q3)",
      "signal": "YoY REVENUE GROWTH DECELERATION",
      "detail": "YoY growth: +70.4% vs prior quarter YoY: +113.4% (decel: -43.0%)",
      "severity": "WARNING"
    },
    {
      "quarter": "2022-09 (Q3)",
      "signal": "OP MARGIN TURNED POSITIVE (YoY)",
      "detail": "Op margin: -7.1% (year-ago) -> +32.3%",
      "severity": "HIGH"
    },
    {
      "quarter": "2022-06 (Q2)",
      "signal": "YoY REVENUE GROWTH DECELERATION",
      "detail": "YoY growth: +113.4% vs prior quarter YoY: +173.7% (decel: -60.3%)",
      "severity": "WARNING"
    },
    {
      "quarter": "2022-06 (Q2)",
      "signal": "INCREMENTAL MARGIN (YoY)",
      "detail": "YoY Incr OPM: +73.7% vs year-ago OPM: +28.3%",
      "severity": "HIGH"
    },
    {
      "quarter": "2022-03 (Q1)",
      "signal": "YoY REVENUE GROWTH ACCELERATION",
      "detail": "YoY growth: +173.7% vs prior quarter YoY: +130.5% (accel: +43.2%)",
      "severity": "HIGH"
    },
    {
      "quarter": "2022-03 (Q1)",
      "signal": "INCREMENTAL MARGIN (YoY)",
      "detail": "YoY Incr OPM: +77.5% vs year-ago OPM: +23.6%",
      "severity": "HIGH"
    },
    {
      "quarter": "2021-12 (Q4)",
      "signal": "FCF MARGIN EXPANSION",
      "detail": "FCF margin: +35.7% -> +53.1% (+17.4%)",
      "severity": "MEDIUM"
    },
    {
      "quarter": "2021-12 (Q4)",
      "signal": "INCREMENTAL MARGIN (YoY)",
      "detail": "YoY Incr OPM: +67.7% vs year-ago OPM: +14.2%",
      "severity": "HIGH"
    },
    {
      "quarter": "2021-12 (Q4)",
      "signal": "OP MARGIN TURNED POSITIVE (QoQ)",
      "detail": "Op margin: -7.1% -> +44.4%",
      "severity": "HIGH"
    },
    {
      "quarter": "2021-09 (Q3)",
      "signal": "FCF MARGIN EXPANSION",
      "detail": "FCF margin: +1.1% -> +35.7% (+34.5%)",
      "severity": "MEDIUM"
    },
    {
      "quarter": "2021-06 (Q2)",
      "signal": "OPERATING LEVERAGE",
      "detail": "Rev growth +51.5% vs OpEx growth +26.2% (leverage: 2.0x)",
      "severity": "MEDIUM"
    },
    {
      "quarter": "2021-03 (Q1)",
      "signal": "FCF MARGIN EXPANSION",
      "detail": "FCF margin: +17.0% -> +48.4% (+31.4%)",
      "severity": "MEDIUM"
    }
  ],
  "data_quality": {
    "n_quarters": 20,
    "coverage": {
      "revenue": [
        20,
        20
      ],
      "gross_profit": [
        20,
        20
      ],
      "op_income": [
        20,
        20
      ],
      "fcf": [
        20,
        20
      ]
    },
    "gaps": [],
    "warnings": []
  },
  "market_cap": null,
  "source": "SEC EDGAR",
  "last_updated": "2026-02-02T20:26:43.067336"
}