{
  "ticker": "CFLT",
  "name": "CONFLUENT, INC.",
  "quarters": [
    {
      "date": "2020-12-31T00:00:00",
      "quarter_label": "2020-12 (Q4)",
      "revenue": 70324000,
      "gross_profit": 49407000,
      "operating_income": -32301000,
      "net_income": -31756000,
      "opex": 81708000,
      "cogs": 20917000,
      "rd": 21861000,
      "sga": null,
      "fcf": -20742000,
      "ocf": -20395000,
      "capex": -347000,
      "gross_margin": 0.7025624253455435,
      "op_margin": -0.4593168761731415,
      "fcf_margin": -0.2949490927706046
    },
    {
      "date": "2021-03-31T00:00:00",
      "quarter_label": "2021-03 (Q1)",
      "revenue": 77028000,
      "gross_profit": 53190000,
      "operating_income": -45144000,
      "net_income": -44526000,
      "opex": 98334000,
      "cogs": 23838000,
      "rd": 24313000,
      "sga": null,
      "fcf": -20632000,
      "ocf": -19989000,
      "capex": -643000,
      "gross_margin": 0.6905281196448045,
      "op_margin": -0.5860725969777224,
      "fcf_margin": -0.2678506517110661,
      "op_leverage_ratio": 0.4684974640551704,
      "fcf_margin_change": 0.027098441059538514
    },
    {
      "date": "2021-06-30T00:00:00",
      "quarter_label": "2021-06 (Q2)",
      "revenue": 88338000,
      "gross_profit": 58329000,
      "operating_income": -86045000,
      "net_income": -88170000,
      "opex": 144374000,
      "cogs": 30009000,
      "rd": 33225000,
      "sga": null,
      "fcf": -44196000,
      "ocf": -43166000,
      "capex": -1030000,
      "gross_margin": 0.6602934184609115,
      "op_margin": -0.9740428807534697,
      "fcf_margin": -0.5003056442301161,
      "op_leverage_ratio": 0.3136045635317285,
      "fcf_margin_change": -0.23245499251905005
    },
    {
      "date": "2021-09-30T00:00:00",
      "quarter_label": "2021-09 (Q3)",
      "revenue": 102570000,
      "gross_profit": 65271000,
      "operating_income": -94751000,
      "net_income": -95666000,
      "opex": 160022000,
      "cogs": 37299000,
      "rd": 47701000,
      "sga": null,
      "fcf": -18592000,
      "ocf": -18029000,
      "capex": -563000,
      "gross_margin": 0.6363556595495758,
      "op_margin": -0.9237691332748367,
      "fcf_margin": -0.18126157745929608,
      "op_leverage_ratio": 1.4864439040400736,
      "fcf_margin_change": 0.3190440667708201
    },
    {
      "date": "2021-12-31T00:00:00",
      "quarter_label": "2021-12 (Q4)",
      "revenue": 119928000,
      "gross_profit": 73782000,
      "operating_income": -113680000,
      "net_income": -114439000,
      "opex": 187462000,
      "cogs": 46146000,
      "rd": 56686000,
      "sga": null,
      "fcf": -25240000,
      "ocf": -23876000,
      "capex": -1364000,
      "gross_margin": 0.6152191314788873,
      "op_margin": -0.9479020745780802,
      "fcf_margin": -0.2104596090987926,
      "incr_op_margin_yoy": -1.6405733408596082,
      "rev_growth_yoy": 0.7053637449519368,
      "op_leverage_ratio": 0.986904014352994,
      "fcf_margin_change": -0.029198031639496524
    },
    {
      "date": "2022-03-31T00:00:00",
      "quarter_label": "2022-03 (Q1)",
      "revenue": 126139000,
      "gross_profit": 80362000,
      "operating_income": -111482000,
      "net_income": -112987000,
      "opex": 191844000,
      "cogs": 45777000,
      "rd": 57661000,
      "sga": null,
      "fcf": -55918000,
      "ocf": -55031000,
      "capex": -887000,
      "gross_margin": 0.6370908283718755,
      "op_margin": -0.8838027889867527,
      "fcf_margin": -0.44330460840818464,
      "incr_op_margin_yoy": -1.3507768117122436,
      "rev_growth_yoy": 0.6375733499506673,
      "rev_growth_yoy_accel": -0.06779039500126949,
      "op_leverage_ratio": 2.2155513032450536,
      "fcf_margin_change": -0.23284499930939204
    },
    {
      "date": "2022-06-30T00:00:00",
      "quarter_label": "2022-06 (Q2)",
      "revenue": 139407000,
      "gross_profit": 89898000,
      "operating_income": -117307000,
      "net_income": -117631000,
      "opex": 207205000,
      "cogs": 49509000,
      "rd": 64472000,
      "sga": null,
      "fcf": -34656000,
      "ocf": -33472000,
      "capex": -1184000,
      "gross_margin": 0.6448600142030171,
      "op_margin": -0.841471375182021,
      "fcf_margin": -0.24859583808560545,
      "incr_op_margin_yoy": -0.6121521862578081,
      "rev_growth_yoy": 0.5781090810296815,
      "rev_growth_yoy_accel": -0.059464268920985774,
      "op_leverage_ratio": 1.3136655501018344,
      "fcf_margin_change": 0.1947087703225792
    },
    {
      "date": "2022-09-30T00:00:00",
      "quarter_label": "2022-09 (Q3)",
      "revenue": 151732000,
      "gross_profit": 98552000,
      "operating_income": -118900000,
      "net_income": -116049000,
      "opex": 217452000,
      "cogs": 53180000,
      "rd": 70099000,
      "sga": null,
      "fcf": -42796000,
      "ocf": -41752000,
      "capex": -1044000,
      "gross_margin": 0.6495136161126196,
      "op_margin": -0.7836184852239475,
      "fcf_margin": -0.28204993013998364,
      "incr_op_margin_yoy": -0.4912127252756194,
      "rev_growth_yoy": 0.479301940138442,
      "rev_growth_yoy_accel": -0.09880714089123949,
      "op_leverage_ratio": 1.787746108536215,
      "fcf_margin_change": -0.03345409205437819
    },
    {
      "date": "2022-12-31T00:00:00",
      "quarter_label": "2022-12 (Q4)",
      "revenue": 168666000,
      "gross_profit": 114717000,
      "operating_income": -114985000,
      "net_income": -105884000,
      "opex": 229702000,
      "cogs": 53949000,
      "rd": 71809000,
      "sga": null,
      "fcf": -28084000,
      "ocf": -27078000,
      "capex": -1006000,
      "gross_margin": 0.6801430045178044,
      "op_margin": -0.6817319436045202,
      "fcf_margin": -0.16650658698255724,
      "incr_op_margin_yoy": -0.026775821740736182,
      "rev_growth_yoy": 0.40639383630178105,
      "rev_growth_yoy_accel": -0.07290810383666096,
      "op_leverage_ratio": 1.9811150207374228,
      "fcf_margin_change": 0.1155433431574264
    },
    {
      "date": "2023-03-31T00:00:00",
      "quarter_label": "2023-03 (Q1)",
      "revenue": 174302000,
      "gross_profit": 116158000,
      "operating_income": -166093000,
      "net_income": -152555000,
      "opex": 282251000,
      "cogs": 58144000,
      "rd": 84890000,
      "sga": null,
      "fcf": -78318000,
      "ocf": -77772000,
      "capex": -546000,
      "gross_margin": 0.6664180560177164,
      "op_margin": -0.9529035811407787,
      "fcf_margin": -0.4493235877958945,
      "incr_op_margin_yoy": -1.1338787035691298,
      "rev_growth_yoy": 0.3818248123102292,
      "rev_growth_yoy_accel": -0.024569023991551864,
      "op_leverage_ratio": 0.1460641916614478,
      "fcf_margin_change": -0.28281700081333727
    },
    {
      "date": "2023-06-30T00:00:00",
      "quarter_label": "2023-06 (Q2)",
      "revenue": 189285000,
      "gross_profit": 131365000,
      "operating_income": -119368000,
      "net_income": -103425000,
      "opex": 250733000,
      "cogs": 57920000,
      "rd": 85677000,
      "sga": null,
      "fcf": -29869000,
      "ocf": -29060000,
      "capex": -809000,
      "gross_margin": 0.6940063924769527,
      "op_margin": -0.6306257759463243,
      "fcf_margin": -0.1577990860342869,
      "incr_op_margin_yoy": -0.04132082280765067,
      "rev_growth_yoy": 0.35778691170457727,
      "rev_growth_yoy_accel": -0.02403790060565192,
      "op_leverage_ratio": Infinity,
      "fcf_margin_change": 0.2915245017616076
    },
    {
      "date": "2023-09-30T00:00:00",
      "quarter_label": "2023-09 (Q3)",
      "revenue": 200181000,
      "gross_profit": 143632000,
      "operating_income": -108632000,
      "net_income": -92670000,
      "opex": 252264000,
      "cogs": 56549000,
      "rd": 91237000,
      "sga": null,
      "fcf": -9423000,
      "ocf": -9060000,
      "capex": -363000,
      "gross_margin": 0.7175106528591625,
      "op_margin": -0.5426688846593832,
      "fcf_margin": -0.047072399478471985,
      "incr_op_margin_yoy": 0.21193419884827344,
      "rev_growth_yoy": 0.3193064086679145,
      "rev_growth_yoy_accel": -0.03848050303666278,
      "op_leverage_ratio": 9.427297261358607,
      "fcf_margin_change": 0.11072668655581493
    },
    {
      "date": "2023-12-31T00:00:00",
      "quarter_label": "2023-12 (Q4)",
      "revenue": 213184000,
      "gross_profit": 156127000,
      "operating_income": -84680000,
      "net_income": -94096000,
      "opex": 240807000,
      "cogs": 57057000,
      "rd": 86948000,
      "sga": null,
      "fcf": 11119000,
      "ocf": 12235000,
      "capex": -1116000,
      "gross_margin": 0.7323579630741519,
      "op_margin": -0.39721555088561994,
      "fcf_margin": 0.052156822275592915,
      "incr_op_margin_yoy": 0.6807358821150995,
      "rev_growth_yoy": 0.2639417547104929,
      "rev_growth_yoy_accel": -0.05536465395742157,
      "op_leverage_ratio": Infinity,
      "fcf_margin_change": 0.0992292217540649
    },
    {
      "date": "2024-03-31T00:00:00",
      "quarter_label": "2024-03 (Q1)",
      "revenue": 217237000,
      "gross_profit": 156016000,
      "operating_income": -111351000,
      "net_income": -92967000,
      "opex": 267367000,
      "cogs": 61221000,
      "rd": 97571000,
      "sga": null,
      "fcf": -26140000,
      "ocf": -25954000,
      "capex": -186000,
      "gross_margin": 0.7181833665535797,
      "op_margin": -0.5125784281683139,
      "fcf_margin": -0.12032940981508675,
      "incr_op_margin_yoy": 1.274997088622336,
      "rev_growth_yoy": 0.246325343369554,
      "rev_growth_yoy_accel": -0.017616411340938914,
      "op_leverage_ratio": 0.17237053659935825,
      "fcf_margin_change": -0.17248623209067965
    },
    {
      "date": "2024-06-30T00:00:00",
      "quarter_label": "2024-06 (Q2)",
      "revenue": 234986000,
      "gross_profit": 170005000,
      "operating_income": -108349000,
      "net_income": -89900000,
      "opex": 278354000,
      "cogs": 64981000,
      "rd": 106060000,
      "sga": null,
      "fcf": 7485000,
      "ocf": 8590000,
      "capex": -1105000,
      "gross_margin": 0.7234686321738316,
      "op_margin": -0.4610870434834416,
      "fcf_margin": 0.031852961453022736,
      "incr_op_margin_yoy": 0.24111069779654712,
      "rev_growth_yoy": 0.2414401563779486,
      "rev_growth_yoy_accel": -0.004885186991605395,
      "op_leverage_ratio": 1.9882398374914798,
      "fcf_margin_change": 0.1521823712681095
    },
    {
      "date": "2024-09-30T00:00:00",
      "quarter_label": "2024-09 (Q3)",
      "revenue": 250199000,
      "gross_profit": 186496000,
      "operating_income": -93663000,
      "net_income": -74144000,
      "opex": 280159000,
      "cogs": 63703000,
      "rd": 102720000,
      "sga": null,
      "fcf": 15006000,
      "ocf": 15613000,
      "capex": -607000,
      "gross_margin": 0.7453906690274541,
      "op_margin": -0.37435401420469305,
      "fcf_margin": 0.05997625889791726,
      "incr_op_margin_yoy": 0.29927226198568513,
      "rev_growth_yoy": 0.24986387319475875,
      "rev_growth_yoy_accel": 0.008423716816810145,
      "op_leverage_ratio": 9.98373711566432,
      "fcf_margin_change": 0.028123297444894522
    },
    {
      "date": "2024-12-31T00:00:00",
      "quarter_label": "2024-12 (Q4)",
      "revenue": 261220000,
      "gross_profit": 193655000,
      "operating_income": -105784000,
      "net_income": -88054000,
      "opex": 299439000,
      "cogs": 67565000,
      "rd": 114886000,
      "sga": null,
      "fcf": 34542000,
      "ocf": 35211000,
      "capex": -669000,
      "gross_margin": 0.7413482887987137,
      "op_margin": -0.40496133527295003,
      "fcf_margin": 0.1322333665109869,
      "incr_op_margin_yoy": -0.4393371637938213,
      "rev_growth_yoy": 0.22532647853497448,
      "rev_growth_yoy_accel": -0.024537394659784273,
      "op_leverage_ratio": 0.6400781200156378,
      "fcf_margin_change": 0.07225710761306965
    },
    {
      "date": "2025-03-31T00:00:00",
      "quarter_label": "2025-03 (Q1)",
      "revenue": 271120000,
      "gross_profit": 202002000,
      "operating_income": -101178000,
      "net_income": -67574000,
      "opex": 303180000,
      "cogs": 69118000,
      "rd": 116801000,
      "sga": null,
      "fcf": -28183000,
      "ocf": -26754000,
      "capex": -1429000,
      "gross_margin": 0.7450649159043966,
      "op_margin": -0.373185305399823,
      "fcf_margin": -0.10395028031867808,
      "incr_op_margin_yoy": 0.18879795111630757,
      "rev_growth_yoy": 0.248037857271091,
      "rev_growth_yoy_accel": 0.022711378736116533,
      "op_leverage_ratio": 3.033537898505606,
      "fcf_margin_change": -0.23618364682966497
    },
    {
      "date": "2025-06-30T00:00:00",
      "quarter_label": "2025-06 (Q2)",
      "revenue": 282285000,
      "gross_profit": 208115000,
      "operating_income": -96438000,
      "net_income": -81950000,
      "opex": 304553000,
      "cogs": 74170000,
      "rd": 121221000,
      "sga": null,
      "fcf": 17196000,
      "ocf": 18115000,
      "capex": -919000,
      "gross_margin": 0.737251359441699,
      "op_margin": -0.34163345555024177,
      "fcf_margin": 0.06091715819118976,
      "incr_op_margin_yoy": 0.2518235057823633,
      "rev_growth_yoy": 0.2012843318325347,
      "rev_growth_yoy_accel": -0.04675352543855632,
      "op_leverage_ratio": 9.093418587663228,
      "fcf_margin_change": 0.16486743850986785
    },
    {
      "date": "2025-09-30T00:00:00",
      "quarter_label": "2025-09 (Q3)",
      "revenue": 298524000,
      "gross_profit": 221565000,
      "operating_income": -83312000,
      "net_income": -66504000,
      "opex": 304877000,
      "cogs": 76959000,
      "rd": 121758000,
      "sga": null,
      "fcf": 29994000,
      "ocf": 30801000,
      "capex": -807000,
      "gross_margin": 0.7422016320295856,
      "op_margin": -0.27907973898246036,
      "fcf_margin": 0.10047433372191181,
      "incr_op_margin_yoy": 0.21419555095706155,
      "rev_growth_yoy": 0.19314625558055787,
      "rev_growth_yoy_accel": -0.008138076251976822,
      "op_leverage_ratio": 54.074106514364594,
      "fcf_margin_change": 0.03955717553072205
    }
  ],
  "signals": [
    {
      "quarter": "2025-09 (Q3)",
      "signal": "OPERATING LEVERAGE",
      "detail": "Rev growth +5.8% vs OpEx growth +0.1% (leverage: 54.1x)",
      "severity": "MEDIUM"
    },
    {
      "quarter": "2025-06 (Q2)",
      "signal": "FCF TURNED POSITIVE",
      "detail": "FCF margin: -10.4% -> +6.1%",
      "severity": "HIGH"
    },
    {
      "quarter": "2025-06 (Q2)",
      "signal": "OPERATING LEVERAGE",
      "detail": "Rev growth +4.1% vs OpEx growth +0.5% (leverage: 9.1x)",
      "severity": "MEDIUM"
    },
    {
      "quarter": "2025-03 (Q1)",
      "signal": "OPERATING LEVERAGE",
      "detail": "Rev growth +3.8% vs OpEx growth +1.2% (leverage: 3.0x)",
      "severity": "MEDIUM"
    },
    {
      "quarter": "2024-12 (Q4)",
      "signal": "FCF MARGIN EXPANSION",
      "detail": "FCF margin: +6.0% -> +13.2% (+7.2%)",
      "severity": "MEDIUM"
    },
    {
      "quarter": "2024-09 (Q3)",
      "signal": "OPERATING LEVERAGE",
      "detail": "Rev growth +6.5% vs OpEx growth +0.6% (leverage: 10.0x)",
      "severity": "MEDIUM"
    },
    {
      "quarter": "2024-06 (Q2)",
      "signal": "FCF TURNED POSITIVE",
      "detail": "FCF margin: -12.0% -> +3.2%",
      "severity": "HIGH"
    },
    {
      "quarter": "2024-06 (Q2)",
      "signal": "OPERATING LEVERAGE",
      "detail": "Rev growth +8.2% vs OpEx growth +4.1% (leverage: 2.0x)",
      "severity": "MEDIUM"
    },
    {
      "quarter": "2023-12 (Q4)",
      "signal": "FCF TURNED POSITIVE",
      "detail": "FCF margin: -4.7% -> +5.2%",
      "severity": "HIGH"
    },
    {
      "quarter": "2023-12 (Q4)",
      "signal": "YoY REVENUE GROWTH DECELERATION",
      "detail": "YoY growth: +26.4% vs prior quarter YoY: +31.9% (decel: -5.5%)",
      "severity": "WARNING"
    },
    {
      "quarter": "2023-09 (Q3)",
      "signal": "FCF MARGIN EXPANSION",
      "detail": "FCF margin: -15.8% -> -4.7% (+11.1%)",
      "severity": "MEDIUM"
    },
    {
      "quarter": "2023-09 (Q3)",
      "signal": "OPERATING LEVERAGE",
      "detail": "Rev growth +5.8% vs OpEx growth +0.6% (leverage: 9.4x)",
      "severity": "MEDIUM"
    },
    {
      "quarter": "2023-06 (Q2)",
      "signal": "FCF MARGIN EXPANSION",
      "detail": "FCF margin: -44.9% -> -15.8% (+29.2%)",
      "severity": "MEDIUM"
    },
    {
      "quarter": "2023-06 (Q2)",
      "signal": "GROSS MARGIN INFLECTION",
      "detail": "GM: +68.0% -> +66.6% -> +69.4% (reversal +2.8%)",
      "severity": "MEDIUM"
    },
    {
      "quarter": "2022-12 (Q4)",
      "signal": "FCF MARGIN EXPANSION",
      "detail": "FCF margin: -28.2% -> -16.7% (+11.6%)",
      "severity": "MEDIUM"
    },
    {
      "quarter": "2022-12 (Q4)",
      "signal": "OPERATING LEVERAGE",
      "detail": "Rev growth +11.2% vs OpEx growth +5.6% (leverage: 2.0x)",
      "severity": "MEDIUM"
    },
    {
      "quarter": "2022-12 (Q4)",
      "signal": "YoY REVENUE GROWTH DECELERATION",
      "detail": "YoY growth: +40.6% vs prior quarter YoY: +47.9% (decel: -7.3%)",
      "severity": "WARNING"
    },
    {
      "quarter": "2022-09 (Q3)",
      "signal": "OPERATING LEVERAGE",
      "detail": "Rev growth +8.8% vs OpEx growth +4.9% (leverage: 1.8x)",
      "severity": "MEDIUM"
    },
    {
      "quarter": "2022-09 (Q3)",
      "signal": "YoY REVENUE GROWTH DECELERATION",
      "detail": "YoY growth: +47.9% vs prior quarter YoY: +57.8% (decel: -9.9%)",
      "severity": "WARNING"
    },
    {
      "quarter": "2022-06 (Q2)",
      "signal": "FCF MARGIN EXPANSION",
      "detail": "FCF margin: -44.3% -> -24.9% (+19.5%)",
      "severity": "MEDIUM"
    },
    {
      "quarter": "2022-06 (Q2)",
      "signal": "YoY REVENUE GROWTH DECELERATION",
      "detail": "YoY growth: +57.8% vs prior quarter YoY: +63.8% (decel: -5.9%)",
      "severity": "WARNING"
    },
    {
      "quarter": "2022-03 (Q1)",
      "signal": "OPERATING LEVERAGE",
      "detail": "Rev growth +5.2% vs OpEx growth +2.3% (leverage: 2.2x)",
      "severity": "MEDIUM"
    },
    {
      "quarter": "2022-03 (Q1)",
      "signal": "GROSS MARGIN INFLECTION",
      "detail": "GM: +63.6% -> +61.5% -> +63.7% (reversal +2.2%)",
      "severity": "MEDIUM"
    },
    {
      "quarter": "2022-03 (Q1)",
      "signal": "YoY REVENUE GROWTH DECELERATION",
      "detail": "YoY growth: +63.8% vs prior quarter YoY: +70.5% (decel: -6.8%)",
      "severity": "WARNING"
    },
    {
      "quarter": "2021-09 (Q3)",
      "signal": "FCF MARGIN EXPANSION",
      "detail": "FCF margin: -50.0% -> -18.1% (+31.9%)",
      "severity": "MEDIUM"
    }
  ],
  "data_quality": {
    "n_quarters": 20,
    "coverage": {
      "revenue": [
        20,
        20
      ],
      "gross_profit": [
        20,
        20
      ],
      "op_income": [
        20,
        20
      ],
      "fcf": [
        20,
        20
      ]
    },
    "gaps": [],
    "warnings": []
  },
  "market_cap": null,
  "source": "SEC EDGAR",
  "last_updated": "2026-02-02T20:35:45.789315"
}