{
  "ticker": "CGEH",
  "name": "CAPSTONE GREEN ENERGY HOLDINGS, INC.",
  "sector": "Industrials",
  "industry": "Specialty Industrial Machinery",
  "quarters": [
    {
      "date": "2021-03-31T00:00:00",
      "quarter_label": "2021-03 (Q1)",
      "revenue": 18135000,
      "gross_profit": -2890000,
      "operating_income": -8761000,
      "net_income": -5095000,
      "opex": 5871000,
      "cogs": 21025000,
      "rd": 714000,
      "sga": 5157000,
      "fcf": 3127000,
      "ocf": 5067000,
      "capex": -1940000,
      "gross_margin": -0.15936035290874,
      "op_margin": -0.4830989798731734,
      "fcf_margin": 0.1724290046870692
    },
    {
      "date": "2021-06-30T00:00:00",
      "quarter_label": "2021-06 (Q2)",
      "revenue": 16082000,
      "gross_profit": 2648000,
      "operating_income": -3559000,
      "net_income": -2182000,
      "opex": 6207000,
      "cogs": 13434000,
      "rd": 883000,
      "sga": 5324000,
      "fcf": -11341000,
      "ocf": -10141000,
      "capex": -1200000,
      "gross_margin": 0.16465613729635617,
      "op_margin": -0.22130332048252704,
      "fcf_margin": -0.7051983584131327,
      "fcf_margin_change": -0.877627363100202
    },
    {
      "date": "2021-09-30T00:00:00",
      "quarter_label": "2021-09 (Q3)",
      "revenue": 17196000,
      "gross_profit": 2710000,
      "operating_income": -4715000,
      "net_income": -5994000,
      "opex": 7425000,
      "cogs": 14486000,
      "rd": 987000,
      "sga": 6438000,
      "fcf": -10637000,
      "ocf": -9214000,
      "capex": -1423000,
      "gross_margin": 0.15759478948592695,
      "op_margin": -0.27419167248197257,
      "fcf_margin": -0.618574086996976,
      "op_leverage_ratio": 0.35300397041516907,
      "fcf_margin_change": 0.0866242714161567
    },
    {
      "date": "2021-12-31T00:00:00",
      "quarter_label": "2021-12 (Q4)",
      "revenue": 20609000,
      "gross_profit": 2217000,
      "operating_income": -3843000,
      "net_income": -5146000,
      "opex": 6060000,
      "cogs": 18392000,
      "rd": 767000,
      "sga": 5293000,
      "fcf": -6763000,
      "ocf": -3638000,
      "capex": -3125000,
      "gross_margin": 0.10757436071619196,
      "op_margin": -0.18647192973943422,
      "fcf_margin": -0.3281576010480858,
      "op_leverage_ratio": null,
      "fcf_margin_change": 0.29041648594889025
    },
    {
      "date": "2022-03-31T00:00:00",
      "quarter_label": "2022-03 (Q1)",
      "revenue": 16049000,
      "gross_profit": -185000,
      "operating_income": -6094000,
      "net_income": -7299000,
      "opex": 5909000,
      "cogs": 16234000,
      "rd": 722000,
      "sga": 5187000,
      "fcf": -8681000,
      "ocf": -4505000,
      "capex": -4176000,
      "gross_margin": -0.011527197956258957,
      "op_margin": -0.37971213159698425,
      "fcf_margin": -0.5409059754501838,
      "incr_op_margin_yoy": -1.278523489932886,
      "rev_growth_yoy": -0.11502619244554728,
      "fcf_margin_change": -0.21274837440209804
    },
    {
      "date": "2022-06-30T00:00:00",
      "quarter_label": "2022-06 (Q2)",
      "revenue": 18652000,
      "gross_profit": 4706000,
      "operating_income": -703000,
      "net_income": -2059000,
      "opex": 5409000,
      "cogs": 13946000,
      "rd": 490000,
      "sga": 4919000,
      "fcf": -5452000,
      "ocf": -3565000,
      "capex": -1887000,
      "gross_margin": 0.252305382800772,
      "op_margin": -0.037690328114947456,
      "fcf_margin": -0.29230109371649154,
      "incr_op_margin_yoy": 1.111284046692607,
      "rev_growth_yoy": 0.1598059942793185,
      "rev_growth_yoy_accel": 0.27483218672486576,
      "op_leverage_ratio": null,
      "fcf_margin_change": 0.24860488173369227
    },
    {
      "date": "2022-09-30T00:00:00",
      "quarter_label": "2022-09 (Q3)",
      "revenue": 20775000,
      "gross_profit": 2176000,
      "operating_income": -3534000,
      "net_income": -4918000,
      "opex": 5710000,
      "cogs": 18599000,
      "rd": 603000,
      "sga": 5107000,
      "fcf": -96000,
      "ocf": 581000,
      "capex": -677000,
      "gross_margin": 0.10474127557160048,
      "op_margin": -0.17010830324909748,
      "fcf_margin": -0.004620938628158845,
      "incr_op_margin_yoy": 0.3299804414640961,
      "rev_growth_yoy": 0.2081297976273552,
      "rev_growth_yoy_accel": 0.04832380334803671,
      "op_leverage_ratio": 2.045385030810872,
      "fcf_margin_change": 0.2876801550883327
    },
    {
      "date": "2022-12-31T00:00:00",
      "quarter_label": "2022-12 (Q4)",
      "revenue": 19606000,
      "gross_profit": 2669000,
      "operating_income": -3362000,
      "net_income": -5214000,
      "opex": 6031000,
      "cogs": 16937000,
      "rd": 634000,
      "sga": 5397000,
      "fcf": -6871000,
      "ocf": -5436000,
      "capex": -1435000,
      "gross_margin": 0.13613179638886055,
      "op_margin": -0.17147811894318066,
      "fcf_margin": -0.35045394267061103,
      "incr_op_margin_yoy": -0.4795613160518445,
      "rev_growth_yoy": -0.04866805764471833,
      "rev_growth_yoy_accel": -0.25679785527207355,
      "fcf_margin_change": -0.3458330040424522
    },
    {
      "date": "2023-03-31T00:00:00",
      "quarter_label": "2023-03 (Q1)",
      "revenue": 14849000,
      "gross_profit": -487000,
      "operating_income": -10862000,
      "net_income": -12331000,
      "opex": 10375000,
      "cogs": 15336000,
      "rd": 650000,
      "sga": 9725000,
      "fcf": -3747000,
      "ocf": 476000,
      "capex": -4223000,
      "gross_margin": -0.03279682133477002,
      "op_margin": -0.7314970705097986,
      "fcf_margin": -0.2523402249309718,
      "incr_op_margin_yoy": 3.973333333333333,
      "rev_growth_yoy": -0.07477101377032837,
      "rev_growth_yoy_accel": -0.02610295612561004,
      "fcf_margin_change": 0.09811371773963923
    },
    {
      "date": "2023-06-30T00:00:00",
      "quarter_label": "2023-06 (Q2)",
      "revenue": 23903000,
      "gross_profit": 3437000,
      "operating_income": -4032000,
      "net_income": -5679000,
      "opex": 7469000,
      "cogs": 20466000,
      "rd": 665000,
      "sga": 6804000,
      "fcf": -6992000,
      "ocf": -4802000,
      "capex": -2190000,
      "gross_margin": 0.14378948249173745,
      "op_margin": -0.16868175542818892,
      "fcf_margin": -0.2925155838179308,
      "incr_op_margin_yoy": -0.6339744810512283,
      "rev_growth_yoy": 0.28152476946171995,
      "rev_growth_yoy_accel": 0.3562957832320483,
      "op_leverage_ratio": null,
      "fcf_margin_change": -0.040175358886959
    },
    {
      "date": "2023-09-30T00:00:00",
      "quarter_label": "2023-09 (Q3)",
      "revenue": 28368000,
      "gross_profit": 5255000,
      "operating_income": -4558000,
      "net_income": -5887000,
      "opex": 9813000,
      "cogs": 23113000,
      "rd": 653000,
      "sga": 9160000,
      "fcf": -6278000,
      "ocf": -4551000,
      "capex": -1727000,
      "gross_margin": 0.18524393683023124,
      "op_margin": -0.16067399887196843,
      "fcf_margin": -0.22130569655950366,
      "incr_op_margin_yoy": -0.13486105623600686,
      "rev_growth_yoy": 0.3654873646209386,
      "rev_growth_yoy_accel": 0.08396259515921867,
      "op_leverage_ratio": 0.5952150500479826,
      "fcf_margin_change": 0.07120988725842714
    },
    {
      "date": "2023-12-31T00:00:00",
      "quarter_label": "2023-12 (Q4)",
      "revenue": 14600000,
      "gross_profit": 3018000,
      "operating_income": -7310000,
      "net_income": 24240000,
      "opex": 10328000,
      "cogs": 11582000,
      "rd": 579000,
      "sga": 9749000,
      "fcf": -13344000,
      "ocf": -12710000,
      "capex": -634000,
      "gross_margin": 0.20671232876712328,
      "op_margin": -0.5006849315068493,
      "fcf_margin": -0.913972602739726,
      "incr_op_margin_yoy": 0.7886536156612065,
      "rev_growth_yoy": -0.2553300010200959,
      "rev_growth_yoy_accel": -0.6208173656410345,
      "fcf_margin_change": -0.6926669061802224
    },
    {
      "date": "2024-03-31T00:00:00",
      "quarter_label": "2024-03 (Q1)",
      "revenue": 24348000,
      "gross_profit": 2574000,
      "operating_income": -4454000,
      "net_income": -5282000,
      "opex": 7028000,
      "cogs": 21774000,
      "rd": 566000,
      "sga": 6462000,
      "fcf": -5718000,
      "ocf": -5595000,
      "capex": -123000,
      "gross_margin": 0.10571710202069985,
      "op_margin": -0.1829308362083128,
      "fcf_margin": -0.23484475110892064,
      "incr_op_margin_yoy": 0.6745973260343194,
      "rev_growth_yoy": 0.6397063775338406,
      "rev_growth_yoy_accel": 0.8950363785539366,
      "op_leverage_ratio": null,
      "fcf_margin_change": 0.6791278516308054
    },
    {
      "date": "2024-06-30T00:00:00",
      "quarter_label": "2024-06 (Q2)",
      "revenue": 15643000,
      "gross_profit": 3787000,
      "operating_income": -3544000,
      "net_income": -3937000,
      "opex": 7331000,
      "cogs": 11856000,
      "rd": 548000,
      "sga": 6783000,
      "fcf": 1943000,
      "ocf": 2092000,
      "capex": -149000,
      "gross_margin": 0.24208911334143068,
      "op_margin": -0.22655500863005817,
      "fcf_margin": 0.12420891133414307,
      "incr_op_margin_yoy": -0.05907990314769976,
      "rev_growth_yoy": -0.34556331841191484,
      "rev_growth_yoy_accel": -0.9852696959457554,
      "fcf_margin_change": 0.3590536624430637
    },
    {
      "date": "2024-09-30T00:00:00",
      "quarter_label": "2024-09 (Q3)",
      "revenue": 22722000,
      "gross_profit": 7010000,
      "operating_income": 18000,
      "net_income": -423000,
      "opex": 6992000,
      "cogs": 15712000,
      "rd": 592000,
      "sga": 6400000,
      "fcf": -1207000,
      "ocf": -1194000,
      "capex": -13000,
      "gross_margin": 0.308511574685327,
      "op_margin": 0.0007921837866385001,
      "fcf_margin": -0.053120323915148315,
      "incr_op_margin_yoy": -0.8104852993269571,
      "rev_growth_yoy": -0.19902707275803722,
      "rev_growth_yoy_accel": 0.14653624565387763,
      "op_leverage_ratio": null,
      "fcf_margin_change": -0.1773292352492914
    },
    {
      "date": "2024-12-31T00:00:00",
      "quarter_label": "2024-12 (Q4)",
      "revenue": 20148000,
      "gross_profit": 4994000,
      "operating_income": -2063000,
      "net_income": -2704000,
      "opex": 7057000,
      "cogs": 15154000,
      "rd": 744000,
      "sga": 6313000,
      "fcf": 657000,
      "ocf": 1336000,
      "capex": -679000,
      "gross_margin": 0.24786579313083185,
      "op_margin": -0.10239229700218384,
      "fcf_margin": 0.03260869565217391,
      "incr_op_margin_yoy": 0.945746214852199,
      "rev_growth_yoy": 0.38,
      "rev_growth_yoy_accel": 0.5790270727580372,
      "fcf_margin_change": 0.08572901956732223
    },
    {
      "date": "2025-03-31T00:00:00",
      "quarter_label": "2025-03 (Q1)",
      "revenue": 27051000,
      "gross_profit": 7508000,
      "operating_income": 14000,
      "net_income": -126000,
      "opex": 7494000,
      "cogs": 19543000,
      "rd": 785000,
      "sga": 6709000,
      "fcf": 5416000,
      "ocf": 5454000,
      "capex": -38000,
      "gross_margin": 0.2775498133155891,
      "op_margin": 0.0005175409411851688,
      "fcf_margin": 0.200214409818491,
      "incr_op_margin_yoy": 1.652978172401036,
      "rev_growth_yoy": 0.1110152784622967,
      "rev_growth_yoy_accel": -0.2689847215377033,
      "op_leverage_ratio": 5.532795414618323,
      "fcf_margin_change": 0.1676057141663171
    },
    {
      "date": "2025-06-30T00:00:00",
      "quarter_label": "2025-06 (Q2)",
      "revenue": 27871000,
      "gross_profit": 7564000,
      "operating_income": -171000,
      "net_income": -698000,
      "opex": 7735000,
      "cogs": 20307000,
      "rd": 814000,
      "sga": 6921000,
      "fcf": -1722000,
      "ocf": -1596000,
      "capex": -126000,
      "gross_margin": 0.27139320440601344,
      "op_margin": -0.006135409565498188,
      "fcf_margin": -0.06178465071220982,
      "incr_op_margin_yoy": 0.27584232908079814,
      "rev_growth_yoy": 0.781691491401905,
      "rev_growth_yoy_accel": 0.6706762129396082,
      "op_leverage_ratio": 0.9425994329751503,
      "fcf_margin_change": -0.2619990605307008
    },
    {
      "date": "2025-09-30T00:00:00",
      "quarter_label": "2025-09 (Q3)",
      "revenue": 28385000,
      "gross_profit": 8962000,
      "operating_income": 1359000,
      "net_income": 834000,
      "opex": 7603000,
      "cogs": 19423000,
      "rd": 809000,
      "sga": 6794000,
      "fcf": 296000,
      "ocf": 551000,
      "capex": -255000,
      "gross_margin": 0.31573013915800596,
      "op_margin": 0.047877400035229875,
      "fcf_margin": 0.01042804298044742,
      "incr_op_margin_yoy": 0.23680028253575844,
      "rev_growth_yoy": 0.2492298213185459,
      "rev_growth_yoy_accel": -0.5324616700833591,
      "op_leverage_ratio": null,
      "fcf_margin_change": 0.07221269369265725
    },
    {
      "date": "2025-12-31T00:00:00",
      "quarter_label": "2025-12 (Q4)",
      "revenue": 26762000,
      "gross_profit": 10428000,
      "operating_income": 2048000,
      "net_income": 1185000,
      "opex": 8380000,
      "cogs": 16334000,
      "rd": 971000,
      "sga": 7409000,
      "fcf": 2628000,
      "ocf": 3020000,
      "capex": -392000,
      "gross_margin": 0.38965697630969287,
      "op_margin": 0.07652641805545175,
      "fcf_margin": 0.09819893879381213,
      "incr_op_margin_yoy": 0.6215603265799818,
      "rev_growth_yoy": 0.3282707961087949,
      "rev_growth_yoy_accel": 0.07904097479024899,
      "fcf_margin_change": 0.08777089581336471
    }
  ],
  "signals": [
    {
      "quarter": "2025-12 (Q4)",
      "signal": "FCF MARGIN EXPANSION",
      "detail": "FCF margin: +1.0% -> +9.8% (+8.8%)",
      "severity": "MEDIUM"
    },
    {
      "quarter": "2025-12 (Q4)",
      "signal": "YoY REVENUE GROWTH ACCELERATION",
      "detail": "YoY growth: +32.8% vs prior quarter YoY: +24.9% (accel: +7.9%)",
      "severity": "MEDIUM"
    },
    {
      "quarter": "2025-12 (Q4)",
      "signal": "OP MARGIN TURNED POSITIVE (YoY)",
      "detail": "Op margin: -10.2% (year-ago) -> +7.7%",
      "severity": "HIGH"
    },
    {
      "quarter": "2025-09 (Q3)",
      "signal": "FCF TURNED POSITIVE",
      "detail": "FCF margin: -6.2% -> +1.0%",
      "severity": "HIGH"
    },
    {
      "quarter": "2025-09 (Q3)",
      "signal": "GROSS MARGIN INFLECTION",
      "detail": "GM: +27.8% -> +27.1% -> +31.6% (reversal +4.4%)",
      "severity": "MEDIUM"
    },
    {
      "quarter": "2025-09 (Q3)",
      "signal": "YoY REVENUE GROWTH DECELERATION",
      "detail": "YoY growth: +24.9% vs prior quarter YoY: +78.2% (decel: -53.2%)",
      "severity": "WARNING"
    },
    {
      "quarter": "2025-09 (Q3)",
      "signal": "INCREMENTAL MARGIN (YoY)",
      "detail": "YoY Incr OPM: +23.7% vs year-ago OPM: +0.1%",
      "severity": "HIGH"
    },
    {
      "quarter": "2025-09 (Q3)",
      "signal": "OP MARGIN TURNED POSITIVE (QoQ)",
      "detail": "Op margin: -0.6% -> +4.8%",
      "severity": "HIGH"
    },
    {
      "quarter": "2025-06 (Q2)",
      "signal": "YoY REVENUE GROWTH ACCELERATION",
      "detail": "YoY growth: +78.2% vs prior quarter YoY: +11.1% (accel: +67.1%)",
      "severity": "HIGH"
    },
    {
      "quarter": "2025-03 (Q1)",
      "signal": "FCF MARGIN EXPANSION",
      "detail": "FCF margin: +3.3% -> +20.0% (+16.8%)",
      "severity": "MEDIUM"
    },
    {
      "quarter": "2025-03 (Q1)",
      "signal": "OPERATING LEVERAGE",
      "detail": "Rev growth +34.3% vs OpEx growth +6.2% (leverage: 5.5x)",
      "severity": "MEDIUM"
    },
    {
      "quarter": "2025-03 (Q1)",
      "signal": "GROSS MARGIN INFLECTION",
      "detail": "GM: +30.9% -> +24.8% -> +27.8% (reversal +3.0%)",
      "severity": "MEDIUM"
    },
    {
      "quarter": "2025-03 (Q1)",
      "signal": "YoY REVENUE GROWTH DECELERATION",
      "detail": "YoY growth: +11.1% vs prior quarter YoY: +38.0% (decel: -26.9%)",
      "severity": "WARNING"
    },
    {
      "quarter": "2025-03 (Q1)",
      "signal": "OP MARGIN TURNED POSITIVE (YoY)",
      "detail": "Op margin: -18.3% (year-ago) -> +0.1%",
      "severity": "HIGH"
    },
    {
      "quarter": "2025-03 (Q1)",
      "signal": "OP MARGIN TURNED POSITIVE (QoQ)",
      "detail": "Op margin: -10.2% -> +0.1%",
      "severity": "HIGH"
    },
    {
      "quarter": "2024-12 (Q4)",
      "signal": "FCF TURNED POSITIVE",
      "detail": "FCF margin: -5.3% -> +3.3%",
      "severity": "HIGH"
    },
    {
      "quarter": "2024-12 (Q4)",
      "signal": "YoY REVENUE GROWTH ACCELERATION",
      "detail": "YoY growth: +38.0% vs prior quarter YoY: -19.9% (accel: +57.9%)",
      "severity": "HIGH"
    },
    {
      "quarter": "2024-09 (Q3)",
      "signal": "YoY REVENUE GROWTH ACCELERATION",
      "detail": "YoY growth: -19.9% vs prior quarter YoY: -34.6% (accel: +14.7%)",
      "severity": "MEDIUM"
    },
    {
      "quarter": "2024-09 (Q3)",
      "signal": "OP MARGIN TURNED POSITIVE (YoY)",
      "detail": "Op margin: -16.1% (year-ago) -> +0.1%",
      "severity": "HIGH"
    },
    {
      "quarter": "2024-09 (Q3)",
      "signal": "OP MARGIN TURNED POSITIVE (QoQ)",
      "detail": "Op margin: -22.7% -> +0.1%",
      "severity": "HIGH"
    },
    {
      "quarter": "2024-06 (Q2)",
      "signal": "FCF TURNED POSITIVE",
      "detail": "FCF margin: -23.5% -> +12.4%",
      "severity": "HIGH"
    },
    {
      "quarter": "2024-06 (Q2)",
      "signal": "GROSS MARGIN INFLECTION",
      "detail": "GM: +20.7% -> +10.6% -> +24.2% (reversal +13.6%)",
      "severity": "HIGH"
    },
    {
      "quarter": "2024-06 (Q2)",
      "signal": "YoY REVENUE GROWTH DECELERATION",
      "detail": "YoY growth: -34.6% vs prior quarter YoY: +64.0% (decel: -98.5%)",
      "severity": "WARNING"
    },
    {
      "quarter": "2024-03 (Q1)",
      "signal": "FCF MARGIN EXPANSION",
      "detail": "FCF margin: -91.4% -> -23.5% (+67.9%)",
      "severity": "MEDIUM"
    },
    {
      "quarter": "2024-03 (Q1)",
      "signal": "YoY REVENUE GROWTH ACCELERATION",
      "detail": "YoY growth: +64.0% vs prior quarter YoY: -25.5% (accel: +89.5%)",
      "severity": "HIGH"
    },
    {
      "quarter": "2023-12 (Q4)",
      "signal": "YoY REVENUE GROWTH DECELERATION",
      "detail": "YoY growth: -25.5% vs prior quarter YoY: +36.5% (decel: -62.1%)",
      "severity": "WARNING"
    },
    {
      "quarter": "2023-09 (Q3)",
      "signal": "FCF MARGIN EXPANSION",
      "detail": "FCF margin: -29.3% -> -22.1% (+7.1%)",
      "severity": "MEDIUM"
    },
    {
      "quarter": "2023-09 (Q3)",
      "signal": "YoY REVENUE GROWTH ACCELERATION",
      "detail": "YoY growth: +36.5% vs prior quarter YoY: +28.2% (accel: +8.4%)",
      "severity": "MEDIUM"
    },
    {
      "quarter": "2023-06 (Q2)",
      "signal": "GROSS MARGIN INFLECTION",
      "detail": "GM: +13.6% -> -3.3% -> +14.4% (reversal +17.7%)",
      "severity": "HIGH"
    },
    {
      "quarter": "2023-06 (Q2)",
      "signal": "YoY REVENUE GROWTH ACCELERATION",
      "detail": "YoY growth: +28.2% vs prior quarter YoY: -7.5% (accel: +35.6%)",
      "severity": "HIGH"
    },
    {
      "quarter": "2023-03 (Q1)",
      "signal": "FCF MARGIN EXPANSION",
      "detail": "FCF margin: -35.0% -> -25.2% (+9.8%)",
      "severity": "MEDIUM"
    },
    {
      "quarter": "2022-12 (Q4)",
      "signal": "GROSS MARGIN INFLECTION",
      "detail": "GM: +25.2% -> +10.5% -> +13.6% (reversal +3.1%)",
      "severity": "MEDIUM"
    },
    {
      "quarter": "2022-12 (Q4)",
      "signal": "YoY REVENUE GROWTH DECELERATION",
      "detail": "YoY growth: -4.9% vs prior quarter YoY: +20.8% (decel: -25.7%)",
      "severity": "WARNING"
    },
    {
      "quarter": "2022-09 (Q3)",
      "signal": "FCF MARGIN EXPANSION",
      "detail": "FCF margin: -29.2% -> -0.5% (+28.8%)",
      "severity": "MEDIUM"
    },
    {
      "quarter": "2022-09 (Q3)",
      "signal": "OPERATING LEVERAGE",
      "detail": "Rev growth +11.4% vs OpEx growth +5.6% (leverage: 2.0x)",
      "severity": "MEDIUM"
    },
    {
      "quarter": "2022-06 (Q2)",
      "signal": "FCF MARGIN EXPANSION",
      "detail": "FCF margin: -54.1% -> -29.2% (+24.9%)",
      "severity": "MEDIUM"
    },
    {
      "quarter": "2022-06 (Q2)",
      "signal": "GROSS MARGIN INFLECTION",
      "detail": "GM: +10.8% -> -1.2% -> +25.2% (reversal +26.4%)",
      "severity": "HIGH"
    },
    {
      "quarter": "2022-06 (Q2)",
      "signal": "YoY REVENUE GROWTH ACCELERATION",
      "detail": "YoY growth: +16.0% vs prior quarter YoY: -11.5% (accel: +27.5%)",
      "severity": "HIGH"
    },
    {
      "quarter": "2021-12 (Q4)",
      "signal": "FCF MARGIN EXPANSION",
      "detail": "FCF margin: -61.9% -> -32.8% (+29.0%)",
      "severity": "MEDIUM"
    },
    {
      "quarter": "2021-09 (Q3)",
      "signal": "FCF MARGIN EXPANSION",
      "detail": "FCF margin: -70.5% -> -61.9% (+8.7%)",
      "severity": "MEDIUM"
    }
  ],
  "data_quality": {
    "n_quarters": 20,
    "coverage": {
      "revenue": [
        20,
        20
      ],
      "gross_profit": [
        20,
        20
      ],
      "op_income": [
        20,
        20
      ],
      "fcf": [
        20,
        20
      ]
    },
    "gaps": [],
    "warnings": []
  },
  "market_cap": null,
  "source": "SEC EDGAR",
  "last_updated": "2026-02-13T11:33:50.339192"
}