{
  "ticker": "CGNX",
  "name": "Cognex Corporation",
  "sector": "Technology",
  "industry": "Scientific & Technical Instruments",
  "quarters": [
    {
      "date": "2021-04-04T00:00:00",
      "quarter_label": "2021-04 (Q2)",
      "revenue": 239027000,
      "gross_profit": 184982000,
      "operating_income": 78453000,
      "net_income": 69848000,
      "opex": 106529000,
      "cogs": 54045000,
      "rd": 34105000,
      "sga": 72424000,
      "fcf": 96203000,
      "ocf": 98639000,
      "capex": -2436000,
      "gross_margin": 0.7738958360352596,
      "op_margin": 0.32821815108753405,
      "fcf_margin": 0.4024775443778318
    },
    {
      "date": "2021-07-04T00:00:00",
      "quarter_label": "2021-07 (Q3)",
      "revenue": 269158000,
      "gross_profit": 200726000,
      "operating_income": 92581000,
      "net_income": 77598000,
      "opex": 108145000,
      "cogs": 68432000,
      "rd": 31302000,
      "sga": 76843000,
      "fcf": 91972000,
      "ocf": 96086000,
      "capex": -4114000,
      "gross_margin": 0.7457552812845987,
      "op_margin": 0.3439652546088171,
      "fcf_margin": 0.34170264305723774,
      "op_leverage_ratio": 8.309847973490049,
      "fcf_margin_change": -0.060774901320594044
    },
    {
      "date": "2021-10-03T00:00:00",
      "quarter_label": "2021-10 (Q4)",
      "revenue": 284848000,
      "gross_profit": 199136000,
      "operating_income": 87547000,
      "net_income": 78900000,
      "opex": 111589000,
      "cogs": 85712000,
      "rd": 34476000,
      "sga": 77113000,
      "fcf": 59992000,
      "ocf": 64131000,
      "capex": -4139000,
      "gross_margin": 0.6990956580351626,
      "op_margin": 0.3073463742065944,
      "fcf_margin": 0.21061057125203617,
      "op_leverage_ratio": 1.8304545640368792,
      "fcf_margin_change": -0.13109207180520158
    },
    {
      "date": "2021-12-31T00:00:00",
      "quarter_label": "2021-12 (Q4)",
      "revenue": 244065000,
      "gross_profit": 174983000,
      "operating_income": 56520000,
      "net_income": 53535000,
      "opex": 118463000,
      "cogs": 69082000,
      "rd": 35489000,
      "sga": 82974000,
      "fcf": 50443000,
      "ocf": 55209000,
      "capex": -4766000,
      "gross_margin": 0.716952451191281,
      "op_margin": 0.2315776534939463,
      "fcf_margin": 0.20667854874725994,
      "fcf_margin_change": -0.003932022504776228
    },
    {
      "date": "2022-04-03T00:00:00",
      "quarter_label": "2022-04 (Q2)",
      "revenue": 282407000,
      "gross_profit": 203617000,
      "operating_income": 86728000,
      "net_income": 67333000,
      "opex": 116889000,
      "cogs": 78790000,
      "rd": 36054000,
      "sga": 80835000,
      "fcf": 44932000,
      "ocf": 49517000,
      "capex": -4585000,
      "gross_margin": 0.7210054991554742,
      "op_margin": 0.30710286926315566,
      "fcf_margin": 0.15910370493649237,
      "incr_op_margin_yoy": 0.19075610880590133,
      "rev_growth_yoy": 0.1814857735736967,
      "op_leverage_ratio": null,
      "fcf_margin_change": -0.04757484381076757
    },
    {
      "date": "2022-07-03T00:00:00",
      "quarter_label": "2022-07 (Q3)",
      "revenue": 274628000,
      "gross_profit": 196485000,
      "operating_income": 65141000,
      "net_income": 58901000,
      "opex": 131344000,
      "cogs": 78143000,
      "rd": 33991000,
      "sga": 79950000,
      "fcf": 37444000,
      "ocf": 44112000,
      "capex": -6668000,
      "gross_margin": 0.7154587296269863,
      "op_margin": 0.23719722679406324,
      "fcf_margin": 0.13634443683819567,
      "incr_op_margin_yoy": -5.016453382084095,
      "rev_growth_yoy": 0.020322635775269545,
      "rev_growth_yoy_accel": -0.16116313779842714,
      "fcf_margin_change": -0.022759268098296703
    },
    {
      "date": "2022-10-02T00:00:00",
      "quarter_label": "2022-10 (Q4)",
      "revenue": 209622000,
      "gross_profit": 152239000,
      "operating_income": 40023000,
      "net_income": 33980000,
      "opex": 112216000,
      "cogs": 57383000,
      "rd": 33954000,
      "sga": 75371000,
      "fcf": 79168000,
      "ocf": 83520000,
      "capex": -4352000,
      "gross_margin": 0.7262548778277089,
      "op_margin": 0.19092938718264305,
      "fcf_margin": 0.377670282699335,
      "incr_op_margin_yoy": 0.6317496610214554,
      "rev_growth_yoy": -0.26409172611357634,
      "rev_growth_yoy_accel": -0.2844143618888459,
      "fcf_margin_change": 0.24132584586113934
    },
    {
      "date": "2022-12-31T00:00:00",
      "quarter_label": "2022-12 (Q4)",
      "revenue": 239433000,
      "gross_profit": 169564000,
      "operating_income": 54337000,
      "net_income": 55311000,
      "opex": 115227000,
      "cogs": 69869000,
      "rd": 37134000,
      "sga": 75951000,
      "fcf": 62195000,
      "ocf": 66257000,
      "capex": -4062000,
      "gross_margin": 0.7081897649864471,
      "op_margin": 0.2269403131564989,
      "fcf_margin": 0.2597595151879649,
      "incr_op_margin_yoy": 0.47128670120898103,
      "rev_growth_yoy": -0.018978550795894535,
      "rev_growth_yoy_accel": 0.24511317531768181,
      "op_leverage_ratio": 5.300095716247113,
      "fcf_margin_change": -0.11791076751137008
    },
    {
      "date": "2023-04-02T00:00:00",
      "quarter_label": "2023-04 (Q2)",
      "revenue": 201124000,
      "gross_profit": 143740000,
      "operating_income": 22161000,
      "net_income": 25615000,
      "opex": 121579000,
      "cogs": 57384000,
      "rd": 38542000,
      "sga": 83037000,
      "fcf": 22046000,
      "ocf": 27553000,
      "capex": -5507000,
      "gross_margin": 0.7146834788488694,
      "op_margin": 0.11018575605099341,
      "fcf_margin": 0.109613969491458,
      "incr_op_margin_yoy": 0.7943481416778416,
      "rev_growth_yoy": -0.2878221857106941,
      "rev_growth_yoy_accel": -0.26884363491479957,
      "fcf_margin_change": -0.1501455456965069
    },
    {
      "date": "2023-07-02T00:00:00",
      "quarter_label": "2023-07 (Q3)",
      "revenue": 242512000,
      "gross_profit": 179683000,
      "operating_income": 65175000,
      "net_income": 57474000,
      "opex": 114508000,
      "cogs": 62829000,
      "rd": 33585000,
      "sga": 83423000,
      "fcf": 25149000,
      "ocf": 29849000,
      "capex": -4700000,
      "gross_margin": 0.7409241604539157,
      "op_margin": 0.268749587649271,
      "fcf_margin": 0.10370208484528601,
      "incr_op_margin_yoy": -0.0010586623489849296,
      "rev_growth_yoy": -0.11694364740667376,
      "rev_growth_yoy_accel": 0.17087853830402036,
      "op_leverage_ratio": null,
      "fcf_margin_change": -0.005911884646171997
    },
    {
      "date": "2023-10-01T00:00:00",
      "quarter_label": "2023-10 (Q4)",
      "revenue": 197241000,
      "gross_profit": 142774000,
      "operating_income": 30637000,
      "net_income": 18916000,
      "opex": 112137000,
      "cogs": 54467000,
      "rd": 32580000,
      "sga": 82307000,
      "fcf": 35168000,
      "ocf": 41023000,
      "capex": -5855000,
      "gross_margin": 0.7238555878341724,
      "op_margin": 0.1553277462596519,
      "fcf_margin": 0.17829964358323067,
      "incr_op_margin_yoy": 0.7580970842419836,
      "rev_growth_yoy": -0.05906345707988665,
      "rev_growth_yoy_accel": 0.05788019032678711,
      "fcf_margin_change": 0.07459755873794466
    },
    {
      "date": "2023-12-31T00:00:00",
      "quarter_label": "2023-12 (Q4)",
      "revenue": 196670000,
      "gross_profit": 135044000,
      "operating_income": 12729000,
      "net_income": 11229000,
      "opex": 122315000,
      "cogs": 61626000,
      "rd": 34693000,
      "sga": 90372000,
      "fcf": 7476000,
      "ocf": 14491000,
      "capex": -7015000,
      "gross_margin": 0.6866527685971424,
      "op_margin": 0.06472263181979966,
      "fcf_margin": 0.038012915035338386,
      "incr_op_margin_yoy": 0.9729906695040105,
      "rev_growth_yoy": -0.17860111179327828,
      "rev_growth_yoy_accel": -0.11953765471339163,
      "fcf_margin_change": -0.1402867285478923
    },
    {
      "date": "2024-03-31T00:00:00",
      "quarter_label": "2024-03 (Q1)",
      "revenue": 210797000,
      "gross_profit": 141937000,
      "operating_income": 14204000,
      "net_income": 12022000,
      "opex": 127733000,
      "cogs": 68860000,
      "rd": 37105000,
      "sga": 90628000,
      "fcf": 9582000,
      "ocf": 13643000,
      "capex": -4061000,
      "gross_margin": 0.6733350095115206,
      "op_margin": 0.06738236312660996,
      "fcf_margin": 0.04545605487744133,
      "incr_op_margin_yoy": -0.8225989868706709,
      "rev_growth_yoy": 0.048094707742487225,
      "rev_growth_yoy_accel": 0.2266958195357655,
      "op_leverage_ratio": 1.6216328981641788,
      "fcf_margin_change": 0.007443139842102944
    },
    {
      "date": "2024-06-30T00:00:00",
      "quarter_label": "2024-06 (Q2)",
      "revenue": 239292000,
      "gross_profit": 166599000,
      "operating_income": 38457000,
      "net_income": 36212000,
      "opex": 128142000,
      "cogs": 72693000,
      "rd": 34962000,
      "sga": 93180000,
      "fcf": 23253000,
      "ocf": 27763000,
      "capex": -4510000,
      "gross_margin": 0.6962163381976831,
      "op_margin": 0.16071159921769218,
      "fcf_margin": 0.09717416378316032,
      "incr_op_margin_yoy": 8.29751552795031,
      "rev_growth_yoy": -0.013277693474962063,
      "rev_growth_yoy_accel": -0.06137240121744929,
      "op_leverage_ratio": 42.21667642723235,
      "fcf_margin_change": 0.05171810890571899
    },
    {
      "date": "2024-09-29T00:00:00",
      "quarter_label": "2024-09 (Q3)",
      "revenue": 234742000,
      "gross_profit": 159399000,
      "operating_income": 31564000,
      "net_income": 29591000,
      "opex": 127835000,
      "cogs": 75343000,
      "rd": 35210000,
      "sga": 92625000,
      "fcf": 51872000,
      "ocf": 56271000,
      "capex": -4399000,
      "gross_margin": 0.679039115284014,
      "op_margin": 0.134462516294485,
      "fcf_margin": 0.22097451670344465,
      "incr_op_margin_yoy": 0.0247193408175782,
      "rev_growth_yoy": 0.1901278131828575,
      "rev_growth_yoy_accel": 0.2034055066578196,
      "fcf_margin_change": 0.12380035292028432
    },
    {
      "date": "2024-12-31T00:00:00",
      "quarter_label": "2024-12 (Q4)",
      "revenue": 229684000,
      "gross_profit": 157859000,
      "operating_income": 30840000,
      "net_income": 28346000,
      "opex": 127019000,
      "cogs": 71825000,
      "rd": 32538000,
      "sga": 94481000,
      "fcf": 49331000,
      "ocf": 51404000,
      "capex": -2073000,
      "gross_margin": 0.6872877518677836,
      "op_margin": 0.13427143379599799,
      "fcf_margin": 0.2147776945716724,
      "incr_op_margin_yoy": 0.5485854485975646,
      "rev_growth_yoy": 0.167864951441501,
      "rev_growth_yoy_accel": -0.022262861741356527,
      "fcf_margin_change": -0.0061968221317722505
    },
    {
      "date": "2025-03-30T00:00:00",
      "quarter_label": "2025-03 (Q1)",
      "revenue": 216036000,
      "gross_profit": 144323000,
      "operating_income": 26092000,
      "net_income": 23603000,
      "opex": 118231000,
      "cogs": 71713000,
      "rd": 34727000,
      "sga": 83504000,
      "fcf": 38001000,
      "ocf": 40502000,
      "capex": -2501000,
      "gross_margin": 0.6680506952544947,
      "op_margin": 0.12077616693514044,
      "fcf_margin": 0.1759012386824418,
      "incr_op_margin_yoy": 2.269135331170071,
      "rev_growth_yoy": 0.024853294876113038,
      "rev_growth_yoy_accel": -0.14301165656538795,
      "fcf_margin_change": -0.03887645588923058
    },
    {
      "date": "2025-06-29T00:00:00",
      "quarter_label": "2025-06 (Q2)",
      "revenue": 249093000,
      "gross_profit": 167876000,
      "operating_income": 43433000,
      "net_income": 40511000,
      "opex": 124443000,
      "cogs": 81217000,
      "rd": 33102000,
      "sga": 91341000,
      "fcf": 40431000,
      "ocf": 42625000,
      "capex": -2194000,
      "gross_margin": 0.6739490872886833,
      "op_margin": 0.1743645947497521,
      "fcf_margin": 0.16231287109633752,
      "incr_op_margin_yoy": 0.5077032955820835,
      "rev_growth_yoy": 0.04095832706484128,
      "rev_growth_yoy_accel": 0.016105032188728243,
      "op_leverage_ratio": 2.912307482719397,
      "fcf_margin_change": -0.013588367586104294
    },
    {
      "date": "2025-09-28T00:00:00",
      "quarter_label": "2025-09 (Q3)",
      "revenue": 276892000,
      "gross_profit": 187290000,
      "operating_income": 57765000,
      "net_income": 17664000,
      "opex": 129525000,
      "cogs": 89602000,
      "rd": 35081000,
      "sga": 94444000,
      "fcf": 86033000,
      "ocf": 87485000,
      "capex": -1452000,
      "gross_margin": 0.6764009072129206,
      "op_margin": 0.208619245048611,
      "fcf_margin": 0.3107095907429612,
      "incr_op_margin_yoy": 0.6216132858837485,
      "rev_growth_yoy": 0.17955883480587198,
      "rev_growth_yoy_accel": 0.1386005077410307,
      "op_leverage_ratio": 2.7327723943506004,
      "fcf_margin_change": 0.14839671964662365
    },
    {
      "date": "2025-12-31T00:00:00",
      "quarter_label": "2025-12 (Q4)",
      "revenue": 252338000,
      "gross_profit": 165904000,
      "operating_income": 35276000,
      "net_income": 32664000,
      "opex": 130628000,
      "cogs": 86434000,
      "rd": 36060000,
      "sga": 94568000,
      "fcf": 72306000,
      "ocf": 74902000,
      "capex": -2596000,
      "gross_margin": 0.6574673652006435,
      "op_margin": 0.13979662199113888,
      "fcf_margin": 0.28654423828357206,
      "incr_op_margin_yoy": 0.1958153085547806,
      "rev_growth_yoy": 0.098631162814998,
      "rev_growth_yoy_accel": -0.08092767199087399,
      "fcf_margin_change": -0.02416535245938911
    }
  ],
  "signals": [
    {
      "quarter": "2025-12 (Q4)",
      "signal": "YoY REVENUE GROWTH DECELERATION",
      "detail": "YoY growth: +9.9% vs prior quarter YoY: +18.0% (decel: -8.1%)",
      "severity": "WARNING"
    },
    {
      "quarter": "2025-09 (Q3)",
      "signal": "FCF MARGIN EXPANSION",
      "detail": "FCF margin: +16.2% -> +31.1% (+14.8%)",
      "severity": "MEDIUM"
    },
    {
      "quarter": "2025-09 (Q3)",
      "signal": "OPERATING LEVERAGE",
      "detail": "Rev growth +11.2% vs OpEx growth +4.1% (leverage: 2.7x)",
      "severity": "MEDIUM"
    },
    {
      "quarter": "2025-09 (Q3)",
      "signal": "YoY REVENUE GROWTH ACCELERATION",
      "detail": "YoY growth: +18.0% vs prior quarter YoY: +4.1% (accel: +13.9%)",
      "severity": "MEDIUM"
    },
    {
      "quarter": "2025-09 (Q3)",
      "signal": "INCREMENTAL MARGIN (YoY)",
      "detail": "YoY Incr OPM: +62.2% vs year-ago OPM: +13.4%",
      "severity": "HIGH"
    },
    {
      "quarter": "2025-06 (Q2)",
      "signal": "OPERATING LEVERAGE",
      "detail": "Rev growth +15.3% vs OpEx growth +5.3% (leverage: 2.9x)",
      "severity": "MEDIUM"
    },
    {
      "quarter": "2025-06 (Q2)",
      "signal": "INCREMENTAL MARGIN (YoY)",
      "detail": "YoY Incr OPM: +50.8% vs year-ago OPM: +16.1%",
      "severity": "HIGH"
    },
    {
      "quarter": "2025-03 (Q1)",
      "signal": "YoY REVENUE GROWTH DECELERATION",
      "detail": "YoY growth: +2.5% vs prior quarter YoY: +16.8% (decel: -14.3%)",
      "severity": "WARNING"
    },
    {
      "quarter": "2025-03 (Q1)",
      "signal": "INCREMENTAL MARGIN (YoY)",
      "detail": "YoY Incr OPM: +226.9% vs year-ago OPM: +6.7%",
      "severity": "HIGH"
    },
    {
      "quarter": "2024-12 (Q4)",
      "signal": "INCREMENTAL MARGIN (YoY)",
      "detail": "YoY Incr OPM: +54.9% vs year-ago OPM: +6.5%",
      "severity": "HIGH"
    },
    {
      "quarter": "2024-09 (Q3)",
      "signal": "FCF MARGIN EXPANSION",
      "detail": "FCF margin: +9.7% -> +22.1% (+12.4%)",
      "severity": "MEDIUM"
    },
    {
      "quarter": "2024-09 (Q3)",
      "signal": "YoY REVENUE GROWTH ACCELERATION",
      "detail": "YoY growth: +19.0% vs prior quarter YoY: -1.3% (accel: +20.3%)",
      "severity": "HIGH"
    },
    {
      "quarter": "2024-06 (Q2)",
      "signal": "FCF MARGIN EXPANSION",
      "detail": "FCF margin: +4.5% -> +9.7% (+5.2%)",
      "severity": "MEDIUM"
    },
    {
      "quarter": "2024-06 (Q2)",
      "signal": "OPERATING LEVERAGE",
      "detail": "Rev growth +13.5% vs OpEx growth +0.3% (leverage: 42.2x)",
      "severity": "MEDIUM"
    },
    {
      "quarter": "2024-06 (Q2)",
      "signal": "GROSS MARGIN INFLECTION",
      "detail": "GM: +68.7% -> +67.3% -> +69.6% (reversal +2.3%)",
      "severity": "MEDIUM"
    },
    {
      "quarter": "2024-06 (Q2)",
      "signal": "YoY REVENUE GROWTH DECELERATION",
      "detail": "YoY growth: -1.3% vs prior quarter YoY: +4.8% (decel: -6.1%)",
      "severity": "WARNING"
    },
    {
      "quarter": "2024-06 (Q2)",
      "signal": "INCREMENTAL MARGIN (YoY)",
      "detail": "YoY Incr OPM: +829.8% vs year-ago OPM: +26.9%",
      "severity": "HIGH"
    },
    {
      "quarter": "2024-03 (Q1)",
      "signal": "OPERATING LEVERAGE",
      "detail": "Rev growth +7.2% vs OpEx growth +4.4% (leverage: 1.6x)",
      "severity": "MEDIUM"
    },
    {
      "quarter": "2024-03 (Q1)",
      "signal": "YoY REVENUE GROWTH ACCELERATION",
      "detail": "YoY growth: +4.8% vs prior quarter YoY: -17.9% (accel: +22.7%)",
      "severity": "HIGH"
    },
    {
      "quarter": "2023-12 (Q4)",
      "signal": "YoY REVENUE GROWTH DECELERATION",
      "detail": "YoY growth: -17.9% vs prior quarter YoY: -5.9% (decel: -12.0%)",
      "severity": "WARNING"
    },
    {
      "quarter": "2023-12 (Q4)",
      "signal": "INCREMENTAL MARGIN (YoY)",
      "detail": "YoY Incr OPM: +97.3% vs year-ago OPM: +22.7%",
      "severity": "HIGH"
    },
    {
      "quarter": "2023-10 (Q4)",
      "signal": "FCF MARGIN EXPANSION",
      "detail": "FCF margin: +10.4% -> +17.8% (+7.5%)",
      "severity": "MEDIUM"
    },
    {
      "quarter": "2023-10 (Q4)",
      "signal": "YoY REVENUE GROWTH ACCELERATION",
      "detail": "YoY growth: -5.9% vs prior quarter YoY: -11.7% (accel: +5.8%)",
      "severity": "MEDIUM"
    },
    {
      "quarter": "2023-10 (Q4)",
      "signal": "INCREMENTAL MARGIN (YoY)",
      "detail": "YoY Incr OPM: +75.8% vs year-ago OPM: +19.1%",
      "severity": "HIGH"
    },
    {
      "quarter": "2023-07 (Q3)",
      "signal": "YoY REVENUE GROWTH ACCELERATION",
      "detail": "YoY growth: -11.7% vs prior quarter YoY: -28.8% (accel: +17.1%)",
      "severity": "HIGH"
    },
    {
      "quarter": "2023-04 (Q2)",
      "signal": "YoY REVENUE GROWTH DECELERATION",
      "detail": "YoY growth: -28.8% vs prior quarter YoY: -1.9% (decel: -26.9%)",
      "severity": "WARNING"
    },
    {
      "quarter": "2023-04 (Q2)",
      "signal": "INCREMENTAL MARGIN (YoY)",
      "detail": "YoY Incr OPM: +79.4% vs year-ago OPM: +30.7%",
      "severity": "HIGH"
    },
    {
      "quarter": "2022-12 (Q4)",
      "signal": "OPERATING LEVERAGE",
      "detail": "Rev growth +14.2% vs OpEx growth +2.7% (leverage: 5.3x)",
      "severity": "MEDIUM"
    },
    {
      "quarter": "2022-12 (Q4)",
      "signal": "YoY REVENUE GROWTH ACCELERATION",
      "detail": "YoY growth: -1.9% vs prior quarter YoY: -26.4% (accel: +24.5%)",
      "severity": "HIGH"
    },
    {
      "quarter": "2022-12 (Q4)",
      "signal": "INCREMENTAL MARGIN (YoY)",
      "detail": "YoY Incr OPM: +47.1% vs year-ago OPM: +23.2%",
      "severity": "HIGH"
    },
    {
      "quarter": "2022-10 (Q4)",
      "signal": "FCF MARGIN EXPANSION",
      "detail": "FCF margin: +13.6% -> +37.8% (+24.1%)",
      "severity": "MEDIUM"
    },
    {
      "quarter": "2022-10 (Q4)",
      "signal": "YoY REVENUE GROWTH DECELERATION",
      "detail": "YoY growth: -26.4% vs prior quarter YoY: +2.0% (decel: -28.4%)",
      "severity": "WARNING"
    },
    {
      "quarter": "2022-10 (Q4)",
      "signal": "INCREMENTAL MARGIN (YoY)",
      "detail": "YoY Incr OPM: +63.2% vs year-ago OPM: +30.7%",
      "severity": "HIGH"
    },
    {
      "quarter": "2022-07 (Q3)",
      "signal": "YoY REVENUE GROWTH DECELERATION",
      "detail": "YoY growth: +2.0% vs prior quarter YoY: +18.1% (decel: -16.1%)",
      "severity": "WARNING"
    },
    {
      "quarter": "2021-10 (Q4)",
      "signal": "OPERATING LEVERAGE",
      "detail": "Rev growth +5.8% vs OpEx growth +3.2% (leverage: 1.8x)",
      "severity": "MEDIUM"
    },
    {
      "quarter": "2021-07 (Q3)",
      "signal": "OPERATING LEVERAGE",
      "detail": "Rev growth +12.6% vs OpEx growth +1.5% (leverage: 8.3x)",
      "severity": "MEDIUM"
    }
  ],
  "data_quality": {
    "n_quarters": 20,
    "coverage": {
      "revenue": [
        20,
        20
      ],
      "gross_profit": [
        20,
        20
      ],
      "op_income": [
        20,
        20
      ],
      "fcf": [
        20,
        20
      ]
    },
    "gaps": [],
    "warnings": []
  },
  "market_cap": null,
  "source": "SEC EDGAR",
  "last_updated": "2026-02-24T10:56:47.774767"
}