{
  "ticker": "CHD",
  "name": "CHURCH & DWIGHT CO INC /DE/",
  "quarters": [
    {
      "date": "2020-12-31T00:00:00",
      "quarter_label": "2020-12 (Q4)",
      "revenue": 1295300000,
      "gross_profit": 557400000,
      "operating_income": 190600000,
      "net_income": 150200000,
      "opex": 366800000,
      "cogs": 737900000,
      "rd": 29300000,
      "sga": 165200000,
      "fcf": 147800000,
      "ocf": 192100000,
      "capex": -44300000,
      "gross_margin": 0.43032502123060296,
      "op_margin": 0.14714737898556318,
      "fcf_margin": 0.1141048405774724
    },
    {
      "date": "2021-03-31T00:00:00",
      "quarter_label": "2021-03 (Q1)",
      "revenue": 1238900000,
      "gross_profit": 550900000,
      "operating_income": 302600000,
      "net_income": 220700000,
      "opex": 248300000,
      "cogs": 688000000,
      "rd": 24100000,
      "sga": 149600000,
      "fcf": 73900000,
      "ocf": 100200000,
      "capex": -26300000,
      "gross_margin": 0.4446686576802002,
      "op_margin": 0.24424893050286545,
      "fcf_margin": 0.059649689240455245,
      "fcf_margin_change": -0.05445515133701716
    },
    {
      "date": "2021-06-30T00:00:00",
      "quarter_label": "2021-06 (Q2)",
      "revenue": 1271100000,
      "gross_profit": 552200000,
      "operating_income": 298700000,
      "net_income": 218300000,
      "opex": 253500000,
      "cogs": 718900000,
      "rd": 25400000,
      "sga": 136500000,
      "fcf": 227100000,
      "ocf": 244100000,
      "capex": -17000000,
      "gross_margin": 0.43442687436078986,
      "op_margin": 0.23499331287860908,
      "fcf_margin": 0.17866414916214302,
      "op_leverage_ratio": 1.2410606182904187,
      "fcf_margin_change": 0.11901445992168777
    },
    {
      "date": "2021-09-30T00:00:00",
      "quarter_label": "2021-09 (Q3)",
      "revenue": 1311400000,
      "gross_profit": 579200000,
      "operating_income": 301400000,
      "net_income": 230400000,
      "opex": 277800000,
      "cogs": 732200000,
      "rd": 27700000,
      "sga": 116900000,
      "fcf": 288500000,
      "ocf": 309300000,
      "capex": -20800000,
      "gross_margin": 0.4416653957602562,
      "op_margin": 0.2298307152661278,
      "fcf_margin": 0.21999389964922983,
      "op_leverage_ratio": 0.33074784064740265,
      "fcf_margin_change": 0.041329750487086814
    },
    {
      "date": "2021-12-31T00:00:00",
      "quarter_label": "2021-12 (Q4)",
      "revenue": 1368700000,
      "gross_profit": 581200000,
      "operating_income": 176400000,
      "net_income": 158100000,
      "opex": 404800000,
      "cogs": 787500000,
      "rd": 28000000,
      "sga": 203700000,
      "fcf": 285500000,
      "ocf": 340200000,
      "capex": -54700000,
      "gross_margin": 0.42463651640242567,
      "op_margin": 0.12888142032585664,
      "fcf_margin": 0.20859209468839043,
      "incr_op_margin_yoy": -0.19346049046321526,
      "rev_growth_yoy": 0.05666640932602486,
      "op_leverage_ratio": 0.09557580466388628,
      "fcf_margin_change": -0.011401804960839396
    },
    {
      "date": "2022-03-31T00:00:00",
      "quarter_label": "2022-03 (Q1)",
      "revenue": 1297200000,
      "gross_profit": 552500000,
      "operating_income": 280700000,
      "net_income": 204400000,
      "opex": 271800000,
      "cogs": 744700000,
      "rd": 24500000,
      "sga": 169900000,
      "fcf": 137200000,
      "ocf": 152800000,
      "capex": -15600000,
      "gross_margin": 0.4259173604687018,
      "op_margin": 0.2163891458526056,
      "fcf_margin": 0.10576626580326857,
      "incr_op_margin_yoy": -0.37564322469982847,
      "rev_growth_yoy": 0.047057873920413266,
      "rev_growth_yoy_accel": -0.009608535405611594,
      "fcf_margin_change": -0.10282582888512186
    },
    {
      "date": "2022-06-30T00:00:00",
      "quarter_label": "2022-06 (Q2)",
      "revenue": 1325100000,
      "gross_profit": 545300000,
      "operating_income": 261600000,
      "net_income": 187100000,
      "opex": 283700000,
      "cogs": 779800000,
      "rd": 27200000,
      "sga": 180800000,
      "fcf": 134400000,
      "ocf": 157600000,
      "capex": -23200000,
      "gross_margin": 0.4115161119915478,
      "op_margin": 0.19741906271224813,
      "fcf_margin": 0.10142630744849446,
      "incr_op_margin_yoy": -0.687037037037037,
      "rev_growth_yoy": 0.04248288883644088,
      "rev_growth_yoy_accel": -0.004574985083972388,
      "op_leverage_ratio": 0.49124682250328444,
      "fcf_margin_change": -0.004339958354774118
    },
    {
      "date": "2022-09-30T00:00:00",
      "quarter_label": "2022-09 (Q3)",
      "revenue": 1317300000,
      "gross_profit": 549700000,
      "operating_income": 253900000,
      "net_income": 187100000,
      "opex": 295800000,
      "cogs": 767600000,
      "rd": 29200000,
      "sga": 155100000,
      "fcf": 164400000,
      "ocf": 223700000,
      "capex": -59300000,
      "gross_margin": 0.4172929476960449,
      "op_margin": 0.1927427313444166,
      "fcf_margin": 0.12480072876337964,
      "incr_op_margin_yoy": -8.05084745762712,
      "rev_growth_yoy": 0.004499008692999847,
      "rev_growth_yoy_accel": -0.037983880143441034,
      "fcf_margin_change": 0.02337442131488518
    },
    {
      "date": "2022-12-31T00:00:00",
      "quarter_label": "2022-12 (Q4)",
      "revenue": 1436000000,
      "gross_profit": 602500000,
      "operating_income": -198400000,
      "net_income": -164700000,
      "opex": 800900000,
      "cogs": 833500000,
      "rd": 29100000,
      "sga": 611200000,
      "fcf": 270400000,
      "ocf": 351100000,
      "capex": -80700000,
      "gross_margin": 0.4195682451253482,
      "op_margin": -0.1381615598885794,
      "fcf_margin": 0.1883008356545961,
      "incr_op_margin_yoy": -5.569093610698365,
      "rev_growth_yoy": 0.04917074596332286,
      "rev_growth_yoy_accel": 0.04467173727032302,
      "op_leverage_ratio": 0.05276996769142404,
      "fcf_margin_change": 0.06350010689121646
    },
    {
      "date": "2023-03-31T00:00:00",
      "quarter_label": "2023-03 (Q1)",
      "revenue": 1429800000,
      "gross_profit": 622000000,
      "operating_income": 291900000,
      "net_income": 203200000,
      "opex": 330100000,
      "cogs": 807800000,
      "rd": 26700000,
      "sga": 207800000,
      "fcf": 248100000,
      "ocf": 273100000,
      "capex": -25000000,
      "gross_margin": 0.4350258777451392,
      "op_margin": 0.20415442719261434,
      "fcf_margin": 0.17352077213596306,
      "incr_op_margin_yoy": 0.08446455505279035,
      "rev_growth_yoy": 0.10222016651248844,
      "rev_growth_yoy_accel": 0.05304942054916558,
      "fcf_margin_change": -0.014780063518633035
    },
    {
      "date": "2023-06-30T00:00:00",
      "quarter_label": "2023-06 (Q2)",
      "revenue": 1454200000,
      "gross_profit": 638900000,
      "operating_income": 293600000,
      "net_income": 221200000,
      "opex": 345300000,
      "cogs": 815300000,
      "rd": 30200000,
      "sga": 213100000,
      "fcf": 197900000,
      "ocf": 236100000,
      "capex": -38200000,
      "gross_margin": 0.4393480951726035,
      "op_margin": 0.20189795076330627,
      "fcf_margin": 0.13608857103562097,
      "incr_op_margin_yoy": 0.24786986831913246,
      "rev_growth_yoy": 0.09742660931250471,
      "rev_growth_yoy_accel": -0.004793557199983728,
      "op_leverage_ratio": 0.3706094337816846,
      "fcf_margin_change": -0.037432201100342094
    },
    {
      "date": "2023-09-30T00:00:00",
      "quarter_label": "2023-09 (Q3)",
      "revenue": 1455900000,
      "gross_profit": 646300000,
      "operating_income": 255800000,
      "net_income": 177500000,
      "opex": 390500000,
      "cogs": 809600000,
      "rd": 30300000,
      "sga": 222700000,
      "fcf": 227600000,
      "ocf": 285900000,
      "capex": -58300000,
      "gross_margin": 0.4439178515007899,
      "op_margin": 0.1756988804176111,
      "fcf_margin": 0.156329418229274,
      "incr_op_margin_yoy": 0.013708513708513708,
      "rev_growth_yoy": 0.10521521293554999,
      "rev_growth_yoy_accel": 0.007788603623045273,
      "fcf_margin_change": 0.020240847193653017
    },
    {
      "date": "2023-12-31T00:00:00",
      "quarter_label": "2023-12 (Q4)",
      "revenue": 1528000000,
      "gross_profit": 681300000,
      "operating_income": 216100000,
      "net_income": 153700000,
      "opex": 465200000,
      "cogs": 846700000,
      "rd": 35200000,
      "sga": 246200000,
      "fcf": 133500000,
      "ocf": 235500000,
      "capex": -102000000,
      "gross_margin": 0.44587696335078536,
      "op_margin": 0.14142670157068063,
      "fcf_margin": 0.08736910994764398,
      "incr_op_margin_yoy": 4.505434782608695,
      "rev_growth_yoy": 0.06406685236768803,
      "rev_growth_yoy_accel": -0.04114836056786196,
      "op_leverage_ratio": 0.25888337101870407,
      "fcf_margin_change": -0.06896030828163001
    },
    {
      "date": "2024-03-31T00:00:00",
      "quarter_label": "2024-03 (Q1)",
      "revenue": 1503300000,
      "gross_profit": 687000000,
      "operating_income": 305000000,
      "net_income": 227700000,
      "opex": 382000000,
      "cogs": 816300000,
      "rd": 30100000,
      "sga": 230000000,
      "fcf": 216700000,
      "ocf": 263000000,
      "capex": -46300000,
      "gross_margin": 0.4569946118539214,
      "op_margin": 0.20288698197299274,
      "fcf_margin": 0.1441495376837624,
      "incr_op_margin_yoy": 0.1782312925170068,
      "rev_growth_yoy": 0.051405791019723035,
      "rev_growth_yoy_accel": -0.012661061347964991,
      "fcf_margin_change": 0.056780427736118425
    },
    {
      "date": "2024-06-30T00:00:00",
      "quarter_label": "2024-06 (Q2)",
      "revenue": 1511200000,
      "gross_profit": 712100000,
      "operating_income": 336900000,
      "net_income": 243500000,
      "opex": 375200000,
      "cogs": 799100000,
      "rd": 33000000,
      "sga": 222800000,
      "fcf": 206600000,
      "ocf": 236900000,
      "capex": -30300000,
      "gross_margin": 0.4712149285336157,
      "op_margin": 0.22293541556379037,
      "fcf_margin": 0.13671254632080465,
      "incr_op_margin_yoy": 0.7596491228070176,
      "rev_growth_yoy": 0.03919680924219502,
      "rev_growth_yoy_accel": -0.012208981777528015,
      "fcf_margin_change": -0.007436991362957751
    },
    {
      "date": "2024-09-30T00:00:00",
      "quarter_label": "2024-09 (Q3)",
      "revenue": 1510600000,
      "gross_profit": 683100000,
      "operating_income": -91500000,
      "net_income": -75100000,
      "opex": 774600000,
      "cogs": 827500000,
      "rd": 36000000,
      "sga": 231700000,
      "fcf": 315400000,
      "ocf": 364000000,
      "capex": -48600000,
      "gross_margin": 0.4522044220839402,
      "op_margin": -0.06057195816231961,
      "fcf_margin": 0.2087912087912088,
      "incr_op_margin_yoy": -6.349177330895795,
      "rev_growth_yoy": 0.03757126176248369,
      "rev_growth_yoy_accel": -0.0016255474797113312,
      "fcf_margin_change": 0.07207866247040415
    },
    {
      "date": "2024-12-31T00:00:00",
      "quarter_label": "2024-12 (Q4)",
      "revenue": 1582000000,
      "gross_profit": 707900000,
      "operating_income": 256700000,
      "net_income": 189200000,
      "opex": 451200000,
      "cogs": 874100000,
      "rd": 40600000,
      "sga": 243300000,
      "fcf": 237700000,
      "ocf": 292300000,
      "capex": -54600000,
      "gross_margin": 0.4474715549936789,
      "op_margin": 0.1622629582806574,
      "fcf_margin": 0.15025284450063212,
      "incr_op_margin_yoy": 0.7518518518518519,
      "rev_growth_yoy": 0.03534031413612566,
      "rev_growth_yoy_accel": -0.002230947626358032,
      "op_leverage_ratio": Infinity,
      "fcf_margin_change": -0.05853836429057668
    },
    {
      "date": "2025-03-31T00:00:00",
      "quarter_label": "2025-03 (Q1)",
      "revenue": 1467100000,
      "gross_profit": 659600000,
      "operating_income": 295300000,
      "net_income": 220100000,
      "opex": 364300000,
      "cogs": 807500000,
      "rd": 32800000,
      "sga": 227700000,
      "fcf": null,
      "ocf": null,
      "capex": -16500000,
      "gross_margin": 0.4495944380069525,
      "op_margin": 0.20128143957467112,
      "fcf_margin": null,
      "incr_op_margin_yoy": 0.26795580110497236,
      "rev_growth_yoy": -0.024080356548925697,
      "rev_growth_yoy_accel": -0.05942067068505136
    },
    {
      "date": "2025-06-30T00:00:00",
      "quarter_label": "2025-06 (Q2)",
      "revenue": 1506300000,
      "gross_profit": 647000000,
      "operating_income": 261700000,
      "net_income": 191000000,
      "opex": 385300000,
      "cogs": 859300000,
      "rd": 35800000,
      "sga": 228200000,
      "fcf": null,
      "ocf": null,
      "capex": -22500000,
      "gross_margin": 0.4295293102303658,
      "op_margin": 0.17373697138684194,
      "fcf_margin": null,
      "incr_op_margin_yoy": 15.346938775510203,
      "rev_growth_yoy": -0.003242456326098465,
      "rev_growth_yoy_accel": 0.020837900222827232,
      "op_leverage_ratio": 0.4635175970735919
    },
    {
      "date": "2025-09-30T00:00:00",
      "quarter_label": "2025-09 (Q3)",
      "revenue": 1585600000,
      "gross_profit": 714400000,
      "operating_income": 254600000,
      "net_income": 182200000,
      "opex": 459800000,
      "cogs": 871200000,
      "rd": 36200000,
      "sga": 256900000,
      "fcf": null,
      "ocf": null,
      "capex": -28200000,
      "gross_margin": 0.45055499495459134,
      "op_margin": 0.16057013118062563,
      "fcf_margin": null,
      "incr_op_margin_yoy": 4.6146666666666665,
      "rev_growth_yoy": 0.0496491460346882,
      "rev_growth_yoy_accel": 0.05289160236078667,
      "op_leverage_ratio": 0.27227291906431467
    }
  ],
  "signals": [
    {
      "quarter": "2025-09 (Q3)",
      "signal": "GROSS MARGIN INFLECTION",
      "detail": "GM: +45.0% -> +43.0% -> +45.1% (reversal +2.1%)",
      "severity": "MEDIUM"
    },
    {
      "quarter": "2025-09 (Q3)",
      "signal": "YoY REVENUE GROWTH ACCELERATION",
      "detail": "YoY growth: +5.0% vs prior quarter YoY: -0.3% (accel: +5.3%)",
      "severity": "MEDIUM"
    },
    {
      "quarter": "2025-09 (Q3)",
      "signal": "OP MARGIN TURNED POSITIVE (YoY)",
      "detail": "Op margin: -6.1% (year-ago) -> +16.1%",
      "severity": "HIGH"
    },
    {
      "quarter": "2025-06 (Q2)",
      "signal": "INCREMENTAL MARGIN (YoY)",
      "detail": "YoY Incr OPM: +1534.7% vs year-ago OPM: +22.3%",
      "severity": "HIGH"
    },
    {
      "quarter": "2025-03 (Q1)",
      "signal": "YoY REVENUE GROWTH DECELERATION",
      "detail": "YoY growth: -2.4% vs prior quarter YoY: +3.5% (decel: -5.9%)",
      "severity": "WARNING"
    },
    {
      "quarter": "2024-12 (Q4)",
      "signal": "INCREMENTAL MARGIN (YoY)",
      "detail": "YoY Incr OPM: +75.2% vs year-ago OPM: +14.1%",
      "severity": "HIGH"
    },
    {
      "quarter": "2024-12 (Q4)",
      "signal": "OP MARGIN TURNED POSITIVE (QoQ)",
      "detail": "Op margin: -6.1% -> +16.2%",
      "severity": "HIGH"
    },
    {
      "quarter": "2024-09 (Q3)",
      "signal": "FCF MARGIN EXPANSION",
      "detail": "FCF margin: +13.7% -> +20.9% (+7.2%)",
      "severity": "MEDIUM"
    },
    {
      "quarter": "2024-06 (Q2)",
      "signal": "INCREMENTAL MARGIN (YoY)",
      "detail": "YoY Incr OPM: +76.0% vs year-ago OPM: +20.2%",
      "severity": "HIGH"
    },
    {
      "quarter": "2024-03 (Q1)",
      "signal": "FCF MARGIN EXPANSION",
      "detail": "FCF margin: +8.7% -> +14.4% (+5.7%)",
      "severity": "MEDIUM"
    },
    {
      "quarter": "2023-12 (Q4)",
      "signal": "OP MARGIN TURNED POSITIVE (YoY)",
      "detail": "Op margin: -13.8% (year-ago) -> +14.1%",
      "severity": "HIGH"
    },
    {
      "quarter": "2023-03 (Q1)",
      "signal": "YoY REVENUE GROWTH ACCELERATION",
      "detail": "YoY growth: +10.2% vs prior quarter YoY: +4.9% (accel: +5.3%)",
      "severity": "MEDIUM"
    },
    {
      "quarter": "2023-03 (Q1)",
      "signal": "OP MARGIN TURNED POSITIVE (QoQ)",
      "detail": "Op margin: -13.8% -> +20.4%",
      "severity": "HIGH"
    },
    {
      "quarter": "2022-12 (Q4)",
      "signal": "FCF MARGIN EXPANSION",
      "detail": "FCF margin: +12.5% -> +18.8% (+6.4%)",
      "severity": "MEDIUM"
    },
    {
      "quarter": "2021-06 (Q2)",
      "signal": "FCF MARGIN EXPANSION",
      "detail": "FCF margin: +6.0% -> +17.9% (+11.9%)",
      "severity": "MEDIUM"
    }
  ],
  "data_quality": {
    "n_quarters": 20,
    "coverage": {
      "revenue": [
        20,
        20
      ],
      "gross_profit": [
        20,
        20
      ],
      "op_income": [
        20,
        20
      ],
      "fcf": [
        17,
        20
      ]
    },
    "gaps": [],
    "warnings": []
  },
  "market_cap": null,
  "source": "SEC EDGAR",
  "last_updated": "2026-02-02T20:16:11.197681",
  "sector": "Consumer Defensive",
  "industry": "Household & Personal Products"
}