{
  "ticker": "CHE",
  "name": "CHEMED CORPORATION",
  "quarters": [
    {
      "date": "2020-12-31T00:00:00",
      "quarter_label": "2020-12 (Q4)",
      "revenue": 533289000,
      "gross_profit": 198240000,
      "operating_income": 143249000,
      "net_income": 113752000,
      "opex": 390040000,
      "cogs": 335049000,
      "rd": null,
      "sga": 86805000,
      "fcf": 70716000,
      "ocf": 86877000,
      "capex": -16161000,
      "gross_margin": 0.3717309001310734,
      "op_margin": 0.26861420355567056,
      "fcf_margin": 0.13260352266782177
    },
    {
      "date": "2021-03-31T00:00:00",
      "quarter_label": "2021-03 (Q1)",
      "revenue": 527360000,
      "gross_profit": 186887000,
      "operating_income": 80441000,
      "net_income": 65400000,
      "opex": 446919000,
      "cogs": 340473000,
      "rd": null,
      "sga": 91599000,
      "fcf": 89022000,
      "ocf": 106719000,
      "capex": -17697000,
      "gross_margin": 0.3543822057038835,
      "op_margin": 0.15253527002427184,
      "fcf_margin": 0.16880688713592232,
      "fcf_margin_change": 0.036203364468100546
    },
    {
      "date": "2021-06-30T00:00:00",
      "quarter_label": "2021-06 (Q2)",
      "revenue": 532256000,
      "gross_profit": 181763000,
      "operating_income": 71699000,
      "net_income": 56522000,
      "opex": 460557000,
      "cogs": 350493000,
      "rd": null,
      "sga": 93838000,
      "fcf": 9413000,
      "ocf": 25320000,
      "capex": -15907000,
      "gross_margin": 0.34149544580051705,
      "op_margin": 0.13470773462394037,
      "fcf_margin": 0.01768509889977755,
      "fcf_margin_change": -0.15112178823614478
    },
    {
      "date": "2021-09-30T00:00:00",
      "quarter_label": "2021-09 (Q3)",
      "revenue": 538667000,
      "gross_profit": 196503000,
      "operating_income": 92869000,
      "net_income": 72003000,
      "opex": 445798000,
      "cogs": 342164000,
      "rd": null,
      "sga": 89217000,
      "fcf": 102120000,
      "ocf": 112988000,
      "capex": -10868000,
      "gross_margin": 0.364794947527879,
      "op_margin": 0.17240521509578274,
      "fcf_margin": 0.18957909060699837,
      "op_leverage_ratio": Infinity,
      "fcf_margin_change": 0.17189399170722083
    },
    {
      "date": "2021-12-31T00:00:00",
      "quarter_label": "2021-12 (Q4)",
      "revenue": 540978000,
      "gross_profit": 204650000,
      "operating_income": 98029000,
      "net_income": 74625000,
      "opex": 442949000,
      "cogs": 336328000,
      "rd": null,
      "sga": 92073000,
      "fcf": 49367000,
      "ocf": 63570000,
      "capex": -14203000,
      "gross_margin": 0.37829634476817914,
      "op_margin": 0.1812069991755672,
      "fcf_margin": 0.09125509724979575,
      "incr_op_margin_yoy": -5.881128885420731,
      "rev_growth_yoy": 0.014418073502359883,
      "fcf_margin_change": -0.09832399335720263
    },
    {
      "date": "2022-03-31T00:00:00",
      "quarter_label": "2022-03 (Q1)",
      "revenue": 530549000,
      "gross_profit": 193997000,
      "operating_income": 89374000,
      "net_income": 64169000,
      "opex": 441175000,
      "cogs": 336552000,
      "rd": null,
      "sga": 89954000,
      "fcf": 88441000,
      "ocf": 101090000,
      "capex": -12649000,
      "gross_margin": 0.36565331383152166,
      "op_margin": 0.16845569400752805,
      "fcf_margin": 0.16669713824736263,
      "incr_op_margin_yoy": 2.8011915961116336,
      "rev_growth_yoy": 0.006047102548543689,
      "rev_growth_yoy_accel": -0.008370970953816195,
      "fcf_margin_change": 0.07544204099756688
    },
    {
      "date": "2022-06-30T00:00:00",
      "quarter_label": "2022-06 (Q2)",
      "revenue": 531288000,
      "gross_profit": 194467000,
      "operating_income": 91938000,
      "net_income": 66456000,
      "opex": 439350000,
      "cogs": 336821000,
      "rd": null,
      "sga": 87853000,
      "fcf": 43619000,
      "ocf": 56580000,
      "capex": -12961000,
      "gross_margin": 0.366029347547846,
      "op_margin": 0.17304738672810227,
      "fcf_margin": 0.082100480342112,
      "rev_growth_yoy": -0.0018186737209162508,
      "rev_growth_yoy_accel": -0.00786577626945994,
      "fcf_margin_change": -0.08459665790525063
    },
    {
      "date": "2022-09-30T00:00:00",
      "quarter_label": "2022-09 (Q3)",
      "revenue": 526472000,
      "gross_profit": 179538000,
      "operating_income": 80857000,
      "net_income": 56873000,
      "opex": 445615000,
      "cogs": 346934000,
      "rd": null,
      "sga": 83992000,
      "fcf": 38561000,
      "ocf": 52017000,
      "capex": -13456000,
      "gross_margin": 0.3410209849716604,
      "op_margin": 0.15358271664969836,
      "fcf_margin": 0.07324416113297573,
      "incr_op_margin_yoy": 0.9849938499384994,
      "rev_growth_yoy": -0.022639218663849835,
      "rev_growth_yoy_accel": -0.020820544942933585,
      "fcf_margin_change": -0.008856319209136265
    },
    {
      "date": "2022-12-31T00:00:00",
      "quarter_label": "2022-12 (Q4)",
      "revenue": 546654000,
      "gross_profit": 197084000,
      "operating_income": 81327000,
      "net_income": 62126000,
      "opex": 465327000,
      "cogs": 349570000,
      "rd": null,
      "sga": 96928000,
      "fcf": 81940000,
      "ocf": 100199000,
      "capex": -18259000,
      "gross_margin": 0.36052786588957547,
      "op_margin": 0.14877234960322253,
      "fcf_margin": 0.14989371704954138,
      "incr_op_margin_yoy": -2.9425651867512332,
      "rev_growth_yoy": 0.010492108736399632,
      "rev_growth_yoy_accel": 0.03313132740024947,
      "op_leverage_ratio": 0.8665987019366775,
      "fcf_margin_change": 0.07664955591656565
    },
    {
      "date": "2023-03-31T00:00:00",
      "quarter_label": "2023-03 (Q1)",
      "revenue": 560157000,
      "gross_profit": 189452000,
      "operating_income": 72819000,
      "net_income": 54121000,
      "opex": 487338000,
      "cogs": 370705000,
      "rd": null,
      "sga": 100095000,
      "fcf": 43472000,
      "ocf": 60492000,
      "capex": -17020000,
      "gross_margin": 0.338212322616695,
      "op_margin": 0.12999748284855853,
      "fcf_margin": 0.0776068138039871,
      "incr_op_margin_yoy": -0.5591394217778979,
      "rev_growth_yoy": 0.0558063439946169,
      "rev_growth_yoy_accel": 0.04531423525821726,
      "op_leverage_ratio": 0.522199216905533,
      "fcf_margin_change": -0.07228690324555428
    },
    {
      "date": "2023-06-30T00:00:00",
      "quarter_label": "2023-06 (Q2)",
      "revenue": 553816000,
      "gross_profit": 179623000,
      "operating_income": 69506000,
      "net_income": 53377000,
      "opex": 484310000,
      "cogs": 374193000,
      "rd": null,
      "sga": 94987000,
      "fcf": 115917000,
      "ocf": 132317000,
      "capex": -16400000,
      "gross_margin": 0.32433696390136796,
      "op_margin": 0.12550377742788218,
      "fcf_margin": 0.2093059788810724,
      "incr_op_margin_yoy": -0.9957386363636364,
      "rev_growth_yoy": 0.04240261402478505,
      "rev_growth_yoy_accel": -0.01340372996983185,
      "fcf_margin_change": 0.13169916507708532
    },
    {
      "date": "2023-09-30T00:00:00",
      "quarter_label": "2023-09 (Q3)",
      "revenue": 564532000,
      "gross_profit": 202174000,
      "operating_income": 86850000,
      "net_income": 74958000,
      "opex": 477682000,
      "cogs": 362358000,
      "rd": null,
      "sga": 99602000,
      "fcf": 17272000,
      "ocf": 28927000,
      "capex": -11655000,
      "gross_margin": 0.35812673152274804,
      "op_margin": 0.15384424620747805,
      "fcf_margin": 0.0305952541219984,
      "incr_op_margin_yoy": 0.15746190225959011,
      "rev_growth_yoy": 0.07229254357306751,
      "rev_growth_yoy_accel": 0.029889929548282464,
      "op_leverage_ratio": Infinity,
      "fcf_margin_change": -0.178710724759074
    },
    {
      "date": "2023-12-31T00:00:00",
      "quarter_label": "2023-12 (Q4)",
      "revenue": 585912000,
      "gross_profit": 227566000,
      "operating_income": 111394000,
      "net_income": 90053000,
      "opex": 474518000,
      "cogs": 358346000,
      "rd": null,
      "sga": 100436000,
      "fcf": 96784000,
      "ocf": 108563000,
      "capex": -11779000,
      "gross_margin": 0.3883962096697115,
      "op_margin": 0.19012070071956197,
      "fcf_margin": 0.1651852155272464,
      "incr_op_margin_yoy": 0.7658821131998573,
      "rev_growth_yoy": 0.0718150786420661,
      "rev_growth_yoy_accel": -0.00047746493100141174,
      "op_leverage_ratio": Infinity,
      "fcf_margin_change": 0.134589961405248
    },
    {
      "date": "2024-03-31T00:00:00",
      "quarter_label": "2024-03 (Q1)",
      "revenue": 589233000,
      "gross_profit": 204106000,
      "operating_income": 72333000,
      "net_income": 65017000,
      "opex": 516900000,
      "cogs": 385127000,
      "rd": null,
      "sga": 115873000,
      "fcf": 72386000,
      "ocf": 84549000,
      "capex": -12163000,
      "gross_margin": 0.3463926833697366,
      "op_margin": 0.1227578903421906,
      "fcf_margin": 0.12284783778233738,
      "incr_op_margin_yoy": -0.01671481634337598,
      "rev_growth_yoy": 0.05190687610794831,
      "rev_growth_yoy_accel": -0.01990820253411779,
      "fcf_margin_change": -0.04233737774490903
    },
    {
      "date": "2024-06-30T00:00:00",
      "quarter_label": "2024-06 (Q2)",
      "revenue": 595880000,
      "gross_profit": 206130000,
      "operating_income": 88125000,
      "net_income": 70887000,
      "opex": 507755000,
      "cogs": 389750000,
      "rd": null,
      "sga": 102255000,
      "fcf": 66455000,
      "ocf": 77517000,
      "capex": -11062000,
      "gross_margin": 0.34592535409814057,
      "op_margin": 0.14789051486876553,
      "fcf_margin": 0.11152413237564611,
      "incr_op_margin_yoy": 0.44263503233168505,
      "rev_growth_yoy": 0.07595302410909038,
      "rev_growth_yoy_accel": 0.024046148001142076,
      "op_leverage_ratio": Infinity,
      "fcf_margin_change": -0.011323705406691267
    },
    {
      "date": "2024-09-30T00:00:00",
      "quarter_label": "2024-09 (Q3)",
      "revenue": 606181000,
      "gross_profit": 209994000,
      "operating_income": 92157000,
      "net_income": 75776000,
      "opex": 514024000,
      "cogs": 396187000,
      "rd": null,
      "sga": 101981000,
      "fcf": 76973000,
      "ocf": 90518000,
      "capex": -13545000,
      "gross_margin": 0.3464212834120502,
      "op_margin": 0.15202884946905298,
      "fcf_margin": 0.12698022537822862,
      "incr_op_margin_yoy": 0.1274220269394223,
      "rev_growth_yoy": 0.07377615440754466,
      "rev_growth_yoy_accel": -0.0021768697015457222,
      "op_leverage_ratio": 1.4001562938804986,
      "fcf_margin_change": 0.015456093002582508
    },
    {
      "date": "2024-12-31T00:00:00",
      "quarter_label": "2024-12 (Q4)",
      "revenue": 639993000,
      "gross_profit": 234118000,
      "operating_income": 113878000,
      "net_income": 90319000,
      "opex": 526115000,
      "cogs": 405875000,
      "rd": null,
      "sga": 104251000,
      "fcf": 152152000,
      "ocf": 164913000,
      "capex": -12761000,
      "gross_margin": 0.36581337608380093,
      "op_margin": 0.17793632117851288,
      "fcf_margin": 0.23774010028234685,
      "incr_op_margin_yoy": 0.04593110334498253,
      "rev_growth_yoy": 0.09230225699422438,
      "rev_growth_yoy_accel": 0.01852610258667972,
      "op_leverage_ratio": 2.371317553697162,
      "fcf_margin_change": 0.11075987490411823
    },
    {
      "date": "2025-03-31T00:00:00",
      "quarter_label": "2025-03 (Q1)",
      "revenue": 646943000,
      "gross_profit": 216413000,
      "operating_income": 94758000,
      "net_income": 71757000,
      "opex": 552185000,
      "cogs": 430530000,
      "rd": null,
      "sga": 105587000,
      "fcf": 19464000,
      "ocf": 32744000,
      "capex": -13280000,
      "gross_margin": 0.33451633296905603,
      "op_margin": 0.14647040001978537,
      "fcf_margin": 0.030086112686898227,
      "incr_op_margin_yoy": 0.38858083521053544,
      "rev_growth_yoy": 0.09794088246924391,
      "rev_growth_yoy_accel": 0.005638625475019532,
      "op_leverage_ratio": 0.21915391514420157,
      "fcf_margin_change": -0.20765398759544862
    },
    {
      "date": "2025-06-30T00:00:00",
      "quarter_label": "2025-06 (Q2)",
      "revenue": 618798000,
      "gross_profit": 184693000,
      "operating_income": 68084000,
      "net_income": 52493000,
      "opex": 550714000,
      "cogs": 434105000,
      "rd": null,
      "sga": 100323000,
      "fcf": 122798000,
      "ocf": 138606000,
      "capex": -15808000,
      "gross_margin": 0.2984705832921244,
      "op_margin": 0.11002621210799,
      "fcf_margin": 0.19844601954111035,
      "incr_op_margin_yoy": -0.8744654856444716,
      "rev_growth_yoy": 0.038460763912197084,
      "rev_growth_yoy_accel": -0.05948011855704683,
      "fcf_margin_change": 0.16835990685421212
    },
    {
      "date": "2025-09-30T00:00:00",
      "quarter_label": "2025-09 (Q3)",
      "revenue": 624900000,
      "gross_profit": 196907000,
      "operating_income": 74750000,
      "net_income": 64237000,
      "opex": 550150000,
      "cogs": 427993000,
      "rd": null,
      "sga": 105775000,
      "fcf": 66030000,
      "ocf": 83389000,
      "capex": -17359000,
      "gross_margin": 0.3151016162586014,
      "op_margin": 0.11961913906224995,
      "fcf_margin": 0.1056649063850216,
      "incr_op_margin_yoy": -0.9299107858325766,
      "rev_growth_yoy": 0.03088021564516209,
      "rev_growth_yoy_accel": -0.007580548267034994,
      "fcf_margin_change": -0.09278111315608875
    }
  ],
  "signals": [
    {
      "quarter": "2025-06 (Q2)",
      "signal": "FCF MARGIN EXPANSION",
      "detail": "FCF margin: +3.0% -> +19.8% (+16.8%)",
      "severity": "MEDIUM"
    },
    {
      "quarter": "2025-06 (Q2)",
      "signal": "YoY REVENUE GROWTH DECELERATION",
      "detail": "YoY growth: +3.8% vs prior quarter YoY: +9.8% (decel: -5.9%)",
      "severity": "WARNING"
    },
    {
      "quarter": "2025-03 (Q1)",
      "signal": "INCREMENTAL MARGIN (YoY)",
      "detail": "YoY Incr OPM: +38.9% vs year-ago OPM: +12.3%",
      "severity": "HIGH"
    },
    {
      "quarter": "2024-12 (Q4)",
      "signal": "FCF MARGIN EXPANSION",
      "detail": "FCF margin: +12.7% -> +23.8% (+11.1%)",
      "severity": "MEDIUM"
    },
    {
      "quarter": "2024-12 (Q4)",
      "signal": "OPERATING LEVERAGE",
      "detail": "Rev growth +5.6% vs OpEx growth +2.4% (leverage: 2.4x)",
      "severity": "MEDIUM"
    },
    {
      "quarter": "2024-06 (Q2)",
      "signal": "INCREMENTAL MARGIN (YoY)",
      "detail": "YoY Incr OPM: +44.3% vs year-ago OPM: +12.6%",
      "severity": "HIGH"
    },
    {
      "quarter": "2023-12 (Q4)",
      "signal": "FCF MARGIN EXPANSION",
      "detail": "FCF margin: +3.1% -> +16.5% (+13.5%)",
      "severity": "MEDIUM"
    },
    {
      "quarter": "2023-12 (Q4)",
      "signal": "INCREMENTAL MARGIN (YoY)",
      "detail": "YoY Incr OPM: +76.6% vs year-ago OPM: +14.9%",
      "severity": "HIGH"
    },
    {
      "quarter": "2023-09 (Q3)",
      "signal": "GROSS MARGIN INFLECTION",
      "detail": "GM: +33.8% -> +32.4% -> +35.8% (reversal +3.4%)",
      "severity": "MEDIUM"
    },
    {
      "quarter": "2023-06 (Q2)",
      "signal": "FCF MARGIN EXPANSION",
      "detail": "FCF margin: +7.8% -> +20.9% (+13.2%)",
      "severity": "MEDIUM"
    },
    {
      "quarter": "2022-12 (Q4)",
      "signal": "FCF MARGIN EXPANSION",
      "detail": "FCF margin: +7.3% -> +15.0% (+7.7%)",
      "severity": "MEDIUM"
    },
    {
      "quarter": "2022-09 (Q3)",
      "signal": "INCREMENTAL MARGIN (YoY)",
      "detail": "YoY Incr OPM: +98.5% vs year-ago OPM: +17.2%",
      "severity": "HIGH"
    },
    {
      "quarter": "2022-03 (Q1)",
      "signal": "FCF MARGIN EXPANSION",
      "detail": "FCF margin: +9.1% -> +16.7% (+7.5%)",
      "severity": "MEDIUM"
    },
    {
      "quarter": "2022-03 (Q1)",
      "signal": "INCREMENTAL MARGIN (YoY)",
      "detail": "YoY Incr OPM: +280.1% vs year-ago OPM: +15.3%",
      "severity": "HIGH"
    },
    {
      "quarter": "2021-09 (Q3)",
      "signal": "FCF MARGIN EXPANSION",
      "detail": "FCF margin: +1.8% -> +19.0% (+17.2%)",
      "severity": "MEDIUM"
    },
    {
      "quarter": "2021-09 (Q3)",
      "signal": "GROSS MARGIN INFLECTION",
      "detail": "GM: +35.4% -> +34.1% -> +36.5% (reversal +2.3%)",
      "severity": "MEDIUM"
    }
  ],
  "data_quality": {
    "n_quarters": 20,
    "coverage": {
      "revenue": [
        20,
        20
      ],
      "gross_profit": [
        20,
        20
      ],
      "op_income": [
        20,
        20
      ],
      "fcf": [
        20,
        20
      ]
    },
    "gaps": [],
    "warnings": []
  },
  "market_cap": null,
  "source": "SEC EDGAR",
  "last_updated": "2026-02-02T20:54:16.717454"
}