{
  "ticker": "CHGG",
  "name": "CHEGG, INC",
  "quarters": [
    {
      "date": "2020-12-31T00:00:00",
      "quarter_label": "2020-12 (Q4)",
      "revenue": 205721000,
      "gross_profit": 148588000,
      "operating_income": 49218000,
      "net_income": 26043000,
      "opex": 99370000,
      "cogs": 57133000,
      "rd": 46949000,
      "sga": null,
      "fcf": 43927000,
      "ocf": 67787000,
      "capex": -23860000,
      "gross_margin": 0.7222792033871117,
      "op_margin": 0.23924635793137308,
      "fcf_margin": 0.2135270584918409
    },
    {
      "date": "2021-03-31T00:00:00",
      "quarter_label": "2021-03 (Q1)",
      "revenue": 198378000,
      "gross_profit": 126994000,
      "operating_income": 16779000,
      "net_income": -65179000,
      "opex": 110215000,
      "cogs": 71384000,
      "rd": 46131000,
      "sga": null,
      "fcf": 54589000,
      "ocf": 73573000,
      "capex": -18984000,
      "gross_margin": 0.6401617114801036,
      "op_margin": 0.08458095151680126,
      "fcf_margin": 0.27517668289830527,
      "fcf_margin_change": 0.061649624406464376
    },
    {
      "date": "2021-06-30T00:00:00",
      "quarter_label": "2021-06 (Q2)",
      "revenue": 198478000,
      "gross_profit": 137770000,
      "operating_income": 34770000,
      "net_income": 32764000,
      "opex": 103000000,
      "cogs": 60708000,
      "rd": 41595000,
      "sga": null,
      "fcf": 43317000,
      "ocf": 70928000,
      "capex": -27611000,
      "gross_margin": 0.6941323471619021,
      "op_margin": 0.17518314372373764,
      "fcf_margin": 0.21824585092554338,
      "fcf_margin_change": -0.056930831972761886
    },
    {
      "date": "2021-09-30T00:00:00",
      "quarter_label": "2021-09 (Q3)",
      "revenue": 171942000,
      "gross_profit": 104840000,
      "operating_income": 361000,
      "net_income": 6651000,
      "opex": 104479000,
      "cogs": 67102000,
      "rd": 43269000,
      "sga": null,
      "fcf": 43091000,
      "ocf": 63622000,
      "capex": -20531000,
      "gross_margin": 0.6097404938874736,
      "op_margin": 0.002099545195472892,
      "fcf_margin": 0.250613578997569,
      "fcf_margin_change": 0.03236772807202559
    },
    {
      "date": "2021-12-31T00:00:00",
      "quarter_label": "2021-12 (Q4)",
      "revenue": 207467000,
      "gross_profit": 151757000,
      "operating_income": 26197000,
      "net_income": 24306000,
      "opex": 125560000,
      "cogs": 55710000,
      "rd": 47826000,
      "sga": null,
      "fcf": 38047000,
      "ocf": 65101000,
      "capex": -27054000,
      "gross_margin": 0.7314753671668265,
      "op_margin": 0.12627068401239716,
      "fcf_margin": 0.18338820149710555,
      "incr_op_margin_yoy": -13.184994272623138,
      "rev_growth_yoy": 0.00848722298647197,
      "op_leverage_ratio": 1.0239763152736268,
      "fcf_margin_change": -0.06722537750046342
    },
    {
      "date": "2022-03-31T00:00:00",
      "quarter_label": "2022-03 (Q1)",
      "revenue": 202244000,
      "gross_profit": 147159000,
      "operating_income": 5376000,
      "net_income": 5742000,
      "opex": 141783000,
      "cogs": 55085000,
      "rd": 52415000,
      "sga": null,
      "fcf": 50502000,
      "ocf": 80035000,
      "capex": -29533000,
      "gross_margin": 0.727630980399913,
      "op_margin": 0.02658175273432092,
      "fcf_margin": 0.24970827317497676,
      "incr_op_margin_yoy": -2.9495602690118985,
      "rev_growth_yoy": 0.019488048069846456,
      "rev_growth_yoy_accel": 0.011000825083374487,
      "fcf_margin_change": 0.06632007167787121
    },
    {
      "date": "2022-06-30T00:00:00",
      "quarter_label": "2022-06 (Q2)",
      "revenue": 194721000,
      "gross_profit": 149037000,
      "operating_income": 7343000,
      "net_income": 7476000,
      "opex": 141694000,
      "cogs": 45684000,
      "rd": 52480000,
      "sga": null,
      "fcf": 35967000,
      "ocf": 63720000,
      "capex": -27753000,
      "gross_margin": 0.7653874004344677,
      "op_margin": 0.03771036508645703,
      "fcf_margin": 0.184710431848645,
      "incr_op_margin_yoy": 7.300239552834708,
      "rev_growth_yoy": -0.01892905007104062,
      "rev_growth_yoy_accel": -0.038417098140887077,
      "fcf_margin_change": -0.06499784132633177
    },
    {
      "date": "2022-09-30T00:00:00",
      "quarter_label": "2022-09 (Q3)",
      "revenue": 164739000,
      "gross_profit": 119536000,
      "operating_income": -11435000,
      "net_income": 251562000,
      "opex": 130971000,
      "cogs": 45203000,
      "rd": 45426000,
      "sga": null,
      "fcf": 16005000,
      "ocf": 37961000,
      "capex": -21956000,
      "gross_margin": 0.7256083865994087,
      "op_margin": -0.06941282877764221,
      "fcf_margin": 0.09715367945659498,
      "incr_op_margin_yoy": 1.6376509787588505,
      "rev_growth_yoy": -0.04189203336008654,
      "rev_growth_yoy_accel": -0.02296298328904592,
      "fcf_margin_change": -0.08755675239205002
    },
    {
      "date": "2022-12-31T00:00:00",
      "quarter_label": "2022-12 (Q4)",
      "revenue": 205193000,
      "gross_profit": 153769000,
      "operating_income": 7673000,
      "net_income": 1858000,
      "opex": 146096000,
      "cogs": 51424000,
      "rd": 46316000,
      "sga": null,
      "fcf": 50170000,
      "ocf": 74020000,
      "capex": -23850000,
      "gross_margin": 0.7493871623300989,
      "op_margin": 0.0373940631503024,
      "fcf_margin": 0.24450151808297554,
      "incr_op_margin_yoy": 8.145998240985048,
      "rev_growth_yoy": -0.0109607793046605,
      "rev_growth_yoy_accel": 0.030931254055426037,
      "op_leverage_ratio": 2.1263992229331055,
      "fcf_margin_change": 0.14734783862638057
    },
    {
      "date": "2023-03-31T00:00:00",
      "quarter_label": "2023-03 (Q1)",
      "revenue": 187601000,
      "gross_profit": 138451000,
      "operating_income": -4446000,
      "net_income": 2186000,
      "opex": 142897000,
      "cogs": 49150000,
      "rd": 46907000,
      "sga": null,
      "fcf": 55994000,
      "ocf": 73160000,
      "capex": -17166000,
      "gross_margin": 0.7380077931354311,
      "op_margin": -0.023699234012611873,
      "fcf_margin": 0.2984738887319364,
      "incr_op_margin_yoy": 0.6707641876664618,
      "rev_growth_yoy": -0.07240264235280157,
      "rev_growth_yoy_accel": -0.06144186304814107,
      "fcf_margin_change": 0.05397237064896088
    },
    {
      "date": "2023-06-30T00:00:00",
      "quarter_label": "2023-06 (Q2)",
      "revenue": 182853000,
      "gross_profit": 135441000,
      "operating_income": -18696000,
      "net_income": 24612000,
      "opex": 154137000,
      "cogs": 47412000,
      "rd": 52872000,
      "sga": null,
      "fcf": 46049000,
      "ocf": 62747000,
      "capex": -16698000,
      "gross_margin": 0.7407097504552838,
      "op_margin": -0.10224606651244442,
      "fcf_margin": 0.25183617441332656,
      "incr_op_margin_yoy": 2.194051230198854,
      "rev_growth_yoy": -0.06094874204631242,
      "rev_growth_yoy_accel": 0.01145390030648915,
      "fcf_margin_change": -0.04663771431860986
    },
    {
      "date": "2023-09-30T00:00:00",
      "quarter_label": "2023-09 (Q3)",
      "revenue": 157854000,
      "gross_profit": 74279000,
      "operating_income": -57870000,
      "net_income": -18283000,
      "opex": 132149000,
      "cogs": 83575000,
      "rd": 46202000,
      "sga": null,
      "fcf": 9373000,
      "ocf": 32807000,
      "capex": -23434000,
      "gross_margin": 0.47055506987469436,
      "op_margin": -0.36660458398266754,
      "fcf_margin": 0.05937765276774741,
      "incr_op_margin_yoy": 6.7443718228031955,
      "rev_growth_yoy": -0.041793382259210025,
      "rev_growth_yoy_accel": 0.019155359787102394,
      "fcf_margin_change": -0.19245852164557914
    },
    {
      "date": "2023-12-31T00:00:00",
      "quarter_label": "2023-12 (Q4)",
      "revenue": 187987000,
      "gross_profit": 142183000,
      "operating_income": 13287000,
      "net_income": 9665000,
      "opex": 128896000,
      "cogs": 45804000,
      "rd": 45724000,
      "sga": null,
      "fcf": 51730000,
      "ocf": 77484000,
      "capex": -25754000,
      "gross_margin": 0.7563448536334959,
      "op_margin": 0.07068041939070255,
      "fcf_margin": 0.27517860277572387,
      "incr_op_margin_yoy": -0.32628152969894225,
      "rev_growth_yoy": -0.0838527630084847,
      "rev_growth_yoy_accel": -0.04205938074927467,
      "op_leverage_ratio": Infinity,
      "fcf_margin_change": 0.21580095000797644
    },
    {
      "date": "2024-03-31T00:00:00",
      "quarter_label": "2024-03 (Q1)",
      "revenue": 174350000,
      "gross_profit": 127853000,
      "operating_income": -2491000,
      "net_income": -1420000,
      "opex": 130344000,
      "cogs": 46497000,
      "rd": 44435000,
      "sga": null,
      "fcf": 25301000,
      "ocf": 53318000,
      "capex": -28017000,
      "gross_margin": 0.7333123028391167,
      "op_margin": -0.014287353025523373,
      "fcf_margin": 0.14511614568396902,
      "incr_op_margin_yoy": -0.1475360350162252,
      "rev_growth_yoy": -0.07063395184460637,
      "rev_growth_yoy_accel": 0.013218811163878325,
      "fcf_margin_change": -0.13006245709175485
    },
    {
      "date": "2024-06-30T00:00:00",
      "quarter_label": "2024-06 (Q2)",
      "revenue": 163147000,
      "gross_profit": 117736000,
      "operating_income": -485007000,
      "net_income": -616884000,
      "opex": 602743000,
      "cogs": 45411000,
      "rd": 43651000,
      "sga": null,
      "fcf": -3573000,
      "ocf": 14227000,
      "capex": -17800000,
      "gross_margin": 0.7216559299282242,
      "op_margin": -2.972822056182461,
      "fcf_margin": -0.02190049464593281,
      "incr_op_margin_yoy": 23.663402009540242,
      "rev_growth_yoy": -0.10776962915566056,
      "rev_growth_yoy_accel": -0.03713567731105419,
      "fcf_margin_change": -0.16701664032990182
    },
    {
      "date": "2024-09-30T00:00:00",
      "quarter_label": "2024-09 (Q3)",
      "revenue": 136593000,
      "gross_profit": 93173000,
      "operating_income": -222290000,
      "net_income": -212639000,
      "opex": 315463000,
      "cogs": 43420000,
      "rd": 41337000,
      "sga": null,
      "fcf": 23690000,
      "ocf": 39532000,
      "capex": -15842000,
      "gross_margin": 0.6821213385751832,
      "op_margin": -1.6273893976997358,
      "fcf_margin": 0.17343494908231022,
      "incr_op_margin_yoy": 7.733408588495367,
      "rev_growth_yoy": -0.13468774943935535,
      "rev_growth_yoy_accel": -0.026918120283694794,
      "fcf_margin_change": 0.19533544372824302
    },
    {
      "date": "2024-12-31T00:00:00",
      "quarter_label": "2024-12 (Q4)",
      "revenue": 143484000,
      "gross_profit": 97885000,
      "operating_income": -27320000,
      "net_income": -6125000,
      "opex": 125205000,
      "cogs": 45599000,
      "rd": 41008000,
      "sga": null,
      "fcf": 4834000,
      "ocf": 18128000,
      "capex": -13294000,
      "gross_margin": 0.6822014998187951,
      "op_margin": -0.19040450503191994,
      "fcf_margin": 0.03369016754481336,
      "incr_op_margin_yoy": 0.9124553400894322,
      "rev_growth_yoy": -0.23673445504210397,
      "rev_growth_yoy_accel": -0.10204670560274862,
      "op_leverage_ratio": Infinity,
      "fcf_margin_change": -0.13974478153749686
    },
    {
      "date": "2025-03-31T00:00:00",
      "quarter_label": "2025-03 (Q1)",
      "revenue": 121387000,
      "gross_profit": 67414000,
      "operating_income": -29002000,
      "net_income": -17484000,
      "opex": 96416000,
      "cogs": 53973000,
      "rd": 29428000,
      "sga": null,
      "fcf": 15861000,
      "ocf": 24526000,
      "capex": -8665000,
      "gross_margin": 0.5553642482308649,
      "op_margin": -0.23892179557942778,
      "fcf_margin": 0.13066473345580665,
      "incr_op_margin_yoy": 0.5005569926174877,
      "rev_growth_yoy": -0.3037740177803269,
      "rev_growth_yoy_accel": -0.06703956273822295,
      "fcf_margin_change": 0.0969745659109933
    },
    {
      "date": "2025-06-30T00:00:00",
      "quarter_label": "2025-06 (Q2)",
      "revenue": 105120000,
      "gross_profit": 69642000,
      "operating_income": -36458000,
      "net_income": -35663000,
      "opex": 106100000,
      "cogs": 35478000,
      "rd": 28717000,
      "sga": null,
      "fcf": -12070000,
      "ocf": -4840000,
      "capex": -7230000,
      "gross_margin": 0.6625,
      "op_margin": -0.34682267884322676,
      "fcf_margin": -0.11482115677321157,
      "incr_op_margin_yoy": -7.730004997673497,
      "rev_growth_yoy": -0.35567310462343776,
      "rev_growth_yoy_accel": -0.05189908684311084,
      "fcf_margin_change": -0.24548589022901823
    },
    {
      "date": "2025-09-30T00:00:00",
      "quarter_label": "2025-09 (Q3)",
      "revenue": 77742000,
      "gross_profit": 46041000,
      "operating_income": -17124000,
      "net_income": -17471000,
      "opex": 63165000,
      "cogs": 31701000,
      "rd": 18350000,
      "sga": null,
      "fcf": -943000,
      "ocf": 4813000,
      "capex": -5756000,
      "gross_margin": 0.5922281392297599,
      "op_margin": -0.22026703712279078,
      "fcf_margin": -0.012129865452393815,
      "incr_op_margin_yoy": -3.486193947426552,
      "rev_growth_yoy": -0.43084931145812744,
      "rev_growth_yoy_accel": -0.07517620683468967,
      "fcf_margin_change": 0.10269129132081775
    }
  ],
  "signals": [
    {
      "quarter": "2025-09 (Q3)",
      "signal": "FCF MARGIN EXPANSION",
      "detail": "FCF margin: -11.5% -> -1.2% (+10.3%)",
      "severity": "MEDIUM"
    },
    {
      "quarter": "2025-09 (Q3)",
      "signal": "YoY REVENUE GROWTH DECELERATION",
      "detail": "YoY growth: -43.1% vs prior quarter YoY: -35.6% (decel: -7.5%)",
      "severity": "WARNING"
    },
    {
      "quarter": "2025-06 (Q2)",
      "signal": "GROSS MARGIN INFLECTION",
      "detail": "GM: +68.2% -> +55.5% -> +66.2% (reversal +10.7%)",
      "severity": "HIGH"
    },
    {
      "quarter": "2025-06 (Q2)",
      "signal": "YoY REVENUE GROWTH DECELERATION",
      "detail": "YoY growth: -35.6% vs prior quarter YoY: -30.4% (decel: -5.2%)",
      "severity": "WARNING"
    },
    {
      "quarter": "2025-03 (Q1)",
      "signal": "FCF MARGIN EXPANSION",
      "detail": "FCF margin: +3.4% -> +13.1% (+9.7%)",
      "severity": "MEDIUM"
    },
    {
      "quarter": "2025-03 (Q1)",
      "signal": "YoY REVENUE GROWTH DECELERATION",
      "detail": "YoY growth: -30.4% vs prior quarter YoY: -23.7% (decel: -6.7%)",
      "severity": "WARNING"
    },
    {
      "quarter": "2024-12 (Q4)",
      "signal": "YoY REVENUE GROWTH DECELERATION",
      "detail": "YoY growth: -23.7% vs prior quarter YoY: -13.5% (decel: -10.2%)",
      "severity": "WARNING"
    },
    {
      "quarter": "2024-09 (Q3)",
      "signal": "FCF TURNED POSITIVE",
      "detail": "FCF margin: -2.2% -> +17.3%",
      "severity": "HIGH"
    },
    {
      "quarter": "2023-12 (Q4)",
      "signal": "FCF MARGIN EXPANSION",
      "detail": "FCF margin: +5.9% -> +27.5% (+21.6%)",
      "severity": "MEDIUM"
    },
    {
      "quarter": "2023-12 (Q4)",
      "signal": "GROSS MARGIN INFLECTION",
      "detail": "GM: +74.1% -> +47.1% -> +75.6% (reversal +28.6%)",
      "severity": "HIGH"
    },
    {
      "quarter": "2023-12 (Q4)",
      "signal": "OP MARGIN TURNED POSITIVE (QoQ)",
      "detail": "Op margin: -36.7% -> +7.1%",
      "severity": "HIGH"
    },
    {
      "quarter": "2023-03 (Q1)",
      "signal": "FCF MARGIN EXPANSION",
      "detail": "FCF margin: +24.5% -> +29.8% (+5.4%)",
      "severity": "MEDIUM"
    },
    {
      "quarter": "2023-03 (Q1)",
      "signal": "YoY REVENUE GROWTH DECELERATION",
      "detail": "YoY growth: -7.2% vs prior quarter YoY: -1.1% (decel: -6.1%)",
      "severity": "WARNING"
    },
    {
      "quarter": "2022-12 (Q4)",
      "signal": "FCF MARGIN EXPANSION",
      "detail": "FCF margin: +9.7% -> +24.5% (+14.7%)",
      "severity": "MEDIUM"
    },
    {
      "quarter": "2022-12 (Q4)",
      "signal": "OPERATING LEVERAGE",
      "detail": "Rev growth +24.6% vs OpEx growth +11.5% (leverage: 2.1x)",
      "severity": "MEDIUM"
    },
    {
      "quarter": "2022-12 (Q4)",
      "signal": "GROSS MARGIN INFLECTION",
      "detail": "GM: +76.5% -> +72.6% -> +74.9% (reversal +2.4%)",
      "severity": "MEDIUM"
    },
    {
      "quarter": "2022-12 (Q4)",
      "signal": "INCREMENTAL MARGIN (YoY)",
      "detail": "YoY Incr OPM: +814.6% vs year-ago OPM: +12.6%",
      "severity": "HIGH"
    },
    {
      "quarter": "2022-12 (Q4)",
      "signal": "OP MARGIN TURNED POSITIVE (QoQ)",
      "detail": "Op margin: -6.9% -> +3.7%",
      "severity": "HIGH"
    },
    {
      "quarter": "2022-06 (Q2)",
      "signal": "GROSS MARGIN INFLECTION",
      "detail": "GM: +73.1% -> +72.8% -> +76.5% (reversal +3.8%)",
      "severity": "MEDIUM"
    },
    {
      "quarter": "2022-06 (Q2)",
      "signal": "INCREMENTAL MARGIN (YoY)",
      "detail": "YoY Incr OPM: +730.0% vs year-ago OPM: +17.5%",
      "severity": "HIGH"
    },
    {
      "quarter": "2022-03 (Q1)",
      "signal": "FCF MARGIN EXPANSION",
      "detail": "FCF margin: +18.3% -> +25.0% (+6.6%)",
      "severity": "MEDIUM"
    },
    {
      "quarter": "2021-12 (Q4)",
      "signal": "GROSS MARGIN INFLECTION",
      "detail": "GM: +69.4% -> +61.0% -> +73.1% (reversal +12.2%)",
      "severity": "HIGH"
    },
    {
      "quarter": "2021-06 (Q2)",
      "signal": "GROSS MARGIN INFLECTION",
      "detail": "GM: +72.2% -> +64.0% -> +69.4% (reversal +5.4%)",
      "severity": "HIGH"
    },
    {
      "quarter": "2021-03 (Q1)",
      "signal": "FCF MARGIN EXPANSION",
      "detail": "FCF margin: +21.4% -> +27.5% (+6.2%)",
      "severity": "MEDIUM"
    }
  ],
  "data_quality": {
    "n_quarters": 20,
    "coverage": {
      "revenue": [
        20,
        20
      ],
      "gross_profit": [
        20,
        20
      ],
      "op_income": [
        20,
        20
      ],
      "fcf": [
        20,
        20
      ]
    },
    "gaps": [],
    "warnings": []
  },
  "market_cap": null,
  "source": "SEC EDGAR",
  "last_updated": "2026-02-02T23:25:12.133007"
}