{
  "ticker": "CHPT",
  "name": "ChargePoint Holdings, Inc.",
  "quarters": [
    {
      "date": "2021-01-31T00:00:00",
      "quarter_label": "2021-01 (Q1)",
      "revenue": 42392000,
      "gross_profit": 8904000,
      "operating_income": -35320000,
      "net_income": -90749000,
      "opex": 44224000,
      "cogs": 33488000,
      "rd": 20946000,
      "sga": null,
      "fcf": -23496000,
      "ocf": -20925000,
      "capex": -2571000,
      "gross_margin": 0.21003963011889035,
      "op_margin": -0.8331760709567843,
      "fcf_margin": -0.5542555199094169
    },
    {
      "date": "2021-04-30T00:00:00",
      "quarter_label": "2021-04 (Q2)",
      "revenue": 40510000,
      "gross_profit": 9217000,
      "operating_income": -46598000,
      "net_income": 82289000,
      "opex": 55815000,
      "cogs": 31293000,
      "rd": 25374000,
      "sga": null,
      "fcf": -41677000,
      "ocf": -37539000,
      "capex": -4138000,
      "gross_margin": 0.22752406813132559,
      "op_margin": -1.1502838805233275,
      "fcf_margin": -1.0288077018020243,
      "fcf_margin_change": -0.4745521818926074
    },
    {
      "date": "2021-07-31T00:00:00",
      "quarter_label": "2021-07 (Q3)",
      "revenue": 56121000,
      "gross_profit": 10777000,
      "operating_income": -74288000,
      "net_income": -84938000,
      "opex": 85065000,
      "cogs": 45344000,
      "rd": 40410000,
      "sga": null,
      "fcf": -27309000,
      "ocf": -23659000,
      "capex": -3650000,
      "gross_margin": 0.192031503358814,
      "op_margin": -1.3237112667272501,
      "fcf_margin": -0.4866092906398674,
      "op_leverage_ratio": 0.7353490559469331,
      "fcf_margin_change": 0.542198411162157
    },
    {
      "date": "2021-10-31T00:00:00",
      "quarter_label": "2021-10 (Q4)",
      "revenue": 65034000,
      "gross_profit": 16056000,
      "operating_income": -65324000,
      "net_income": -69442000,
      "opex": 81380000,
      "cogs": 48978000,
      "rd": 36751000,
      "sga": null,
      "fcf": -52161000,
      "ocf": -47885000,
      "capex": -4276000,
      "gross_margin": 0.2468862441184611,
      "op_margin": -1.0044592059538089,
      "fcf_margin": -0.8020573853676538,
      "op_leverage_ratio": Infinity,
      "fcf_margin_change": -0.3154480947277864
    },
    {
      "date": "2022-01-31T00:00:00",
      "quarter_label": "2022-01 (Q1)",
      "revenue": 79341000,
      "gross_profit": 17483000,
      "operating_income": -79230000,
      "net_income": -60149000,
      "opex": 96713000,
      "cogs": 61858000,
      "rd": 42508000,
      "sga": null,
      "fcf": -52441000,
      "ocf": -48095000,
      "capex": -4346000,
      "gross_margin": 0.22035265499552564,
      "op_margin": -0.9986009755359776,
      "fcf_margin": -0.6609571343945753,
      "incr_op_margin_yoy": -1.1883948144740046,
      "rev_growth_yoy": 0.8716031326665409,
      "op_leverage_ratio": 1.1676122972793297,
      "fcf_margin_change": 0.14110025097307854
    },
    {
      "date": "2022-04-30T00:00:00",
      "quarter_label": "2022-04 (Q2)",
      "revenue": 81633000,
      "gross_profit": 12107000,
      "operating_income": -89830000,
      "net_income": -89266000,
      "opex": 101937000,
      "cogs": 69526000,
      "rd": 48302000,
      "sga": null,
      "fcf": -74011000,
      "ocf": -70821000,
      "capex": -3190000,
      "gross_margin": 0.14831011968199134,
      "op_margin": -1.1004128232455013,
      "fcf_margin": -0.9066308968186885,
      "incr_op_margin_yoy": -1.0512851688835931,
      "rev_growth_yoy": 1.0151320661565046,
      "rev_growth_yoy_accel": 0.14352893348996376,
      "op_leverage_ratio": 0.5348089052791358,
      "fcf_margin_change": -0.2456737624241132
    },
    {
      "date": "2022-07-31T00:00:00",
      "quarter_label": "2022-07 (Q3)",
      "revenue": 108292000,
      "gross_profit": 18153000,
      "operating_income": -90370000,
      "net_income": -92700000,
      "opex": 108523000,
      "cogs": 90139000,
      "rd": 51804000,
      "sga": null,
      "fcf": -68533000,
      "ocf": -62851000,
      "capex": -5682000,
      "gross_margin": 0.1676301111808813,
      "op_margin": -0.8345030103793447,
      "fcf_margin": -0.6328537657444686,
      "incr_op_margin_yoy": -0.3082555442678883,
      "rev_growth_yoy": 0.9296163646406871,
      "rev_growth_yoy_accel": -0.08551570151581755,
      "op_leverage_ratio": 5.0546166012001255,
      "fcf_margin_change": 0.27377713107421986
    },
    {
      "date": "2022-10-31T00:00:00",
      "quarter_label": "2022-10 (Q4)",
      "revenue": 125341000,
      "gross_profit": 22681000,
      "operating_income": -83278000,
      "net_income": -84480000,
      "opex": 105959000,
      "cogs": 102660000,
      "rd": 48132000,
      "sga": null,
      "fcf": -88249000,
      "ocf": -82979000,
      "capex": -5270000,
      "gross_margin": 0.1809543565154259,
      "op_margin": -0.6644114854676443,
      "fcf_margin": -0.7040712935113012,
      "incr_op_margin_yoy": -0.2977100502429237,
      "rev_growth_yoy": 0.9273149429529169,
      "rev_growth_yoy_accel": -0.0023014216877701443,
      "op_leverage_ratio": Infinity,
      "fcf_margin_change": -0.07121752776683254
    },
    {
      "date": "2023-01-31T00:00:00",
      "quarter_label": "2023-01 (Q1)",
      "revenue": 152827000,
      "gross_profit": 32991000,
      "operating_income": -78306000,
      "net_income": -78662000,
      "opex": 111297000,
      "cogs": 119836000,
      "rd": 46720000,
      "sga": null,
      "fcf": -54819000,
      "ocf": -50398000,
      "capex": -4421000,
      "gross_margin": 0.21587154102351025,
      "op_margin": -0.5123832830586218,
      "fcf_margin": -0.3586997062037467,
      "incr_op_margin_yoy": 0.012573823585444847,
      "rev_growth_yoy": 0.9262046104788193,
      "rev_growth_yoy_accel": -0.0011103324740976417,
      "op_leverage_ratio": 4.352889758851005,
      "fcf_margin_change": 0.34537158730755446
    },
    {
      "date": "2023-04-30T00:00:00",
      "quarter_label": "2023-04 (Q2)",
      "revenue": 130030000,
      "gross_profit": 30535000,
      "operating_income": -79922000,
      "net_income": -79388000,
      "opex": 110457000,
      "cogs": 99495000,
      "rd": 49396000,
      "sga": null,
      "fcf": -110085000,
      "ocf": -104245000,
      "capex": -5840000,
      "gross_margin": 0.23483042374836577,
      "op_margin": -0.6146427747442897,
      "fcf_margin": -0.8466123202337922,
      "incr_op_margin_yoy": 0.20472343327065728,
      "rev_growth_yoy": 0.592860730341896,
      "rev_growth_yoy_accel": -0.3333438801369233,
      "fcf_margin_change": -0.4879126140300455
    },
    {
      "date": "2023-07-31T00:00:00",
      "quarter_label": "2023-07 (Q3)",
      "revenue": 150494000,
      "gross_profit": 1125000,
      "operating_income": -123332000,
      "net_income": -125255000,
      "opex": 124457000,
      "cogs": 149369000,
      "rd": 59642000,
      "sga": null,
      "fcf": -90394000,
      "ocf": -86357000,
      "capex": -4037000,
      "gross_margin": 0.007475381078315415,
      "op_margin": -0.8195143992451527,
      "fcf_margin": -0.6006485308384387,
      "incr_op_margin_yoy": -0.7810530306620539,
      "rev_growth_yoy": 0.3897056107561039,
      "rev_growth_yoy_accel": -0.20315511958579213,
      "op_leverage_ratio": 1.2416871095681214,
      "fcf_margin_change": 0.24596378939535346
    },
    {
      "date": "2023-10-31T00:00:00",
      "quarter_label": "2023-10 (Q4)",
      "revenue": 110283000,
      "gross_profit": -23946000,
      "operating_income": -153767000,
      "net_income": -158219000,
      "opex": 129821000,
      "cogs": 134229000,
      "rd": 56524000,
      "sga": null,
      "fcf": -101680000,
      "ocf": -96886000,
      "capex": -4794000,
      "gross_margin": -0.217132286934523,
      "op_margin": -1.3942946782368997,
      "fcf_margin": -0.9219916034202914,
      "incr_op_margin_yoy": 4.68116615752424,
      "rev_growth_yoy": -0.12013626826018621,
      "rev_growth_yoy_accel": -0.5098418790162901,
      "fcf_margin_change": -0.3213430725818527
    },
    {
      "date": "2024-01-31T00:00:00",
      "quarter_label": "2024-01 (Q1)",
      "revenue": 115832000,
      "gross_profit": 22404000,
      "operating_income": -92930000,
      "net_income": -94748000,
      "opex": 115334000,
      "cogs": 93428000,
      "rd": 55218000,
      "sga": null,
      "fcf": -46206000,
      "ocf": -41453000,
      "capex": -4753000,
      "gross_margin": 0.19341805373299262,
      "op_margin": -0.8022826162027764,
      "fcf_margin": -0.3989053111402721,
      "incr_op_margin_yoy": 0.39529666171104205,
      "rev_growth_yoy": -0.242071100001963,
      "rev_growth_yoy_accel": -0.12193483174177679,
      "op_leverage_ratio": Infinity,
      "fcf_margin_change": 0.5230862922800192
    },
    {
      "date": "2024-04-30T00:00:00",
      "quarter_label": "2024-04 (Q2)",
      "revenue": 107042000,
      "gross_profit": 23610000,
      "operating_income": -67139000,
      "net_income": -71799000,
      "opex": 90749000,
      "cogs": 83432000,
      "rd": 36052000,
      "sga": null,
      "fcf": -66010000,
      "ocf": -62542000,
      "capex": -3468000,
      "gross_margin": 0.22056762766017077,
      "op_margin": -0.627221090786794,
      "fcf_margin": -0.6166738289643318,
      "incr_op_margin_yoy": -0.5560727336001392,
      "rev_growth_yoy": -0.17678997154502807,
      "rev_growth_yoy_accel": 0.06528112845693493,
      "fcf_margin_change": -0.21776851782405965
    },
    {
      "date": "2024-07-31T00:00:00",
      "quarter_label": "2024-07 (Q3)",
      "revenue": 108539000,
      "gross_profit": 25585000,
      "operating_income": -62746000,
      "net_income": -68874000,
      "opex": 88331000,
      "cogs": 82954000,
      "rd": 36510000,
      "sga": null,
      "fcf": -54997000,
      "ocf": -51164000,
      "capex": -3833000,
      "gross_margin": 0.23572172214595674,
      "op_margin": -0.5780963524631699,
      "fcf_margin": -0.5067026598734096,
      "incr_op_margin_yoy": -1.4440710284828984,
      "rev_growth_yoy": -0.27878187834730955,
      "rev_growth_yoy_accel": -0.10199190680228148,
      "op_leverage_ratio": Infinity,
      "fcf_margin_change": 0.1099711690909222
    },
    {
      "date": "2024-10-31T00:00:00",
      "quarter_label": "2024-10 (Q4)",
      "revenue": 99612000,
      "gross_profit": 22786000,
      "operating_income": -68166000,
      "net_income": -77590000,
      "opex": 90952000,
      "cogs": 76826000,
      "rd": 38299000,
      "sga": null,
      "fcf": -33394000,
      "ocf": -30559000,
      "capex": -2835000,
      "gross_margin": 0.22874754045697304,
      "op_margin": -0.684315142753885,
      "fcf_margin": -0.33524073404810667,
      "incr_op_margin_yoy": -8.02183487958017,
      "rev_growth_yoy": -0.09676015342346508,
      "rev_growth_yoy_accel": 0.18202172492384447,
      "fcf_margin_change": 0.1714619258253029
    },
    {
      "date": "2025-01-31T00:00:00",
      "quarter_label": "2025-01 (Q1)",
      "revenue": 101889000,
      "gross_profit": 28700000,
      "operating_income": -54949000,
      "net_income": -58803000,
      "opex": 83649000,
      "cogs": 73189000,
      "rd": 30415000,
      "sga": null,
      "fcf": -4619000,
      "ocf": -2682000,
      "capex": -1937000,
      "gross_margin": 0.28167908213840553,
      "op_margin": -0.539302574370148,
      "fcf_margin": -0.04533364740060262,
      "incr_op_margin_yoy": -2.724019221114538,
      "rev_growth_yoy": -0.12037260860556669,
      "rev_growth_yoy_accel": -0.023612455182101602,
      "op_leverage_ratio": Infinity,
      "fcf_margin_change": 0.28990708664750403
    },
    {
      "date": "2025-04-30T00:00:00",
      "quarter_label": "2025-04 (Q2)",
      "revenue": 97640000,
      "gross_profit": 27986000,
      "operating_income": -53840000,
      "net_income": -57121000,
      "opex": 81826000,
      "cogs": 69654000,
      "rd": 33510000,
      "sga": null,
      "fcf": -34028000,
      "ocf": -32968000,
      "capex": -1060000,
      "gross_margin": 0.28662433428922574,
      "op_margin": -0.5514133551823024,
      "fcf_margin": -0.348504711183941,
      "incr_op_margin_yoy": -1.4144862795149968,
      "rev_growth_yoy": -0.08783468171371984,
      "rev_growth_yoy_accel": 0.03253792689184684,
      "fcf_margin_change": -0.30317106378333836
    },
    {
      "date": "2025-07-31T00:00:00",
      "quarter_label": "2025-07 (Q3)",
      "revenue": 98590000,
      "gross_profit": 30728000,
      "operating_income": -58977000,
      "net_income": -66179000,
      "opex": 89705000,
      "cogs": 67862000,
      "rd": 36479000,
      "sga": null,
      "fcf": -7450000,
      "ocf": -6152000,
      "capex": -1298000,
      "gross_margin": 0.3116746120296176,
      "op_margin": -0.5982046860736383,
      "fcf_margin": -0.07556547317172127,
      "incr_op_margin_yoy": -0.3788320434214494,
      "rev_growth_yoy": -0.09166290457807792,
      "rev_growth_yoy_accel": -0.0038282228643580773,
      "fcf_margin_change": 0.27293923801221975
    },
    {
      "date": "2025-10-31T00:00:00",
      "quarter_label": "2025-10 (Q4)",
      "revenue": 105674000,
      "gross_profit": 32486000,
      "operating_income": -44335000,
      "net_income": -52479000,
      "opex": 76821000,
      "cogs": 73188000,
      "rd": 34675000,
      "sga": null,
      "fcf": -23550000,
      "ocf": -22488000,
      "capex": -1062000,
      "gross_margin": 0.30741715086019267,
      "op_margin": -0.41954501580331965,
      "fcf_margin": -0.222855196169351,
      "incr_op_margin_yoy": 3.9312108215110526,
      "rev_growth_yoy": 0.06085612175239931,
      "rev_growth_yoy_accel": 0.15251902633047723,
      "op_leverage_ratio": Infinity,
      "fcf_margin_change": -0.14728972299762974
    }
  ],
  "signals": [
    {
      "quarter": "2025-10 (Q4)",
      "signal": "YoY REVENUE GROWTH ACCELERATION",
      "detail": "YoY growth: +6.1% vs prior quarter YoY: -9.2% (accel: +15.3%)",
      "severity": "HIGH"
    },
    {
      "quarter": "2025-07 (Q3)",
      "signal": "FCF MARGIN EXPANSION",
      "detail": "FCF margin: -34.9% -> -7.6% (+27.3%)",
      "severity": "MEDIUM"
    },
    {
      "quarter": "2025-01 (Q1)",
      "signal": "FCF MARGIN EXPANSION",
      "detail": "FCF margin: -33.5% -> -4.5% (+29.0%)",
      "severity": "MEDIUM"
    },
    {
      "quarter": "2025-01 (Q1)",
      "signal": "GROSS MARGIN INFLECTION",
      "detail": "GM: +23.6% -> +22.9% -> +28.2% (reversal +5.3%)",
      "severity": "HIGH"
    },
    {
      "quarter": "2024-10 (Q4)",
      "signal": "FCF MARGIN EXPANSION",
      "detail": "FCF margin: -50.7% -> -33.5% (+17.1%)",
      "severity": "MEDIUM"
    },
    {
      "quarter": "2024-10 (Q4)",
      "signal": "YoY REVENUE GROWTH ACCELERATION",
      "detail": "YoY growth: -9.7% vs prior quarter YoY: -27.9% (accel: +18.2%)",
      "severity": "HIGH"
    },
    {
      "quarter": "2024-07 (Q3)",
      "signal": "FCF MARGIN EXPANSION",
      "detail": "FCF margin: -61.7% -> -50.7% (+11.0%)",
      "severity": "MEDIUM"
    },
    {
      "quarter": "2024-07 (Q3)",
      "signal": "YoY REVENUE GROWTH DECELERATION",
      "detail": "YoY growth: -27.9% vs prior quarter YoY: -17.7% (decel: -10.2%)",
      "severity": "WARNING"
    },
    {
      "quarter": "2024-04 (Q2)",
      "signal": "YoY REVENUE GROWTH ACCELERATION",
      "detail": "YoY growth: -17.7% vs prior quarter YoY: -24.2% (accel: +6.5%)",
      "severity": "MEDIUM"
    },
    {
      "quarter": "2024-01 (Q1)",
      "signal": "FCF MARGIN EXPANSION",
      "detail": "FCF margin: -92.2% -> -39.9% (+52.3%)",
      "severity": "MEDIUM"
    },
    {
      "quarter": "2024-01 (Q1)",
      "signal": "GROSS MARGIN INFLECTION",
      "detail": "GM: +0.7% -> -21.7% -> +19.3% (reversal +41.1%)",
      "severity": "HIGH"
    },
    {
      "quarter": "2024-01 (Q1)",
      "signal": "YoY REVENUE GROWTH DECELERATION",
      "detail": "YoY growth: -24.2% vs prior quarter YoY: -12.0% (decel: -12.2%)",
      "severity": "WARNING"
    },
    {
      "quarter": "2023-10 (Q4)",
      "signal": "YoY REVENUE GROWTH DECELERATION",
      "detail": "YoY growth: -12.0% vs prior quarter YoY: +39.0% (decel: -51.0%)",
      "severity": "WARNING"
    },
    {
      "quarter": "2023-07 (Q3)",
      "signal": "FCF MARGIN EXPANSION",
      "detail": "FCF margin: -84.7% -> -60.1% (+24.6%)",
      "severity": "MEDIUM"
    },
    {
      "quarter": "2023-07 (Q3)",
      "signal": "YoY REVENUE GROWTH DECELERATION",
      "detail": "YoY growth: +39.0% vs prior quarter YoY: +59.3% (decel: -20.3%)",
      "severity": "WARNING"
    },
    {
      "quarter": "2023-04 (Q2)",
      "signal": "YoY REVENUE GROWTH DECELERATION",
      "detail": "YoY growth: +59.3% vs prior quarter YoY: +92.6% (decel: -33.3%)",
      "severity": "WARNING"
    },
    {
      "quarter": "2023-01 (Q1)",
      "signal": "FCF MARGIN EXPANSION",
      "detail": "FCF margin: -70.4% -> -35.9% (+34.5%)",
      "severity": "MEDIUM"
    },
    {
      "quarter": "2023-01 (Q1)",
      "signal": "OPERATING LEVERAGE",
      "detail": "Rev growth +21.9% vs OpEx growth +5.0% (leverage: 4.4x)",
      "severity": "MEDIUM"
    },
    {
      "quarter": "2022-07 (Q3)",
      "signal": "FCF MARGIN EXPANSION",
      "detail": "FCF margin: -90.7% -> -63.3% (+27.4%)",
      "severity": "MEDIUM"
    },
    {
      "quarter": "2022-07 (Q3)",
      "signal": "OPERATING LEVERAGE",
      "detail": "Rev growth +32.7% vs OpEx growth +6.5% (leverage: 5.1x)",
      "severity": "MEDIUM"
    },
    {
      "quarter": "2022-07 (Q3)",
      "signal": "YoY REVENUE GROWTH DECELERATION",
      "detail": "YoY growth: +93.0% vs prior quarter YoY: +101.5% (decel: -8.6%)",
      "severity": "WARNING"
    },
    {
      "quarter": "2022-04 (Q2)",
      "signal": "YoY REVENUE GROWTH ACCELERATION",
      "detail": "YoY growth: +101.5% vs prior quarter YoY: +87.2% (accel: +14.4%)",
      "severity": "MEDIUM"
    },
    {
      "quarter": "2022-01 (Q1)",
      "signal": "FCF MARGIN EXPANSION",
      "detail": "FCF margin: -80.2% -> -66.1% (+14.1%)",
      "severity": "MEDIUM"
    },
    {
      "quarter": "2021-10 (Q4)",
      "signal": "GROSS MARGIN INFLECTION",
      "detail": "GM: +22.8% -> +19.2% -> +24.7% (reversal +5.5%)",
      "severity": "HIGH"
    },
    {
      "quarter": "2021-07 (Q3)",
      "signal": "FCF MARGIN EXPANSION",
      "detail": "FCF margin: -102.9% -> -48.7% (+54.2%)",
      "severity": "MEDIUM"
    }
  ],
  "data_quality": {
    "n_quarters": 20,
    "coverage": {
      "revenue": [
        20,
        20
      ],
      "gross_profit": [
        20,
        20
      ],
      "op_income": [
        20,
        20
      ],
      "fcf": [
        20,
        20
      ]
    },
    "gaps": [],
    "warnings": []
  },
  "market_cap": null,
  "source": "SEC EDGAR",
  "last_updated": "2026-02-02T23:09:01.299877",
  "sector": "Consumer Cyclical",
  "industry": "Specialty Retail"
}