{
  "ticker": "CHRS",
  "name": "COHERUS ONCOLOGY, INC.",
  "quarters": [
    {
      "date": "2020-12-31T00:00:00",
      "quarter_label": "2020-12 (Q4)",
      "revenue": 110419000,
      "gross_profit": 98746000,
      "operating_income": 16425000,
      "net_income": 9708000,
      "opex": 93994000,
      "cogs": 11673000,
      "rd": 44628000,
      "sga": 37693000,
      "fcf": 32172000,
      "ocf": 33124000,
      "capex": -952000,
      "gross_margin": 0.8942844981389072,
      "op_margin": 0.14875157355165325,
      "fcf_margin": 0.2913628995009917
    },
    {
      "date": "2021-03-31T00:00:00",
      "quarter_label": "2021-03 (Q1)",
      "revenue": 83034000,
      "gross_profit": 75523000,
      "operating_income": -167360000,
      "net_income": -172947000,
      "opex": 250394000,
      "cogs": 7511000,
      "rd": 203492000,
      "sga": 39391000,
      "fcf": 1222000,
      "ocf": 1367000,
      "capex": -145000,
      "gross_margin": 0.9095430787388299,
      "op_margin": -2.015559891128935,
      "fcf_margin": 0.014716862971794687,
      "fcf_margin_change": -0.276646036529197
    },
    {
      "date": "2021-06-30T00:00:00",
      "quarter_label": "2021-06 (Q2)",
      "revenue": 87643000,
      "gross_profit": 70947000,
      "operating_income": -24164000,
      "net_income": -29900000,
      "opex": 111807000,
      "cogs": 16696000,
      "rd": 54766000,
      "sga": 40345000,
      "fcf": -603000,
      "ocf": -188000,
      "capex": -415000,
      "gross_margin": 0.809499903015643,
      "op_margin": -0.27570941204659816,
      "fcf_margin": -0.006880184384377532,
      "op_leverage_ratio": Infinity,
      "fcf_margin_change": -0.021597047356172218
    },
    {
      "date": "2021-09-30T00:00:00",
      "quarter_label": "2021-09 (Q3)",
      "revenue": 82503000,
      "gross_profit": 61223000,
      "operating_income": -32787000,
      "net_income": -38528000,
      "opex": 115290000,
      "cogs": 21280000,
      "rd": 54085000,
      "sga": 39925000,
      "fcf": 13450000,
      "ocf": 13711000,
      "capex": -261000,
      "gross_margin": 0.7420699853338667,
      "op_margin": -0.39740373077342644,
      "fcf_margin": 0.1630243748712168,
      "fcf_margin_change": 0.16990455925559433
    },
    {
      "date": "2021-12-31T00:00:00",
      "quarter_label": "2021-12 (Q4)",
      "revenue": 73371000,
      "gross_profit": 61267000,
      "operating_income": -39547000,
      "net_income": -45725000,
      "opex": 112918000,
      "cogs": 12104000,
      "rd": 50762000,
      "sga": 50052000,
      "fcf": -52790000,
      "ocf": -52322000,
      "capex": -468000,
      "gross_margin": 0.8350301890392662,
      "op_margin": -0.5390004225102561,
      "fcf_margin": -0.7194940780417332,
      "incr_op_margin_yoy": 1.5107968041459727,
      "rev_growth_yoy": -0.3355219663282587,
      "fcf_margin_change": -0.88251845291295
    },
    {
      "date": "2022-03-31T00:00:00",
      "quarter_label": "2022-03 (Q1)",
      "revenue": 60115000,
      "gross_profit": 50745000,
      "operating_income": -80925000,
      "net_income": -96084000,
      "opex": 141040000,
      "cogs": 9370000,
      "rd": 82917000,
      "sga": 48753000,
      "fcf": -54660000,
      "ocf": -54045000,
      "capex": -615000,
      "gross_margin": 0.8441320801796557,
      "op_margin": -1.3461698411378191,
      "fcf_margin": -0.9092572569242285,
      "incr_op_margin_yoy": -3.7713251014442166,
      "rev_growth_yoy": -0.2760194619071706,
      "rev_growth_yoy_accel": 0.05950250442108812,
      "fcf_margin_change": -0.1897631788824954
    },
    {
      "date": "2022-06-30T00:00:00",
      "quarter_label": "2022-06 (Q2)",
      "revenue": 60151000,
      "gross_profit": 48874000,
      "operating_income": -44013000,
      "net_income": -50150000,
      "opex": 104164000,
      "cogs": 11277000,
      "rd": 41611000,
      "sga": 51276000,
      "fcf": -50917000,
      "ocf": -50037000,
      "capex": -880000,
      "gross_margin": 0.8125218200861166,
      "op_margin": -0.7317085335239647,
      "fcf_margin": -0.8464863427041944,
      "incr_op_margin_yoy": 0.7219918521751783,
      "rev_growth_yoy": -0.3136816402907249,
      "rev_growth_yoy_accel": -0.03766217838355429,
      "fcf_margin_change": 0.06277091422003411
    },
    {
      "date": "2022-09-30T00:00:00",
      "quarter_label": "2022-09 (Q3)",
      "revenue": 45424000,
      "gross_profit": 10190000,
      "operating_income": -80449000,
      "net_income": -86650000,
      "opex": 125873000,
      "cogs": 35234000,
      "rd": 45808000,
      "sga": 44831000,
      "fcf": -37546000,
      "ocf": -37089000,
      "capex": -457000,
      "gross_margin": 0.22433075026417754,
      "op_margin": -1.771068157802043,
      "fcf_margin": -0.8265674533286368,
      "incr_op_margin_yoy": 1.2854176218344615,
      "rev_growth_yoy": -0.44942608147582513,
      "rev_growth_yoy_accel": -0.13574444118510026,
      "fcf_margin_change": 0.019918889375557636
    },
    {
      "date": "2022-12-31T00:00:00",
      "quarter_label": "2022-12 (Q4)",
      "revenue": 45352000,
      "gross_profit": 31150000,
      "operating_income": -51493000,
      "net_income": -58870000,
      "opex": 96845000,
      "cogs": 14202000,
      "rd": 29022000,
      "sga": 53621000,
      "fcf": -100040000,
      "ocf": -99953000,
      "capex": -87000,
      "gross_margin": 0.6868495325454225,
      "op_margin": -1.1354074792732405,
      "fcf_margin": -2.20585641206562,
      "incr_op_margin_yoy": 0.42635354580820156,
      "rev_growth_yoy": -0.381881124695043,
      "rev_growth_yoy_accel": 0.06754495678078215,
      "fcf_margin_change": -1.3792889587369834
    },
    {
      "date": "2023-03-31T00:00:00",
      "quarter_label": "2023-03 (Q1)",
      "revenue": 32436000,
      "gross_profit": 15562000,
      "operating_income": -67745000,
      "net_income": -75729000,
      "opex": 100181000,
      "cogs": 16874000,
      "rd": 34154000,
      "sga": 49153000,
      "fcf": -68884000,
      "ocf": -68732000,
      "capex": -152000,
      "gross_margin": 0.47977555802195093,
      "op_margin": -2.088574423480084,
      "fcf_margin": -2.1236897274633124,
      "incr_op_margin_yoy": -0.476173272155786,
      "rev_growth_yoy": -0.4604341678449638,
      "rev_growth_yoy_accel": -0.07855304314992084,
      "fcf_margin_change": 0.0821666846023077
    },
    {
      "date": "2023-06-30T00:00:00",
      "quarter_label": "2023-06 (Q2)",
      "revenue": 58716000,
      "gross_profit": 33868000,
      "operating_income": -34543000,
      "net_income": -42869000,
      "opex": 93259000,
      "cogs": 24848000,
      "rd": 23267000,
      "sga": 45144000,
      "fcf": -39015000,
      "ocf": -38915000,
      "capex": -100000,
      "gross_margin": 0.5768104094284352,
      "op_margin": -0.588306424143334,
      "fcf_margin": -0.6644696505211527,
      "incr_op_margin_yoy": -6.599303135888502,
      "rev_growth_yoy": -0.023856627487489818,
      "rev_growth_yoy_accel": 0.436577540357474,
      "op_leverage_ratio": Infinity,
      "fcf_margin_change": 1.4592200769421597
    },
    {
      "date": "2023-09-30T00:00:00",
      "quarter_label": "2023-09 (Q3)",
      "revenue": 74568000,
      "gross_profit": 41865000,
      "operating_income": -32006000,
      "net_income": -39641000,
      "opex": 106574000,
      "cogs": 32703000,
      "rd": 25647000,
      "sga": 48224000,
      "fcf": -54300000,
      "ocf": -54300000,
      "capex": null,
      "gross_margin": 0.5614338590280012,
      "op_margin": -0.4292189679218968,
      "fcf_margin": -0.7281943997425169,
      "incr_op_margin_yoy": 1.6621946198188307,
      "rev_growth_yoy": 0.6415991546319126,
      "rev_growth_yoy_accel": 0.6654557821194025,
      "op_leverage_ratio": 1.8909375467908471,
      "fcf_margin_change": -0.06372474922136417
    },
    {
      "date": "2023-12-31T00:00:00",
      "quarter_label": "2023-12 (Q4)",
      "revenue": 91524000,
      "gross_profit": 6957000,
      "operating_income": -68905000,
      "net_income": -79653000,
      "opex": 160429000,
      "cogs": 84567000,
      "rd": 26368000,
      "sga": 49494000,
      "fcf": -12971000,
      "ocf": -12937000,
      "capex": -34000,
      "gross_margin": 0.0760128490887636,
      "op_margin": -0.7528626371225033,
      "fcf_margin": -0.14172238975569248,
      "incr_op_margin_yoy": -0.37711166941003205,
      "rev_growth_yoy": 1.018080790262833,
      "rev_growth_yoy_accel": 0.3764816356309204,
      "op_leverage_ratio": 0.44998304373008413,
      "fcf_margin_change": 0.5864720099868244
    },
    {
      "date": "2024-03-31T00:00:00",
      "quarter_label": "2024-03 (Q1)",
      "revenue": 77063000,
      "gross_profit": 42477000,
      "operating_income": -42525000,
      "net_income": 102875000,
      "opex": 119588000,
      "cogs": 34586000,
      "rd": 28470000,
      "sga": 56532000,
      "fcf": -46766000,
      "ocf": -46766000,
      "capex": null,
      "gross_margin": 0.5511983701646704,
      "op_margin": -0.5518212371695885,
      "fcf_margin": -0.6068541323332858,
      "incr_op_margin_yoy": 0.5651287337262195,
      "rev_growth_yoy": 1.375847823406092,
      "rev_growth_yoy_accel": 0.357767033143259,
      "fcf_margin_change": -0.46513174257759327
    },
    {
      "date": "2024-06-30T00:00:00",
      "quarter_label": "2024-06 (Q2)",
      "revenue": 64979000,
      "gross_profit": 36611000,
      "operating_income": -20509000,
      "net_income": -12921000,
      "opex": 85488000,
      "cogs": 28368000,
      "rd": 21955000,
      "sga": 35165000,
      "fcf": 59734000,
      "ocf": 59734000,
      "capex": null,
      "gross_margin": 0.5634281844903738,
      "op_margin": -0.3156250480924606,
      "fcf_margin": 0.919281614059927,
      "incr_op_margin_yoy": 2.2407791793070415,
      "rev_growth_yoy": 0.10666598542135022,
      "rev_growth_yoy_accel": -1.2691818379847417,
      "fcf_margin_change": 1.5261357463932128
    },
    {
      "date": "2024-09-30T00:00:00",
      "quarter_label": "2024-09 (Q3)",
      "revenue": 70774000,
      "gross_profit": 50033000,
      "operating_income": -6387000,
      "net_income": -10751000,
      "opex": 77161000,
      "cogs": 20741000,
      "rd": 21676000,
      "sga": 34744000,
      "fcf": -62016000,
      "ocf": -62016000,
      "capex": null,
      "gross_margin": 0.7069404018424845,
      "op_margin": -0.09024500522790856,
      "fcf_margin": -0.8762539915788283,
      "incr_op_margin_yoy": -6.752503953610964,
      "rev_growth_yoy": -0.05087973393412724,
      "rev_growth_yoy_accel": -0.15754571935547745,
      "op_leverage_ratio": Infinity,
      "fcf_margin_change": -1.7955356056387552
    },
    {
      "date": "2024-12-31T00:00:00",
      "quarter_label": "2024-12 (Q4)",
      "revenue": 54144000,
      "gross_profit": 20286000,
      "operating_income": -42246000,
      "net_income": -50696000,
      "opex": 96390000,
      "cogs": 33858000,
      "rd": 21235000,
      "sga": 41297000,
      "fcf": 28608000,
      "ocf": 28608000,
      "capex": null,
      "gross_margin": 0.37466755319148937,
      "op_margin": -0.7802526595744681,
      "fcf_margin": 0.5283687943262412,
      "incr_op_margin_yoy": -0.7131888710540396,
      "rev_growth_yoy": -0.4084174642716665,
      "rev_growth_yoy_accel": -0.3575377303375392,
      "fcf_margin_change": 1.4046227859050695
    },
    {
      "date": "2025-03-31T00:00:00",
      "quarter_label": "2025-03 (Q1)",
      "revenue": 7599000,
      "gross_profit": 4946000,
      "operating_income": -45435000,
      "net_income": -56569000,
      "opex": 53034000,
      "cogs": 2653000,
      "rd": 24356000,
      "sga": 26025000,
      "fcf": -25826000,
      "ocf": -25826000,
      "capex": null,
      "gross_margin": 0.6508751151467298,
      "op_margin": -5.979076194236083,
      "fcf_margin": -3.3986050796157388,
      "incr_op_margin_yoy": 0.04189220315559138,
      "rev_growth_yoy": -0.9013923672839106,
      "rev_growth_yoy_accel": -0.4929749030122441,
      "fcf_margin_change": -3.92697387394198
    },
    {
      "date": "2025-06-30T00:00:00",
      "quarter_label": "2025-06 (Q2)",
      "revenue": 10254000,
      "gross_profit": 6859000,
      "operating_income": -45486000,
      "net_income": 297767000,
      "opex": 55740000,
      "cogs": 3395000,
      "rd": 26306000,
      "sga": 26039000,
      "fcf": -46632000,
      "ocf": -46632000,
      "capex": null,
      "gross_margin": 0.6689096937780379,
      "op_margin": -4.435927442949093,
      "fcf_margin": -4.547688706846109,
      "incr_op_margin_yoy": 0.45640931932389217,
      "rev_growth_yoy": -0.8421951707474723,
      "rev_growth_yoy_accel": 0.05919719653643829,
      "op_leverage_ratio": 6.847541498779306,
      "fcf_margin_change": -1.14908362723037
    },
    {
      "date": "2025-09-30T00:00:00",
      "quarter_label": "2025-09 (Q3)",
      "revenue": 11571000,
      "gross_profit": 7850000,
      "operating_income": -44333000,
      "net_income": -35531000,
      "opex": 55904000,
      "cogs": 3721000,
      "rd": 27252000,
      "sga": 24931000,
      "fcf": -46339000,
      "ocf": -46339000,
      "capex": null,
      "gross_margin": 0.6784201884020395,
      "op_margin": -3.8313888168697607,
      "fcf_margin": -4.004753262466511,
      "incr_op_margin_yoy": 0.6409472492947993,
      "rev_growth_yoy": -0.8365077570859355,
      "rev_growth_yoy_accel": 0.0056874136615368,
      "op_leverage_ratio": 43.65314903880461,
      "fcf_margin_change": 0.542935444379598
    }
  ],
  "signals": [
    {
      "quarter": "2025-09 (Q3)",
      "signal": "FCF MARGIN EXPANSION",
      "detail": "FCF margin: -454.8% -> -400.5% (+54.3%)",
      "severity": "MEDIUM"
    },
    {
      "quarter": "2025-09 (Q3)",
      "signal": "OPERATING LEVERAGE",
      "detail": "Rev growth +12.8% vs OpEx growth +0.3% (leverage: 43.7x)",
      "severity": "MEDIUM"
    },
    {
      "quarter": "2025-06 (Q2)",
      "signal": "OPERATING LEVERAGE",
      "detail": "Rev growth +34.9% vs OpEx growth +5.1% (leverage: 6.8x)",
      "severity": "MEDIUM"
    },
    {
      "quarter": "2025-06 (Q2)",
      "signal": "YoY REVENUE GROWTH ACCELERATION",
      "detail": "YoY growth: -84.2% vs prior quarter YoY: -90.1% (accel: +5.9%)",
      "severity": "MEDIUM"
    },
    {
      "quarter": "2025-03 (Q1)",
      "signal": "GROSS MARGIN INFLECTION",
      "detail": "GM: +70.7% -> +37.5% -> +65.1% (reversal +27.6%)",
      "severity": "HIGH"
    },
    {
      "quarter": "2025-03 (Q1)",
      "signal": "YoY REVENUE GROWTH DECELERATION",
      "detail": "YoY growth: -90.1% vs prior quarter YoY: -40.8% (decel: -49.3%)",
      "severity": "WARNING"
    },
    {
      "quarter": "2024-12 (Q4)",
      "signal": "FCF TURNED POSITIVE",
      "detail": "FCF margin: -87.6% -> +52.8%",
      "severity": "HIGH"
    },
    {
      "quarter": "2024-12 (Q4)",
      "signal": "YoY REVENUE GROWTH DECELERATION",
      "detail": "YoY growth: -40.8% vs prior quarter YoY: -5.1% (decel: -35.8%)",
      "severity": "WARNING"
    },
    {
      "quarter": "2024-09 (Q3)",
      "signal": "YoY REVENUE GROWTH DECELERATION",
      "detail": "YoY growth: -5.1% vs prior quarter YoY: +10.7% (decel: -15.8%)",
      "severity": "WARNING"
    },
    {
      "quarter": "2024-06 (Q2)",
      "signal": "FCF TURNED POSITIVE",
      "detail": "FCF margin: -60.7% -> +91.9%",
      "severity": "HIGH"
    },
    {
      "quarter": "2024-06 (Q2)",
      "signal": "YoY REVENUE GROWTH DECELERATION",
      "detail": "YoY growth: +10.7% vs prior quarter YoY: +137.6% (decel: -126.9%)",
      "severity": "WARNING"
    },
    {
      "quarter": "2024-03 (Q1)",
      "signal": "GROSS MARGIN INFLECTION",
      "detail": "GM: +56.1% -> +7.6% -> +55.1% (reversal +47.5%)",
      "severity": "HIGH"
    },
    {
      "quarter": "2024-03 (Q1)",
      "signal": "YoY REVENUE GROWTH ACCELERATION",
      "detail": "YoY growth: +137.6% vs prior quarter YoY: +101.8% (accel: +35.8%)",
      "severity": "HIGH"
    },
    {
      "quarter": "2023-12 (Q4)",
      "signal": "FCF MARGIN EXPANSION",
      "detail": "FCF margin: -72.8% -> -14.2% (+58.6%)",
      "severity": "MEDIUM"
    },
    {
      "quarter": "2023-12 (Q4)",
      "signal": "YoY REVENUE GROWTH ACCELERATION",
      "detail": "YoY growth: +101.8% vs prior quarter YoY: +64.2% (accel: +37.6%)",
      "severity": "HIGH"
    },
    {
      "quarter": "2023-09 (Q3)",
      "signal": "OPERATING LEVERAGE",
      "detail": "Rev growth +27.0% vs OpEx growth +14.3% (leverage: 1.9x)",
      "severity": "MEDIUM"
    },
    {
      "quarter": "2023-09 (Q3)",
      "signal": "YoY REVENUE GROWTH ACCELERATION",
      "detail": "YoY growth: +64.2% vs prior quarter YoY: -2.4% (accel: +66.5%)",
      "severity": "HIGH"
    },
    {
      "quarter": "2023-06 (Q2)",
      "signal": "FCF MARGIN EXPANSION",
      "detail": "FCF margin: -212.4% -> -66.4% (+145.9%)",
      "severity": "MEDIUM"
    },
    {
      "quarter": "2023-06 (Q2)",
      "signal": "GROSS MARGIN INFLECTION",
      "detail": "GM: +68.7% -> +48.0% -> +57.7% (reversal +9.7%)",
      "severity": "HIGH"
    },
    {
      "quarter": "2023-06 (Q2)",
      "signal": "YoY REVENUE GROWTH ACCELERATION",
      "detail": "YoY growth: -2.4% vs prior quarter YoY: -46.0% (accel: +43.7%)",
      "severity": "HIGH"
    },
    {
      "quarter": "2023-03 (Q1)",
      "signal": "FCF MARGIN EXPANSION",
      "detail": "FCF margin: -220.6% -> -212.4% (+8.2%)",
      "severity": "MEDIUM"
    },
    {
      "quarter": "2023-03 (Q1)",
      "signal": "YoY REVENUE GROWTH DECELERATION",
      "detail": "YoY growth: -46.0% vs prior quarter YoY: -38.2% (decel: -7.9%)",
      "severity": "WARNING"
    },
    {
      "quarter": "2022-12 (Q4)",
      "signal": "GROSS MARGIN INFLECTION",
      "detail": "GM: +81.3% -> +22.4% -> +68.7% (reversal +46.3%)",
      "severity": "HIGH"
    },
    {
      "quarter": "2022-12 (Q4)",
      "signal": "YoY REVENUE GROWTH ACCELERATION",
      "detail": "YoY growth: -38.2% vs prior quarter YoY: -44.9% (accel: +6.8%)",
      "severity": "MEDIUM"
    },
    {
      "quarter": "2022-09 (Q3)",
      "signal": "YoY REVENUE GROWTH DECELERATION",
      "detail": "YoY growth: -44.9% vs prior quarter YoY: -31.4% (decel: -13.6%)",
      "severity": "WARNING"
    },
    {
      "quarter": "2022-06 (Q2)",
      "signal": "FCF MARGIN EXPANSION",
      "detail": "FCF margin: -90.9% -> -84.6% (+6.3%)",
      "severity": "MEDIUM"
    },
    {
      "quarter": "2022-03 (Q1)",
      "signal": "YoY REVENUE GROWTH ACCELERATION",
      "detail": "YoY growth: -27.6% vs prior quarter YoY: -33.6% (accel: +6.0%)",
      "severity": "MEDIUM"
    },
    {
      "quarter": "2021-12 (Q4)",
      "signal": "GROSS MARGIN INFLECTION",
      "detail": "GM: +80.9% -> +74.2% -> +83.5% (reversal +9.3%)",
      "severity": "HIGH"
    },
    {
      "quarter": "2021-09 (Q3)",
      "signal": "FCF TURNED POSITIVE",
      "detail": "FCF margin: -0.7% -> +16.3%",
      "severity": "HIGH"
    }
  ],
  "data_quality": {
    "n_quarters": 20,
    "coverage": {
      "revenue": [
        20,
        20
      ],
      "gross_profit": [
        20,
        20
      ],
      "op_income": [
        20,
        20
      ],
      "fcf": [
        20,
        20
      ]
    },
    "gaps": [],
    "warnings": []
  },
  "market_cap": null,
  "source": "SEC EDGAR",
  "last_updated": "2026-02-02T22:46:28.780799",
  "sector": "Healthcare",
  "industry": "Biotechnology"
}