{
  "ticker": "CHSCL",
  "name": "CHS Inc.",
  "quarters": [
    {
      "date": "2021-02-28T00:00:00",
      "quarter_label": "2021-02 (Q1)",
      "revenue": 8320159000,
      "gross_profit": 101720000,
      "operating_income": -59790000,
      "net_income": -38229000,
      "opex": 161510000,
      "cogs": 8218439000,
      "rd": null,
      "sga": 161510000,
      "fcf": -539977000,
      "ocf": -461092000,
      "capex": -78885000,
      "gross_margin": 0.012225727897748107,
      "op_margin": -0.007186160745245374,
      "fcf_margin": -0.06489984145735676
    },
    {
      "date": "2021-05-31T00:00:00",
      "quarter_label": "2021-05 (Q2)",
      "revenue": 10929976000,
      "gross_profit": 314628000,
      "operating_income": 127925000,
      "net_income": 273591000,
      "opex": 186703000,
      "cogs": 10615348000,
      "rd": null,
      "sga": 186703000,
      "fcf": 427958000,
      "ocf": 502167000,
      "capex": -74209000,
      "gross_margin": 0.028785790563492546,
      "op_margin": 0.011704051317221556,
      "fcf_margin": 0.03915452330361933,
      "op_leverage_ratio": 2.0109346636998895,
      "fcf_margin_change": 0.1040543647609761
    },
    {
      "date": "2021-08-31T00:00:00",
      "quarter_label": "2021-08 (Q3)",
      "revenue": 10482255000,
      "gross_profit": 356947000,
      "operating_income": 130220000,
      "net_income": 248919000,
      "opex": 226727000,
      "cogs": 10125308000,
      "rd": null,
      "sga": 226727000,
      "fcf": 1311169000,
      "ocf": 1390189000,
      "capex": -79020000,
      "gross_margin": 0.0340525011078246,
      "op_margin": 0.012422899461995535,
      "fcf_margin": 0.125084631121834,
      "fcf_margin_change": 0.08593010781821467
    },
    {
      "date": "2021-11-30T00:00:00",
      "quarter_label": "2021-11 (Q4)",
      "revenue": 10880757000,
      "gross_profit": 519908000,
      "operating_income": 314974000,
      "net_income": 451961000,
      "opex": 204934000,
      "cogs": 10360849000,
      "rd": null,
      "sga": 204934000,
      "fcf": -258465000,
      "ocf": -183587000,
      "capex": -74878000,
      "gross_margin": 0.047782337203192755,
      "op_margin": 0.028947802069286172,
      "fcf_margin": -0.023754321505387907,
      "op_leverage_ratio": Infinity,
      "fcf_margin_change": -0.1488389526272219
    },
    {
      "date": "2022-02-28T00:00:00",
      "quarter_label": "2022-02 (Q1)",
      "revenue": 10332588000,
      "gross_profit": 268998000,
      "operating_income": 24673000,
      "net_income": 219000000,
      "opex": 244325000,
      "cogs": 10063590000,
      "rd": null,
      "sga": 244325000,
      "fcf": -1175960000,
      "ocf": -1119954000,
      "capex": -56006000,
      "gross_margin": 0.026033942319194377,
      "op_margin": 0.0023878819130308884,
      "fcf_margin": -0.11381078970728341,
      "incr_op_margin_yoy": 0.041970673251081156,
      "rev_growth_yoy": 0.24187386322785417,
      "fcf_margin_change": -0.0900564682018955
    },
    {
      "date": "2022-05-31T00:00:00",
      "quarter_label": "2022-05 (Q2)",
      "revenue": 13137724000,
      "gross_profit": 644257000,
      "operating_income": 401121000,
      "net_income": 576574000,
      "opex": 243136000,
      "cogs": 12493467000,
      "rd": null,
      "sga": 243136000,
      "fcf": 1219832000,
      "ocf": 1296403000,
      "capex": -76571000,
      "gross_margin": 0.04903870716114907,
      "op_margin": 0.030532000824495933,
      "fcf_margin": 0.09284956815959904,
      "incr_op_margin_yoy": 0.12374419544259581,
      "rev_growth_yoy": 0.20199019650180386,
      "rev_growth_yoy_accel": -0.039883666726050315,
      "op_leverage_ratio": Infinity,
      "fcf_margin_change": 0.20666035786688244
    },
    {
      "date": "2022-08-31T00:00:00",
      "quarter_label": "2022-08 (Q3)",
      "revenue": 13440597000,
      "gross_profit": 693758000,
      "operating_income": 388318000,
      "net_income": 431227000,
      "opex": 305440000,
      "cogs": 12746839000,
      "rd": null,
      "sga": 305440000,
      "fcf": 1806667000,
      "ocf": 1953656000,
      "capex": -146989000,
      "gross_margin": 0.05161660601831898,
      "op_margin": 0.028891424986553796,
      "fcf_margin": 0.13441865714744666,
      "incr_op_margin_yoy": 0.08724413877773428,
      "rev_growth_yoy": 0.2822238153908677,
      "rev_growth_yoy_accel": 0.08023361888906386,
      "op_leverage_ratio": 0.08996503704900402,
      "fcf_margin_change": 0.04156908898784763
    },
    {
      "date": "2022-11-30T00:00:00",
      "quarter_label": "2022-11 (Q4)",
      "revenue": 12765839000,
      "gross_profit": 879135000,
      "operating_income": 644469000,
      "net_income": 782598000,
      "opex": 234666000,
      "cogs": 11886704000,
      "rd": null,
      "sga": 234666000,
      "fcf": -302790000,
      "ocf": -180192000,
      "capex": -122598000,
      "gross_margin": 0.06886621396368856,
      "op_margin": 0.05048387340620542,
      "fcf_margin": -0.02371877007065497,
      "incr_op_margin_yoy": 0.17479080485623438,
      "rev_growth_yoy": 0.17324915904288646,
      "rev_growth_yoy_accel": -0.10897465634798126,
      "fcf_margin_change": -0.15813742721810164
    },
    {
      "date": "2023-02-28T00:00:00",
      "quarter_label": "2023-02 (Q1)",
      "revenue": 11306848000,
      "gross_profit": 384267000,
      "operating_income": 142342000,
      "net_income": 292321000,
      "opex": 241925000,
      "cogs": 10922581000,
      "rd": null,
      "sga": 241925000,
      "fcf": 83070000,
      "ocf": 196762000,
      "capex": -113692000,
      "gross_margin": 0.03398533348993459,
      "op_margin": 0.012589008006475368,
      "fcf_margin": 0.007346875097286176,
      "incr_op_margin_yoy": 0.12077782111551331,
      "rev_growth_yoy": 0.09429002685484024,
      "rev_growth_yoy_accel": -0.07895913218804622,
      "fcf_margin_change": 0.031065645167941146
    },
    {
      "date": "2023-05-31T00:00:00",
      "quarter_label": "2023-05 (Q2)",
      "revenue": 12026051000,
      "gross_profit": 674340000,
      "operating_income": 401102000,
      "net_income": 547499000,
      "opex": 273238000,
      "cogs": 11351711000,
      "rd": null,
      "sga": 273238000,
      "fcf": 1815215000,
      "ocf": 1953155000,
      "capex": -137940000,
      "gross_margin": 0.056073269604461184,
      "op_margin": 0.03335276060279472,
      "fcf_margin": 0.15094023798834713,
      "incr_op_margin_yoy": 1.7091356900815257e-05,
      "rev_growth_yoy": -0.08461686362112646,
      "rev_growth_yoy_accel": -0.1789068904759667,
      "op_leverage_ratio": 0.4914349144662065,
      "fcf_margin_change": 0.14359336289106095
    },
    {
      "date": "2023-08-31T00:00:00",
      "quarter_label": "2023-08 (Q3)",
      "revenue": 9491266000,
      "gross_profit": 438523000,
      "operating_income": 155587000,
      "net_income": 278020000,
      "opex": 282936000,
      "cogs": 9052743000,
      "rd": null,
      "sga": 282936000,
      "fcf": 1124165000,
      "ocf": 1314457000,
      "capex": -190292000,
      "gross_margin": 0.04620279317848641,
      "op_margin": 0.0163926498319613,
      "fcf_margin": 0.11844204977502475,
      "incr_op_margin_yoy": 0.05892922117695377,
      "rev_growth_yoy": -0.29383598064877625,
      "rev_growth_yoy_accel": -0.20921911702764978,
      "fcf_margin_change": -0.032498188213322385
    },
    {
      "date": "2023-11-30T00:00:00",
      "quarter_label": "2023-11 (Q4)",
      "revenue": 11390658000,
      "gross_profit": 644950000,
      "operating_income": 392894000,
      "net_income": 522923000,
      "opex": 252056000,
      "cogs": 10745708000,
      "rd": null,
      "sga": 252056000,
      "fcf": -290034000,
      "ocf": -147585000,
      "capex": -142449000,
      "gross_margin": 0.05662096079085159,
      "op_margin": 0.034492651785349014,
      "fcf_margin": -0.025462444750777347,
      "incr_op_margin_yoy": 0.18293955486586858,
      "rev_growth_yoy": -0.10772351116131106,
      "rev_growth_yoy_accel": 0.18611246948746518,
      "op_leverage_ratio": Infinity,
      "fcf_margin_change": -0.1439044945258021
    },
    {
      "date": "2024-02-29T00:00:00",
      "quarter_label": "2024-02 (Q1)",
      "revenue": 9087480000,
      "gross_profit": 365892000,
      "operating_income": 67662000,
      "net_income": 170307000,
      "opex": 298230000,
      "cogs": 8721588000,
      "rd": null,
      "sga": 298230000,
      "fcf": -453267000,
      "ocf": -249624000,
      "capex": -203643000,
      "gross_margin": 0.04026330731952092,
      "op_margin": 0.007445628491066831,
      "fcf_margin": -0.049878184051024045,
      "incr_op_margin_yoy": 0.03364921905695675,
      "rev_growth_yoy": -0.19628529542450734,
      "rev_growth_yoy_accel": -0.08856178426319629,
      "fcf_margin_change": -0.024415739300246698
    },
    {
      "date": "2024-05-31T00:00:00",
      "quarter_label": "2024-05 (Q2)",
      "revenue": 9608983000,
      "gross_profit": 467795000,
      "operating_income": 151360000,
      "net_income": 297274000,
      "opex": 316435000,
      "cogs": 9141188000,
      "rd": null,
      "sga": 316435000,
      "fcf": 361623000,
      "ocf": 556942000,
      "capex": -195319000,
      "gross_margin": 0.048683091644558016,
      "op_margin": 0.015751927129020835,
      "fcf_margin": 0.03763384741132334,
      "incr_op_margin_yoy": 0.10332435827208833,
      "rev_growth_yoy": -0.20098600945563927,
      "rev_growth_yoy_accel": -0.004700714031131925,
      "op_leverage_ratio": 0.9400998605918865,
      "fcf_margin_change": 0.08751203146234739
    },
    {
      "date": "2024-08-31T00:00:00",
      "quarter_label": "2024-08 (Q3)",
      "revenue": 9174108000,
      "gross_profit": 272690000,
      "operating_income": -27558000,
      "net_income": 111815000,
      "opex": 300248000,
      "cogs": 8901418000,
      "rd": null,
      "sga": 300248000,
      "fcf": 845795000,
      "ocf": 1113147000,
      "capex": -267352000,
      "gross_margin": 0.02972387070219797,
      "op_margin": -0.0030038887704395894,
      "fcf_margin": 0.09219370428165877,
      "incr_op_margin_yoy": 0.5774566619792028,
      "rev_growth_yoy": -0.03341577403899543,
      "rev_growth_yoy_accel": 0.16757023541664384,
      "fcf_margin_change": 0.054559856870335426
    },
    {
      "date": "2024-11-30T00:00:00",
      "quarter_label": "2024-11 (Q4)",
      "revenue": 9294112000,
      "gross_profit": 400676000,
      "operating_income": 137826000,
      "net_income": 244790000,
      "opex": 262850000,
      "cogs": 8893436000,
      "rd": null,
      "sga": 262850000,
      "fcf": -486647000,
      "ocf": -293984000,
      "capex": -192663000,
      "gross_margin": 0.04311073505462383,
      "op_margin": 0.014829388757096966,
      "fcf_margin": -0.0523607849787048,
      "incr_op_margin_yoy": 0.12166105585090907,
      "rev_growth_yoy": -0.1840583748542007,
      "rev_growth_yoy_accel": -0.15064260081520528,
      "op_leverage_ratio": Infinity,
      "fcf_margin_change": -0.14455448926036357
    },
    {
      "date": "2025-02-28T00:00:00",
      "quarter_label": "2025-02 (Q1)",
      "revenue": 7796191000,
      "gross_profit": 76315000,
      "operating_income": -171953000,
      "net_income": -75754000,
      "opex": 248268000,
      "cogs": 7719876000,
      "rd": null,
      "sga": 248268000,
      "fcf": -1202747000,
      "ocf": -1037840000,
      "capex": -164907000,
      "gross_margin": 0.00978875453410518,
      "op_margin": -0.02205602710349195,
      "fcf_margin": -0.15427367030900088,
      "incr_op_margin_yoy": 0.18556264321929483,
      "rev_growth_yoy": -0.14209538838049712,
      "rev_growth_yoy_accel": 0.041962986473703584,
      "fcf_margin_change": -0.10191288533029608
    },
    {
      "date": "2025-05-31T00:00:00",
      "quarter_label": "2025-05 (Q2)",
      "revenue": 9766421000,
      "gross_profit": 329811000,
      "operating_income": 70961000,
      "net_income": 232184000,
      "opex": 258850000,
      "cogs": 9436610000,
      "rd": null,
      "sga": 258850000,
      "fcf": 520649000,
      "ocf": 696552000,
      "capex": -175903000,
      "gross_margin": 0.03376989380244821,
      "op_margin": 0.0072658141605814455,
      "fcf_margin": 0.05331011227142471,
      "incr_op_margin_yoy": -0.5106708672620333,
      "rev_growth_yoy": 0.016384460249331278,
      "rev_growth_yoy_accel": 0.1584798486298284,
      "op_leverage_ratio": 5.929081848974012,
      "fcf_margin_change": 0.2075837825804256
    },
    {
      "date": "2025-08-31T00:00:00",
      "quarter_label": "2025-08 (Q3)",
      "revenue": 8605884000,
      "gross_profit": 330012000,
      "operating_income": 53921000,
      "net_income": 196697000,
      "opex": 276091000,
      "cogs": 8275872000,
      "rd": null,
      "sga": 276091000,
      "fcf": 1075957000,
      "ocf": 1271059000,
      "capex": -195102000,
      "gross_margin": 0.038347251717545806,
      "op_margin": 0.006265596886967103,
      "fcf_margin": 0.1250257382042333,
      "incr_op_margin_yoy": -0.1433923945486287,
      "rev_growth_yoy": -0.061937792753257316,
      "rev_growth_yoy_accel": -0.07832225300258859,
      "fcf_margin_change": 0.07171562593280859
    },
    {
      "date": "2025-11-30T00:00:00",
      "quarter_label": "2025-11 (Q4)",
      "revenue": 8864104000,
      "gross_profit": 389352000,
      "operating_income": 121232000,
      "net_income": 260483000,
      "opex": 268120000,
      "cogs": 8474752000,
      "rd": null,
      "sga": 268120000,
      "fcf": -453816000,
      "ocf": -337818000,
      "capex": -115998000,
      "gross_margin": 0.043924574892171844,
      "op_margin": 0.013676734839753684,
      "fcf_margin": -0.051197052742160964,
      "incr_op_margin_yoy": 0.03858997972130751,
      "rev_growth_yoy": -0.04626671165572354,
      "rev_growth_yoy_accel": 0.015671081097533776,
      "op_leverage_ratio": Infinity,
      "fcf_margin_change": -0.17622279094639426
    }
  ],
  "signals": [
    {
      "quarter": "2025-08 (Q3)",
      "signal": "FCF MARGIN EXPANSION",
      "detail": "FCF margin: +5.3% -> +12.5% (+7.2%)",
      "severity": "MEDIUM"
    },
    {
      "quarter": "2025-08 (Q3)",
      "signal": "YoY REVENUE GROWTH DECELERATION",
      "detail": "YoY growth: -6.2% vs prior quarter YoY: +1.6% (decel: -7.8%)",
      "severity": "WARNING"
    },
    {
      "quarter": "2025-08 (Q3)",
      "signal": "OP MARGIN TURNED POSITIVE (YoY)",
      "detail": "Op margin: -0.3% (year-ago) -> +0.6%",
      "severity": "HIGH"
    },
    {
      "quarter": "2025-05 (Q2)",
      "signal": "FCF TURNED POSITIVE",
      "detail": "FCF margin: -15.4% -> +5.3%",
      "severity": "HIGH"
    },
    {
      "quarter": "2025-05 (Q2)",
      "signal": "OPERATING LEVERAGE",
      "detail": "Rev growth +25.3% vs OpEx growth +4.3% (leverage: 5.9x)",
      "severity": "MEDIUM"
    },
    {
      "quarter": "2025-05 (Q2)",
      "signal": "GROSS MARGIN INFLECTION",
      "detail": "GM: +4.3% -> +1.0% -> +3.4% (reversal +2.4%)",
      "severity": "MEDIUM"
    },
    {
      "quarter": "2025-05 (Q2)",
      "signal": "YoY REVENUE GROWTH ACCELERATION",
      "detail": "YoY growth: +1.6% vs prior quarter YoY: -14.2% (accel: +15.8%)",
      "severity": "HIGH"
    },
    {
      "quarter": "2025-05 (Q2)",
      "signal": "OP MARGIN TURNED POSITIVE (QoQ)",
      "detail": "Op margin: -2.2% -> +0.7%",
      "severity": "HIGH"
    },
    {
      "quarter": "2024-11 (Q4)",
      "signal": "YoY REVENUE GROWTH DECELERATION",
      "detail": "YoY growth: -18.4% vs prior quarter YoY: -3.3% (decel: -15.1%)",
      "severity": "WARNING"
    },
    {
      "quarter": "2024-11 (Q4)",
      "signal": "OP MARGIN TURNED POSITIVE (QoQ)",
      "detail": "Op margin: -0.3% -> +1.5%",
      "severity": "HIGH"
    },
    {
      "quarter": "2024-08 (Q3)",
      "signal": "FCF MARGIN EXPANSION",
      "detail": "FCF margin: +3.8% -> +9.2% (+5.5%)",
      "severity": "MEDIUM"
    },
    {
      "quarter": "2024-08 (Q3)",
      "signal": "YoY REVENUE GROWTH ACCELERATION",
      "detail": "YoY growth: -3.3% vs prior quarter YoY: -20.1% (accel: +16.8%)",
      "severity": "HIGH"
    },
    {
      "quarter": "2024-05 (Q2)",
      "signal": "FCF TURNED POSITIVE",
      "detail": "FCF margin: -5.0% -> +3.8%",
      "severity": "HIGH"
    },
    {
      "quarter": "2024-02 (Q1)",
      "signal": "YoY REVENUE GROWTH DECELERATION",
      "detail": "YoY growth: -19.6% vs prior quarter YoY: -10.8% (decel: -8.9%)",
      "severity": "WARNING"
    },
    {
      "quarter": "2023-11 (Q4)",
      "signal": "YoY REVENUE GROWTH ACCELERATION",
      "detail": "YoY growth: -10.8% vs prior quarter YoY: -29.4% (accel: +18.6%)",
      "severity": "HIGH"
    },
    {
      "quarter": "2023-11 (Q4)",
      "signal": "INCREMENTAL MARGIN (YoY)",
      "detail": "YoY Incr OPM: +18.3% vs year-ago OPM: +5.0%",
      "severity": "MEDIUM"
    },
    {
      "quarter": "2023-08 (Q3)",
      "signal": "YoY REVENUE GROWTH DECELERATION",
      "detail": "YoY growth: -29.4% vs prior quarter YoY: -8.5% (decel: -20.9%)",
      "severity": "WARNING"
    },
    {
      "quarter": "2023-05 (Q2)",
      "signal": "FCF MARGIN EXPANSION",
      "detail": "FCF margin: +0.7% -> +15.1% (+14.4%)",
      "severity": "MEDIUM"
    },
    {
      "quarter": "2023-05 (Q2)",
      "signal": "GROSS MARGIN INFLECTION",
      "detail": "GM: +6.9% -> +3.4% -> +5.6% (reversal +2.2%)",
      "severity": "MEDIUM"
    },
    {
      "quarter": "2023-05 (Q2)",
      "signal": "YoY REVENUE GROWTH DECELERATION",
      "detail": "YoY growth: -8.5% vs prior quarter YoY: +9.4% (decel: -17.9%)",
      "severity": "WARNING"
    },
    {
      "quarter": "2023-02 (Q1)",
      "signal": "FCF TURNED POSITIVE",
      "detail": "FCF margin: -2.4% -> +0.7%",
      "severity": "HIGH"
    },
    {
      "quarter": "2023-02 (Q1)",
      "signal": "YoY REVENUE GROWTH DECELERATION",
      "detail": "YoY growth: +9.4% vs prior quarter YoY: +17.3% (decel: -7.9%)",
      "severity": "WARNING"
    },
    {
      "quarter": "2023-02 (Q1)",
      "signal": "INCREMENTAL MARGIN (YoY)",
      "detail": "YoY Incr OPM: +12.1% vs year-ago OPM: +0.2%",
      "severity": "MEDIUM"
    },
    {
      "quarter": "2022-11 (Q4)",
      "signal": "YoY REVENUE GROWTH DECELERATION",
      "detail": "YoY growth: +17.3% vs prior quarter YoY: +28.2% (decel: -10.9%)",
      "severity": "WARNING"
    },
    {
      "quarter": "2022-11 (Q4)",
      "signal": "INCREMENTAL MARGIN (YoY)",
      "detail": "YoY Incr OPM: +17.5% vs year-ago OPM: +2.9%",
      "severity": "MEDIUM"
    },
    {
      "quarter": "2022-08 (Q3)",
      "signal": "YoY REVENUE GROWTH ACCELERATION",
      "detail": "YoY growth: +28.2% vs prior quarter YoY: +20.2% (accel: +8.0%)",
      "severity": "MEDIUM"
    },
    {
      "quarter": "2022-05 (Q2)",
      "signal": "FCF TURNED POSITIVE",
      "detail": "FCF margin: -11.4% -> +9.3%",
      "severity": "HIGH"
    },
    {
      "quarter": "2022-05 (Q2)",
      "signal": "GROSS MARGIN INFLECTION",
      "detail": "GM: +4.8% -> +2.6% -> +4.9% (reversal +2.3%)",
      "severity": "MEDIUM"
    },
    {
      "quarter": "2022-05 (Q2)",
      "signal": "INCREMENTAL MARGIN (YoY)",
      "detail": "YoY Incr OPM: +12.4% vs year-ago OPM: +1.2%",
      "severity": "MEDIUM"
    },
    {
      "quarter": "2022-02 (Q1)",
      "signal": "OP MARGIN TURNED POSITIVE (YoY)",
      "detail": "Op margin: -0.7% (year-ago) -> +0.2%",
      "severity": "HIGH"
    },
    {
      "quarter": "2021-08 (Q3)",
      "signal": "FCF MARGIN EXPANSION",
      "detail": "FCF margin: +3.9% -> +12.5% (+8.6%)",
      "severity": "MEDIUM"
    },
    {
      "quarter": "2021-05 (Q2)",
      "signal": "FCF TURNED POSITIVE",
      "detail": "FCF margin: -6.5% -> +3.9%",
      "severity": "HIGH"
    },
    {
      "quarter": "2021-05 (Q2)",
      "signal": "OPERATING LEVERAGE",
      "detail": "Rev growth +31.4% vs OpEx growth +15.6% (leverage: 2.0x)",
      "severity": "MEDIUM"
    },
    {
      "quarter": "2021-05 (Q2)",
      "signal": "OP MARGIN TURNED POSITIVE (QoQ)",
      "detail": "Op margin: -0.7% -> +1.2%",
      "severity": "HIGH"
    }
  ],
  "data_quality": {
    "n_quarters": 20,
    "coverage": {
      "revenue": [
        20,
        20
      ],
      "gross_profit": [
        20,
        20
      ],
      "op_income": [
        20,
        20
      ],
      "fcf": [
        20,
        20
      ]
    },
    "gaps": [],
    "warnings": []
  },
  "market_cap": null,
  "source": "SEC EDGAR",
  "last_updated": "2026-02-03T01:07:27.203655",
  "sector": "Consumer Defensive",
  "industry": "Farm Products"
}