{
  "ticker": "CIEN",
  "name": "Ciena Corp",
  "quarters": [
    {
      "date": "2021-01-30T00:00:00",
      "quarter_label": "2021-01 (Q1)",
      "revenue": 757130000,
      "gross_profit": 357891000,
      "operating_income": 75795000,
      "net_income": 55348000,
      "opex": 282096000,
      "cogs": 399239000,
      "rd": 132741000,
      "sga": null,
      "fcf": -28187000,
      "ocf": -7319000,
      "capex": -20868000,
      "gross_margin": 0.4726942532986409,
      "op_margin": 0.10010830372591233,
      "fcf_margin": -0.0372287453937897
    },
    {
      "date": "2021-05-01T00:00:00",
      "quarter_label": "2021-05 (Q2)",
      "revenue": 833927000,
      "gross_profit": 412419000,
      "operating_income": 133629000,
      "net_income": 103117000,
      "opex": 278790000,
      "cogs": 421508000,
      "rd": 110246000,
      "sga": null,
      "fcf": 194195000,
      "ocf": 224978000,
      "capex": -30783000,
      "gross_margin": 0.49455048223645476,
      "op_margin": 0.16024064456481202,
      "fcf_margin": 0.23286810476216743,
      "op_leverage_ratio": Infinity,
      "fcf_margin_change": 0.27009685015595714
    },
    {
      "date": "2021-07-31T00:00:00",
      "quarter_label": "2021-07 (Q3)",
      "revenue": 988141000,
      "gross_profit": 474550000,
      "operating_income": 148523000,
      "net_income": 238232000,
      "opex": 326027000,
      "cogs": 513591000,
      "rd": 146225000,
      "sga": null,
      "fcf": 53458000,
      "ocf": 69097000,
      "capex": -15639000,
      "gross_margin": 0.48024522816075843,
      "op_margin": 0.15030547259955815,
      "fcf_margin": 0.05409956676223333,
      "op_leverage_ratio": 1.091416840753958,
      "fcf_margin_change": -0.1787685379999341
    },
    {
      "date": "2021-10-30T00:00:00",
      "quarter_label": "2021-10 (Q4)",
      "revenue": 1041486000,
      "gross_profit": 477119000,
      "operating_income": 137409000,
      "net_income": 103499000,
      "opex": 339710000,
      "cogs": 564367000,
      "rd": 147454000,
      "sga": null,
      "fcf": 242630000,
      "ocf": 254890000,
      "capex": -12260000,
      "gross_margin": 0.4581136952393023,
      "op_margin": 0.13193552289709126,
      "fcf_margin": 0.23296520548523936,
      "op_leverage_ratio": 1.286314131434059,
      "fcf_margin_change": 0.17886563872300604
    },
    {
      "date": "2022-01-29T00:00:00",
      "quarter_label": "2022-01 (Q1)",
      "revenue": 844443000,
      "gross_profit": 384187000,
      "operating_income": 60004000,
      "net_income": 45823000,
      "opex": 324183000,
      "cogs": 460256000,
      "rd": 148409000,
      "sga": null,
      "fcf": -80215000,
      "ocf": -54411000,
      "capex": -25804000,
      "gross_margin": 0.4549590676931421,
      "op_margin": 0.07105748996675916,
      "fcf_margin": -0.09499160985406949,
      "incr_op_margin_yoy": -0.18085508458076116,
      "rev_growth_yoy": 0.11532101488515843,
      "fcf_margin_change": -0.32795681533930887
    },
    {
      "date": "2022-04-30T00:00:00",
      "quarter_label": "2022-04 (Q2)",
      "revenue": 949227000,
      "gross_profit": 401781000,
      "operating_income": 58429000,
      "net_income": 38922000,
      "opex": 343352000,
      "cogs": 547446000,
      "rd": 159324000,
      "sga": null,
      "fcf": 87107000,
      "ocf": 106552000,
      "capex": -19445000,
      "gross_margin": 0.42327177798355925,
      "op_margin": 0.06155429628529319,
      "fcf_margin": 0.09176624769417642,
      "incr_op_margin_yoy": -0.6522116218560278,
      "rev_growth_yoy": 0.138261502505615,
      "rev_growth_yoy_accel": 0.02294048762045657,
      "op_leverage_ratio": 2.098531113802562,
      "fcf_margin_change": 0.18675785754824592
    },
    {
      "date": "2022-07-30T00:00:00",
      "quarter_label": "2022-07 (Q3)",
      "revenue": 867981000,
      "gross_profit": 340779000,
      "operating_income": 27107000,
      "net_income": 10512000,
      "opex": 313672000,
      "cogs": 527202000,
      "rd": 150025000,
      "sga": null,
      "fcf": -227049000,
      "ocf": -205390000,
      "capex": -21659000,
      "gross_margin": 0.3926111285846119,
      "op_margin": 0.031229946277625893,
      "fcf_margin": -0.2615829148333892,
      "incr_op_margin_yoy": 1.0104527296937418,
      "rev_growth_yoy": -0.12160207905551941,
      "rev_growth_yoy_accel": -0.2598635815611344,
      "fcf_margin_change": -0.3533491625275656
    },
    {
      "date": "2022-10-29T00:00:00",
      "quarter_label": "2022-10 (Q4)",
      "revenue": 971010000,
      "gross_profit": 433597000,
      "operating_income": 77268000,
      "net_income": 57645000,
      "opex": 356329000,
      "cogs": 537413000,
      "rd": 166898000,
      "sga": null,
      "fcf": -38417000,
      "ocf": -14507000,
      "capex": -23910000,
      "gross_margin": 0.44654226012090503,
      "op_margin": 0.07957487564494702,
      "fcf_margin": -0.03956395917652753,
      "incr_op_margin_yoy": 0.8533543333900903,
      "rev_growth_yoy": -0.0676686964587138,
      "rev_growth_yoy_accel": 0.05393338259680561,
      "op_leverage_ratio": 0.8728401395294197,
      "fcf_margin_change": 0.22201895565686167
    },
    {
      "date": "2023-01-28T00:00:00",
      "quarter_label": "2023-01 (Q1)",
      "revenue": 1056521000,
      "gross_profit": 455946000,
      "operating_income": 85216000,
      "net_income": 76241000,
      "opex": 370730000,
      "cogs": 600575000,
      "rd": 181730000,
      "sga": null,
      "fcf": -295669000,
      "ocf": -265639000,
      "capex": -30030000,
      "gross_margin": 0.4315541290707899,
      "op_margin": 0.08065717576839457,
      "fcf_margin": -0.2798515126533216,
      "incr_op_margin_yoy": 0.11888078914361697,
      "rev_growth_yoy": 0.2511454295908664,
      "rev_growth_yoy_accel": 0.3188141260495802,
      "op_leverage_ratio": 2.1789978483385632,
      "fcf_margin_change": -0.24028755347679406
    },
    {
      "date": "2023-04-29T00:00:00",
      "quarter_label": "2023-04 (Q2)",
      "revenue": 1132655000,
      "gross_profit": 487683000,
      "operating_income": 102813000,
      "net_income": 57654000,
      "opex": 384870000,
      "cogs": 644972000,
      "rd": 189993000,
      "sga": null,
      "fcf": 201807000,
      "ocf": 229811000,
      "capex": -28004000,
      "gross_margin": 0.4305662359677042,
      "op_margin": 0.09077168246288587,
      "fcf_margin": 0.1781716409674614,
      "incr_op_margin_yoy": 0.24196960115140545,
      "rev_growth_yoy": 0.19323934106383406,
      "rev_growth_yoy_accel": -0.05790608852703233,
      "op_leverage_ratio": 1.8893344160342693,
      "fcf_margin_change": 0.458023153620783
    },
    {
      "date": "2023-07-29T00:00:00",
      "quarter_label": "2023-07 (Q3)",
      "revenue": 1067886000,
      "gross_profit": 448941000,
      "operating_income": 78214000,
      "net_income": 29733000,
      "opex": 370727000,
      "cogs": 618945000,
      "rd": 189392000,
      "sga": null,
      "fcf": -16700000,
      "ocf": 8688000,
      "capex": -25388000,
      "gross_margin": 0.4204016159028211,
      "op_margin": 0.07324190035265937,
      "fcf_margin": -0.01563837338442493,
      "incr_op_margin_yoy": 0.25565643680748357,
      "rev_growth_yoy": 0.23031034089455876,
      "rev_growth_yoy_accel": 0.037070999830724705,
      "fcf_margin_change": -0.19381001435188633
    },
    {
      "date": "2023-10-28T00:00:00",
      "quarter_label": "2023-10 (Q4)",
      "revenue": 1129487000,
      "gross_profit": 486281000,
      "operating_income": 91302000,
      "net_income": 91199000,
      "opex": 394979000,
      "cogs": 643206000,
      "rd": 189444000,
      "sga": null,
      "fcf": 172697000,
      "ocf": 195472000,
      "capex": -22775000,
      "gross_margin": 0.4305326223320853,
      "op_margin": 0.08083492771497149,
      "fcf_margin": 0.1528986168056826,
      "incr_op_margin_yoy": 0.08855543706657748,
      "rev_growth_yoy": 0.16320841185981608,
      "rev_growth_yoy_accel": -0.06710192903474269,
      "op_leverage_ratio": 0.8817988470066598,
      "fcf_margin_change": 0.1685369901901075
    },
    {
      "date": "2024-01-27T00:00:00",
      "quarter_label": "2024-01 (Q1)",
      "revenue": 1037709000,
      "gross_profit": 466962000,
      "operating_income": 84629000,
      "net_income": 49547000,
      "opex": 382333000,
      "cogs": 570747000,
      "rd": 187269000,
      "sga": null,
      "fcf": 249477000,
      "ocf": 266076000,
      "capex": -16599000,
      "gross_margin": 0.4499932061878619,
      "op_margin": 0.08155369183460874,
      "fcf_margin": 0.24041132918766245,
      "incr_op_margin_yoy": 0.03120348713587072,
      "rev_growth_yoy": -0.017805609164417934,
      "rev_growth_yoy_accel": -0.181014021024234,
      "fcf_margin_change": 0.08751271238197986
    },
    {
      "date": "2024-04-27T00:00:00",
      "quarter_label": "2024-04 (Q2)",
      "revenue": 910826000,
      "gross_profit": 388661000,
      "operating_income": -3965000,
      "net_income": -16849000,
      "opex": 392626000,
      "cogs": 522165000,
      "rd": 195380000,
      "sga": null,
      "fcf": 41572000,
      "ocf": 58473000,
      "capex": -16901000,
      "gross_margin": 0.42671267618623093,
      "op_margin": -0.004353191498705571,
      "fcf_margin": 0.04564208751177502,
      "incr_op_margin_yoy": 0.481352753697668,
      "rev_growth_yoy": -0.19584869179052758,
      "rev_growth_yoy_accel": -0.17804308262610966,
      "fcf_margin_change": -0.19476924167588744
    },
    {
      "date": "2024-07-27T00:00:00",
      "quarter_label": "2024-07 (Q3)",
      "revenue": 942308000,
      "gross_profit": 403945000,
      "operating_income": 26743000,
      "net_income": 14230000,
      "opex": 377202000,
      "cogs": 538363000,
      "rd": 188888000,
      "sga": null,
      "fcf": -178975000,
      "ocf": -159377000,
      "capex": -19598000,
      "gross_margin": 0.42867618655471457,
      "op_margin": 0.028380317263569873,
      "fcf_margin": -0.18993259104241925,
      "incr_op_margin_yoy": 0.4098727484113459,
      "rev_growth_yoy": -0.1175949492736116,
      "rev_growth_yoy_accel": 0.07825374251691598,
      "op_leverage_ratio": Infinity,
      "fcf_margin_change": -0.23557467855419428
    },
    {
      "date": "2024-11-02T00:00:00",
      "quarter_label": "2024-11 (Q4)",
      "revenue": 1124112000,
      "gross_profit": 460022000,
      "operating_income": 59210000,
      "net_income": 37028000,
      "opex": 400812000,
      "cogs": 664090000,
      "rd": 195960000,
      "sga": null,
      "fcf": 265817000,
      "ocf": 349360000,
      "capex": -83543000,
      "gross_margin": 0.40923146448040765,
      "op_margin": 0.05267268741904721,
      "fcf_margin": 0.23646843019200933,
      "incr_op_margin_yoy": 5.970604651162791,
      "rev_growth_yoy": -0.0047587975780155065,
      "rev_growth_yoy_accel": 0.11283615169559609,
      "op_leverage_ratio": 3.0823968750786648,
      "fcf_margin_change": 0.4264010212344286
    },
    {
      "date": "2025-02-01T00:00:00",
      "quarter_label": "2025-02 (Q1)",
      "revenue": 1072260000,
      "gross_profit": 471821000,
      "operating_income": 80663000,
      "net_income": 44572000,
      "opex": 391158000,
      "cogs": 600439000,
      "rd": 192663000,
      "sga": null,
      "fcf": 76839000,
      "ocf": 103723000,
      "capex": -26884000,
      "gross_margin": 0.4400248074161118,
      "op_margin": 0.07522709044448175,
      "fcf_margin": 0.07166079122600862,
      "incr_op_margin_yoy": -0.1147868368498741,
      "rev_growth_yoy": 0.03329546144439337,
      "rev_growth_yoy_accel": 0.03805425902240887,
      "fcf_margin_change": -0.1648076389660007
    },
    {
      "date": "2025-05-03T00:00:00",
      "quarter_label": "2025-05 (Q2)",
      "revenue": 1125878000,
      "gross_profit": 452838000,
      "operating_income": 32842000,
      "net_income": 8969000,
      "opex": 419996000,
      "cogs": 673040000,
      "rd": 214868000,
      "sga": null,
      "fcf": 128208000,
      "ocf": 156946000,
      "capex": -28738000,
      "gross_margin": 0.40220876507046055,
      "op_margin": 0.029170123228271623,
      "fcf_margin": 0.11387379449638416,
      "incr_op_margin_yoy": 0.17115395346241838,
      "rev_growth_yoy": 0.23610656700621194,
      "rev_growth_yoy_accel": 0.20281110556181858,
      "op_leverage_ratio": 0.6782621537063894,
      "fcf_margin_change": 0.04221300327037554
    },
    {
      "date": "2025-08-02T00:00:00",
      "quarter_label": "2025-08 (Q3)",
      "revenue": 1219385000,
      "gross_profit": 503079000,
      "operating_income": 73535000,
      "net_income": 50308000,
      "opex": 429544000,
      "cogs": 716306000,
      "rd": 211898000,
      "sga": null,
      "fcf": 134596000,
      "ocf": 174347000,
      "capex": -39751000,
      "gross_margin": 0.4125678108226688,
      "op_margin": 0.06030498981043723,
      "fcf_margin": 0.11038023265826626,
      "incr_op_margin_yoy": 0.16887724350992683,
      "rev_growth_yoy": 0.2940408019458606,
      "rev_growth_yoy_accel": 0.05793423493964864,
      "op_leverage_ratio": 3.65330166346225,
      "fcf_margin_change": -0.0034935618381179007
    },
    {
      "date": "2025-11-01T00:00:00",
      "quarter_label": "2025-11 (Q4)",
      "revenue": 1351984000,
      "gross_profit": 577179000,
      "operating_income": 10491000,
      "net_income": 19489000,
      "opex": 566688000,
      "cogs": 774805000,
      "rd": 228900000,
      "sga": null,
      "fcf": 325649000,
      "ocf": 371077000,
      "capex": -45428000,
      "gross_margin": 0.42691259659877634,
      "op_margin": 0.007759707215470006,
      "fcf_margin": 0.2408674954733192,
      "incr_op_margin_yoy": -0.21379985254879932,
      "rev_growth_yoy": 0.20271289693553668,
      "rev_growth_yoy_accel": -0.0913279050103239,
      "op_leverage_ratio": 0.34058870824389614,
      "fcf_margin_change": 0.13048726281505296
    }
  ],
  "signals": [
    {
      "quarter": "2025-11 (Q4)",
      "signal": "FCF MARGIN EXPANSION",
      "detail": "FCF margin: +11.0% -> +24.1% (+13.0%)",
      "severity": "MEDIUM"
    },
    {
      "quarter": "2025-11 (Q4)",
      "signal": "YoY REVENUE GROWTH DECELERATION",
      "detail": "YoY growth: +20.3% vs prior quarter YoY: +29.4% (decel: -9.1%)",
      "severity": "WARNING"
    },
    {
      "quarter": "2025-08 (Q3)",
      "signal": "OPERATING LEVERAGE",
      "detail": "Rev growth +8.3% vs OpEx growth +2.3% (leverage: 3.7x)",
      "severity": "MEDIUM"
    },
    {
      "quarter": "2025-08 (Q3)",
      "signal": "YoY REVENUE GROWTH ACCELERATION",
      "detail": "YoY growth: +29.4% vs prior quarter YoY: +23.6% (accel: +5.8%)",
      "severity": "MEDIUM"
    },
    {
      "quarter": "2025-08 (Q3)",
      "signal": "INCREMENTAL MARGIN (YoY)",
      "detail": "YoY Incr OPM: +16.9% vs year-ago OPM: +2.8%",
      "severity": "MEDIUM"
    },
    {
      "quarter": "2025-05 (Q2)",
      "signal": "YoY REVENUE GROWTH ACCELERATION",
      "detail": "YoY growth: +23.6% vs prior quarter YoY: +3.3% (accel: +20.3%)",
      "severity": "HIGH"
    },
    {
      "quarter": "2025-05 (Q2)",
      "signal": "OP MARGIN TURNED POSITIVE (YoY)",
      "detail": "Op margin: -0.4% (year-ago) -> +2.9%",
      "severity": "HIGH"
    },
    {
      "quarter": "2025-02 (Q1)",
      "signal": "GROSS MARGIN INFLECTION",
      "detail": "GM: +42.9% -> +40.9% -> +44.0% (reversal +3.1%)",
      "severity": "MEDIUM"
    },
    {
      "quarter": "2024-11 (Q4)",
      "signal": "FCF TURNED POSITIVE",
      "detail": "FCF margin: -19.0% -> +23.6%",
      "severity": "HIGH"
    },
    {
      "quarter": "2024-11 (Q4)",
      "signal": "OPERATING LEVERAGE",
      "detail": "Rev growth +19.3% vs OpEx growth +6.3% (leverage: 3.1x)",
      "severity": "MEDIUM"
    },
    {
      "quarter": "2024-11 (Q4)",
      "signal": "YoY REVENUE GROWTH ACCELERATION",
      "detail": "YoY growth: -0.5% vs prior quarter YoY: -11.8% (accel: +11.3%)",
      "severity": "MEDIUM"
    },
    {
      "quarter": "2024-11 (Q4)",
      "signal": "INCREMENTAL MARGIN (YoY)",
      "detail": "YoY Incr OPM: +597.1% vs year-ago OPM: +8.1%",
      "severity": "HIGH"
    },
    {
      "quarter": "2024-07 (Q3)",
      "signal": "YoY REVENUE GROWTH ACCELERATION",
      "detail": "YoY growth: -11.8% vs prior quarter YoY: -19.6% (accel: +7.8%)",
      "severity": "MEDIUM"
    },
    {
      "quarter": "2024-07 (Q3)",
      "signal": "INCREMENTAL MARGIN (YoY)",
      "detail": "YoY Incr OPM: +41.0% vs year-ago OPM: +7.3%",
      "severity": "HIGH"
    },
    {
      "quarter": "2024-07 (Q3)",
      "signal": "OP MARGIN TURNED POSITIVE (QoQ)",
      "detail": "Op margin: -0.4% -> +2.8%",
      "severity": "HIGH"
    },
    {
      "quarter": "2024-04 (Q2)",
      "signal": "YoY REVENUE GROWTH DECELERATION",
      "detail": "YoY growth: -19.6% vs prior quarter YoY: -1.8% (decel: -17.8%)",
      "severity": "WARNING"
    },
    {
      "quarter": "2024-01 (Q1)",
      "signal": "FCF MARGIN EXPANSION",
      "detail": "FCF margin: +15.3% -> +24.0% (+8.8%)",
      "severity": "MEDIUM"
    },
    {
      "quarter": "2024-01 (Q1)",
      "signal": "YoY REVENUE GROWTH DECELERATION",
      "detail": "YoY growth: -1.8% vs prior quarter YoY: +16.3% (decel: -18.1%)",
      "severity": "WARNING"
    },
    {
      "quarter": "2023-10 (Q4)",
      "signal": "FCF TURNED POSITIVE",
      "detail": "FCF margin: -1.6% -> +15.3%",
      "severity": "HIGH"
    },
    {
      "quarter": "2023-10 (Q4)",
      "signal": "YoY REVENUE GROWTH DECELERATION",
      "detail": "YoY growth: +16.3% vs prior quarter YoY: +23.0% (decel: -6.7%)",
      "severity": "WARNING"
    },
    {
      "quarter": "2023-07 (Q3)",
      "signal": "INCREMENTAL MARGIN (YoY)",
      "detail": "YoY Incr OPM: +25.6% vs year-ago OPM: +3.1%",
      "severity": "HIGH"
    },
    {
      "quarter": "2023-04 (Q2)",
      "signal": "FCF TURNED POSITIVE",
      "detail": "FCF margin: -28.0% -> +17.8%",
      "severity": "HIGH"
    },
    {
      "quarter": "2023-04 (Q2)",
      "signal": "OPERATING LEVERAGE",
      "detail": "Rev growth +7.2% vs OpEx growth +3.8% (leverage: 1.9x)",
      "severity": "MEDIUM"
    },
    {
      "quarter": "2023-04 (Q2)",
      "signal": "YoY REVENUE GROWTH DECELERATION",
      "detail": "YoY growth: +19.3% vs prior quarter YoY: +25.1% (decel: -5.8%)",
      "severity": "WARNING"
    },
    {
      "quarter": "2023-04 (Q2)",
      "signal": "INCREMENTAL MARGIN (YoY)",
      "detail": "YoY Incr OPM: +24.2% vs year-ago OPM: +6.2%",
      "severity": "MEDIUM"
    },
    {
      "quarter": "2023-01 (Q1)",
      "signal": "OPERATING LEVERAGE",
      "detail": "Rev growth +8.8% vs OpEx growth +4.0% (leverage: 2.2x)",
      "severity": "MEDIUM"
    },
    {
      "quarter": "2023-01 (Q1)",
      "signal": "YoY REVENUE GROWTH ACCELERATION",
      "detail": "YoY growth: +25.1% vs prior quarter YoY: -6.8% (accel: +31.9%)",
      "severity": "HIGH"
    },
    {
      "quarter": "2022-10 (Q4)",
      "signal": "FCF MARGIN EXPANSION",
      "detail": "FCF margin: -26.2% -> -4.0% (+22.2%)",
      "severity": "MEDIUM"
    },
    {
      "quarter": "2022-10 (Q4)",
      "signal": "GROSS MARGIN INFLECTION",
      "detail": "GM: +42.3% -> +39.3% -> +44.7% (reversal +5.4%)",
      "severity": "HIGH"
    },
    {
      "quarter": "2022-10 (Q4)",
      "signal": "YoY REVENUE GROWTH ACCELERATION",
      "detail": "YoY growth: -6.8% vs prior quarter YoY: -12.2% (accel: +5.4%)",
      "severity": "MEDIUM"
    },
    {
      "quarter": "2022-10 (Q4)",
      "signal": "INCREMENTAL MARGIN (YoY)",
      "detail": "YoY Incr OPM: +85.3% vs year-ago OPM: +13.2%",
      "severity": "HIGH"
    },
    {
      "quarter": "2022-07 (Q3)",
      "signal": "YoY REVENUE GROWTH DECELERATION",
      "detail": "YoY growth: -12.2% vs prior quarter YoY: +13.8% (decel: -26.0%)",
      "severity": "WARNING"
    },
    {
      "quarter": "2022-07 (Q3)",
      "signal": "INCREMENTAL MARGIN (YoY)",
      "detail": "YoY Incr OPM: +101.0% vs year-ago OPM: +15.0%",
      "severity": "HIGH"
    },
    {
      "quarter": "2022-04 (Q2)",
      "signal": "FCF TURNED POSITIVE",
      "detail": "FCF margin: -9.5% -> +9.2%",
      "severity": "HIGH"
    },
    {
      "quarter": "2022-04 (Q2)",
      "signal": "OPERATING LEVERAGE",
      "detail": "Rev growth +12.4% vs OpEx growth +5.9% (leverage: 2.1x)",
      "severity": "MEDIUM"
    },
    {
      "quarter": "2021-10 (Q4)",
      "signal": "FCF MARGIN EXPANSION",
      "detail": "FCF margin: +5.4% -> +23.3% (+17.9%)",
      "severity": "MEDIUM"
    },
    {
      "quarter": "2021-05 (Q2)",
      "signal": "FCF TURNED POSITIVE",
      "detail": "FCF margin: -3.7% -> +23.3%",
      "severity": "HIGH"
    }
  ],
  "data_quality": {
    "n_quarters": 20,
    "coverage": {
      "revenue": [
        20,
        20
      ],
      "gross_profit": [
        20,
        20
      ],
      "op_income": [
        20,
        20
      ],
      "fcf": [
        20,
        20
      ]
    },
    "gaps": [],
    "warnings": []
  },
  "market_cap": null,
  "source": "SEC EDGAR",
  "last_updated": "2026-02-02T20:06:36.188835"
}