{
  "ticker": "CISO",
  "name": "CISO Global, Inc.",
  "quarters": [
    {
      "date": "2020-12-31T00:00:00",
      "quarter_label": "2020-12 (Q4)",
      "revenue": 2612523,
      "gross_profit": 1192254,
      "operating_income": -987950,
      "net_income": -992816,
      "opex": 2180204,
      "cogs": 1420269,
      "rd": null,
      "sga": 2584112,
      "fcf": -544103,
      "ocf": -544103,
      "capex": null,
      "gross_margin": 0.4563611497391602,
      "op_margin": -0.37815935017605584,
      "fcf_margin": -0.2082672573600309
    },
    {
      "date": "2021-03-31T00:00:00",
      "quarter_label": "2021-03 (Q1)",
      "revenue": 2559778,
      "gross_profit": 820615,
      "operating_income": -1708369,
      "net_income": -1776859,
      "opex": 2528984,
      "cogs": 1739163,
      "rd": null,
      "sga": 1487641,
      "fcf": -1130173,
      "ocf": -1130173,
      "capex": null,
      "gross_margin": 0.3205805347182451,
      "op_margin": -0.6673895158095741,
      "fcf_margin": -0.44151211550376634,
      "fcf_margin_change": -0.23324485814373544
    },
    {
      "date": "2021-06-30T00:00:00",
      "quarter_label": "2021-06 (Q2)",
      "revenue": 2949677,
      "gross_profit": 937333,
      "operating_income": -2053400,
      "net_income": -2116862,
      "opex": 2990733,
      "cogs": 2012344,
      "rd": null,
      "sga": 1667614,
      "fcf": -1516566,
      "ocf": -1516566,
      "capex": null,
      "gross_margin": 0.3177747936468976,
      "op_margin": -0.6961440184806675,
      "fcf_margin": -0.5141464641721789,
      "op_leverage_ratio": 0.8342379403761485,
      "fcf_margin_change": -0.07263434866841256
    },
    {
      "date": "2021-09-30T00:00:00",
      "quarter_label": "2021-09 (Q3)",
      "revenue": 3745008,
      "gross_profit": 766655,
      "operating_income": -3158398,
      "net_income": -2252899,
      "opex": 3925053,
      "cogs": 2978353,
      "rd": null,
      "sga": 2085720,
      "fcf": -1665573,
      "ocf": -1665573,
      "capex": null,
      "gross_margin": 0.2047138484083345,
      "op_margin": -0.8433621503612275,
      "fcf_margin": -0.44474484433678113,
      "op_leverage_ratio": 0.8630887305936172,
      "fcf_margin_change": 0.06940161983539778
    },
    {
      "date": "2021-12-31T00:00:00",
      "quarter_label": "2021-12 (Q4)",
      "revenue": 5887976,
      "gross_profit": -716460,
      "operating_income": -32859857,
      "net_income": -32999030,
      "opex": 32143397,
      "cogs": 6604436,
      "rd": null,
      "sga": 4568105,
      "fcf": -3072817,
      "ocf": -3072817,
      "capex": null,
      "gross_margin": -0.12168188185549669,
      "op_margin": -5.580840852612171,
      "fcf_margin": -0.5218800144565807,
      "incr_op_margin_yoy": -9.7305340665856,
      "rev_growth_yoy": 1.2537508760688423,
      "op_leverage_ratio": 0.07959337822698635,
      "fcf_margin_change": -0.07713517011979959
    },
    {
      "date": "2022-03-31T00:00:00",
      "quarter_label": "2022-03 (Q1)",
      "revenue": 9329410,
      "gross_profit": 48717,
      "operating_income": -7911569,
      "net_income": -7942611,
      "opex": 7960286,
      "cogs": 9280693,
      "rd": null,
      "sga": 4616374,
      "fcf": -3119653,
      "ocf": -3015795,
      "capex": -103858,
      "gross_margin": 0.005221873623305225,
      "op_margin": -0.8480245803325184,
      "fcf_margin": -0.33438909856035914,
      "incr_op_margin_yoy": -0.9163275049515247,
      "rev_growth_yoy": 2.6446168378664088,
      "rev_growth_yoy_accel": 1.3908659617975665,
      "op_leverage_ratio": Infinity,
      "fcf_margin_change": 0.18749091589622158
    },
    {
      "date": "2022-06-30T00:00:00",
      "quarter_label": "2022-06 (Q2)",
      "revenue": 11227945,
      "gross_profit": 765493,
      "operating_income": -7292623,
      "net_income": -7339846,
      "opex": 8058116,
      "cogs": 10462452,
      "rd": null,
      "sga": 4468415,
      "fcf": -655325,
      "ocf": -558679,
      "capex": -96646,
      "gross_margin": 0.06817748038487897,
      "op_margin": -0.6495064769198637,
      "fcf_margin": -0.058365533497002346,
      "incr_op_margin_yoy": -0.6328887878478928,
      "rev_growth_yoy": 2.8064998303204045,
      "rev_growth_yoy_accel": 0.16188299245399573,
      "op_leverage_ratio": 16.558502059296938,
      "fcf_margin_change": 0.2760235650633568
    },
    {
      "date": "2022-09-30T00:00:00",
      "quarter_label": "2022-09 (Q3)",
      "revenue": 11253032,
      "gross_profit": 923523,
      "operating_income": -8422834,
      "net_income": -8501099,
      "opex": 9346357,
      "cogs": 10329509,
      "rd": null,
      "sga": 6684747,
      "fcf": -4586292,
      "ocf": -4275823,
      "capex": -310469,
      "gross_margin": 0.08206881487584858,
      "op_margin": -0.7484946279367196,
      "fcf_margin": -0.407560557901195,
      "incr_op_margin_yoy": -0.7011746366287588,
      "rev_growth_yoy": 2.004808534454399,
      "rev_growth_yoy_accel": -0.8016912958660054,
      "fcf_margin_change": -0.34919502440419264
    },
    {
      "date": "2022-12-31T00:00:00",
      "quarter_label": "2022-12 (Q4)",
      "revenue": 14739230,
      "gross_profit": 987589,
      "operating_income": -9423946,
      "net_income": -9901442,
      "opex": 10411535,
      "cogs": 13751641,
      "rd": null,
      "sga": 7249746,
      "fcf": -2831984,
      "ocf": -2830710,
      "capex": -1274,
      "gross_margin": 0.06700411079818959,
      "op_margin": -0.6393784478565027,
      "fcf_margin": -0.19213920944309845,
      "incr_op_margin_yoy": 2.6477503639597284,
      "rev_growth_yoy": 1.503276168245251,
      "rev_growth_yoy_accel": -0.5015323662091482,
      "op_leverage_ratio": 2.7183330985115064,
      "fcf_margin_change": 0.21542134845809655
    },
    {
      "date": "2023-03-31T00:00:00",
      "quarter_label": "2023-03 (Q1)",
      "revenue": 13726681,
      "gross_profit": 399084,
      "operating_income": -34730806,
      "net_income": -34841689,
      "opex": 35129890,
      "cogs": 13327597,
      "rd": null,
      "sga": 9508766,
      "fcf": -2293711,
      "ocf": -2110872,
      "capex": -182839,
      "gross_margin": 0.029073597616204528,
      "op_margin": -2.5301677805435996,
      "fcf_margin": -0.16709873275265885,
      "incr_op_margin_yoy": -6.09906394215867,
      "rev_growth_yoy": 0.4713343073141817,
      "rev_growth_yoy_accel": -1.0319418609310693,
      "fcf_margin_change": 0.0250404766904396
    },
    {
      "date": "2023-06-30T00:00:00",
      "quarter_label": "2023-06 (Q2)",
      "revenue": 15524994,
      "gross_profit": 1011834,
      "operating_income": -28772212,
      "net_income": -29328663,
      "opex": 29784046,
      "cogs": 14513160,
      "rd": null,
      "sga": 6112875,
      "fcf": -3174115,
      "ocf": -3208088,
      "capex": 33973,
      "gross_margin": 0.06517451794184269,
      "op_margin": -1.8532832927342837,
      "fcf_margin": -0.20445193086709085,
      "incr_op_margin_yoy": -4.998683747846488,
      "rev_growth_yoy": 0.3827101931831693,
      "rev_growth_yoy_accel": -0.0886241141310124,
      "op_leverage_ratio": Infinity,
      "fcf_margin_change": -0.037353198114431996
    },
    {
      "date": "2023-09-30T00:00:00",
      "quarter_label": "2023-09 (Q3)",
      "revenue": 14065121,
      "gross_profit": 2480540,
      "operating_income": -4619259,
      "net_income": -5507263,
      "opex": 7099799,
      "cogs": 11584581,
      "rd": null,
      "sga": 5557328,
      "fcf": -1402950,
      "ocf": -1385538,
      "capex": -17412,
      "gross_margin": 0.1763610849846226,
      "op_margin": -0.3284194284571032,
      "fcf_margin": -0.09974674231384145,
      "incr_op_margin_yoy": 1.3525798792285735,
      "rev_growth_yoy": 0.24989611688654223,
      "rev_growth_yoy_accel": -0.13281407629662706,
      "fcf_margin_change": 0.1047051885532494
    },
    {
      "date": "2023-12-31T00:00:00",
      "quarter_label": "2023-12 (Q4)",
      "revenue": 13741961,
      "gross_profit": 2158076,
      "operating_income": -9649428,
      "net_income": -10553468,
      "opex": 11807504,
      "cogs": 11583885,
      "rd": null,
      "sga": 5565574,
      "fcf": 737035,
      "ocf": 784386,
      "capex": -47351,
      "gross_margin": 0.15704279760363168,
      "op_margin": -0.7021871187088946,
      "fcf_margin": 0.05363390275958431,
      "rev_growth_yoy": -0.06766086152397377,
      "rev_growth_yoy_accel": -0.317556978410516,
      "fcf_margin_change": 0.15338064507342575
    },
    {
      "date": "2024-03-31T00:00:00",
      "quarter_label": "2024-03 (Q1)",
      "revenue": 11833336,
      "gross_profit": 989426,
      "operating_income": -5739752,
      "net_income": -6609199,
      "opex": 6729178,
      "cogs": 10843910,
      "rd": null,
      "sga": 4997203,
      "fcf": -1484204,
      "ocf": -1408633,
      "capex": -75571,
      "gross_margin": 0.0836134459462657,
      "op_margin": -0.48504935548183536,
      "fcf_margin": -0.12542566187590717,
      "incr_op_margin_yoy": -15.312082055832402,
      "rev_growth_yoy": -0.13793174038210693,
      "rev_growth_yoy_accel": -0.07027087885813316,
      "fcf_margin_change": -0.1790595646354915
    },
    {
      "date": "2024-06-30T00:00:00",
      "quarter_label": "2024-06 (Q2)",
      "revenue": 7808425,
      "gross_profit": 933909,
      "operating_income": -4241607,
      "net_income": -8436887,
      "opex": 5175516,
      "cogs": 6874516,
      "rd": null,
      "sga": 3605280,
      "fcf": -1278513,
      "ocf": -1270989,
      "capex": -7524,
      "gross_margin": 0.11960273678750837,
      "op_margin": -0.5432090338320468,
      "fcf_margin": -0.16373506821157915,
      "incr_op_margin_yoy": -3.178952329720631,
      "rev_growth_yoy": -0.4970416735748819,
      "rev_growth_yoy_accel": -0.35910993319277495,
      "fcf_margin_change": -0.03830940633567198
    },
    {
      "date": "2024-09-30T00:00:00",
      "quarter_label": "2024-09 (Q3)",
      "revenue": 7511297,
      "gross_profit": 1034068,
      "operating_income": -3519004,
      "net_income": -3677886,
      "opex": 4553072,
      "cogs": 6477229,
      "rd": null,
      "sga": 3083920,
      "fcf": -903104,
      "ocf": -903104,
      "capex": null,
      "gross_margin": 0.13766836805947094,
      "op_margin": -0.4684948551495168,
      "fcf_margin": -0.120232764061919,
      "incr_op_margin_yoy": -0.16787985151874693,
      "rev_growth_yoy": -0.465962859473445,
      "rev_growth_yoy_accel": 0.03107881410143687,
      "fcf_margin_change": 0.04350230414966015
    },
    {
      "date": "2024-12-31T00:00:00",
      "quarter_label": "2024-12 (Q4)",
      "revenue": 7405559,
      "gross_profit": 1833446,
      "operating_income": -1932125,
      "net_income": -5519958,
      "opex": 3765571,
      "cogs": 5572113,
      "rd": null,
      "sga": 2413812,
      "fcf": -258980,
      "ocf": -258980,
      "capex": null,
      "gross_margin": 0.24757698912398104,
      "op_margin": -0.2609019791753735,
      "fcf_margin": -0.03497102649509645,
      "incr_op_margin_yoy": -1.2179314064985145,
      "rev_growth_yoy": -0.4610988198845856,
      "rev_growth_yoy_accel": 0.004864039588859392,
      "fcf_margin_change": 0.08526173756682255
    },
    {
      "date": "2025-03-31T00:00:00",
      "quarter_label": "2025-03 (Q1)",
      "revenue": 7162322,
      "gross_profit": 1781602,
      "operating_income": -1709745,
      "net_income": -5379604,
      "opex": 3491347,
      "cogs": 5380720,
      "rd": null,
      "sga": 2656891,
      "fcf": -2953508,
      "ocf": -2953508,
      "capex": null,
      "gross_margin": 0.24874642608919287,
      "op_margin": -0.2387137858364927,
      "fcf_margin": -0.412367385884075,
      "incr_op_margin_yoy": -0.8627691974376441,
      "rev_growth_yoy": -0.3947334885107632,
      "rev_growth_yoy_accel": 0.06636533137382244,
      "fcf_margin_change": -0.37739635938897853
    },
    {
      "date": "2025-06-30T00:00:00",
      "quarter_label": "2025-06 (Q2)",
      "revenue": 6713587,
      "gross_profit": 1636840,
      "operating_income": -2329387,
      "net_income": -3009921,
      "opex": 3966227,
      "cogs": 5076747,
      "rd": null,
      "sga": 2630096,
      "fcf": -2349824,
      "ocf": -2349824,
      "capex": null,
      "gross_margin": 0.24381005265888414,
      "op_margin": -0.34696608534305134,
      "fcf_margin": -0.3500102106370261,
      "incr_op_margin_yoy": -1.7465780325491078,
      "rev_growth_yoy": -0.1402123987872074,
      "rev_growth_yoy_accel": 0.2545210897235558,
      "fcf_margin_change": 0.062357175247048924
    },
    {
      "date": "2025-09-30T00:00:00",
      "quarter_label": "2025-09 (Q3)",
      "revenue": 6461798,
      "gross_profit": 1607314,
      "operating_income": -2634007,
      "net_income": 2532428,
      "opex": 4241321,
      "cogs": 4854484,
      "rd": null,
      "sga": 2572001,
      "fcf": -876710,
      "ocf": -876710,
      "capex": null,
      "gross_margin": 0.24874098509424158,
      "op_margin": -0.40762756743556516,
      "fcf_margin": -0.13567585987677114,
      "incr_op_margin_yoy": -0.8432566395966076,
      "rev_growth_yoy": -0.13972274029372025,
      "rev_growth_yoy_accel": 0.000489658493487144,
      "fcf_margin_change": 0.21433435076025495
    }
  ],
  "signals": [
    {
      "quarter": "2025-09 (Q3)",
      "signal": "FCF MARGIN EXPANSION",
      "detail": "FCF margin: -35.0% -> -13.6% (+21.4%)",
      "severity": "MEDIUM"
    },
    {
      "quarter": "2025-06 (Q2)",
      "signal": "FCF MARGIN EXPANSION",
      "detail": "FCF margin: -41.2% -> -35.0% (+6.2%)",
      "severity": "MEDIUM"
    },
    {
      "quarter": "2025-06 (Q2)",
      "signal": "YoY REVENUE GROWTH ACCELERATION",
      "detail": "YoY growth: -14.0% vs prior quarter YoY: -39.5% (accel: +25.5%)",
      "severity": "HIGH"
    },
    {
      "quarter": "2025-03 (Q1)",
      "signal": "YoY REVENUE GROWTH ACCELERATION",
      "detail": "YoY growth: -39.5% vs prior quarter YoY: -46.1% (accel: +6.6%)",
      "severity": "MEDIUM"
    },
    {
      "quarter": "2024-12 (Q4)",
      "signal": "FCF MARGIN EXPANSION",
      "detail": "FCF margin: -12.0% -> -3.5% (+8.5%)",
      "severity": "MEDIUM"
    },
    {
      "quarter": "2024-06 (Q2)",
      "signal": "GROSS MARGIN INFLECTION",
      "detail": "GM: +15.7% -> +8.4% -> +12.0% (reversal +3.6%)",
      "severity": "MEDIUM"
    },
    {
      "quarter": "2024-06 (Q2)",
      "signal": "YoY REVENUE GROWTH DECELERATION",
      "detail": "YoY growth: -49.7% vs prior quarter YoY: -13.8% (decel: -35.9%)",
      "severity": "WARNING"
    },
    {
      "quarter": "2024-03 (Q1)",
      "signal": "YoY REVENUE GROWTH DECELERATION",
      "detail": "YoY growth: -13.8% vs prior quarter YoY: -6.8% (decel: -7.0%)",
      "severity": "WARNING"
    },
    {
      "quarter": "2023-12 (Q4)",
      "signal": "FCF TURNED POSITIVE",
      "detail": "FCF margin: -10.0% -> +5.4%",
      "severity": "HIGH"
    },
    {
      "quarter": "2023-12 (Q4)",
      "signal": "YoY REVENUE GROWTH DECELERATION",
      "detail": "YoY growth: -6.8% vs prior quarter YoY: +25.0% (decel: -31.8%)",
      "severity": "WARNING"
    },
    {
      "quarter": "2023-09 (Q3)",
      "signal": "FCF MARGIN EXPANSION",
      "detail": "FCF margin: -20.4% -> -10.0% (+10.5%)",
      "severity": "MEDIUM"
    },
    {
      "quarter": "2023-09 (Q3)",
      "signal": "YoY REVENUE GROWTH DECELERATION",
      "detail": "YoY growth: +25.0% vs prior quarter YoY: +38.3% (decel: -13.3%)",
      "severity": "WARNING"
    },
    {
      "quarter": "2023-06 (Q2)",
      "signal": "GROSS MARGIN INFLECTION",
      "detail": "GM: +6.7% -> +2.9% -> +6.5% (reversal +3.6%)",
      "severity": "MEDIUM"
    },
    {
      "quarter": "2023-06 (Q2)",
      "signal": "YoY REVENUE GROWTH DECELERATION",
      "detail": "YoY growth: +38.3% vs prior quarter YoY: +47.1% (decel: -8.9%)",
      "severity": "WARNING"
    },
    {
      "quarter": "2023-03 (Q1)",
      "signal": "YoY REVENUE GROWTH DECELERATION",
      "detail": "YoY growth: +47.1% vs prior quarter YoY: +150.3% (decel: -103.2%)",
      "severity": "WARNING"
    },
    {
      "quarter": "2022-12 (Q4)",
      "signal": "FCF MARGIN EXPANSION",
      "detail": "FCF margin: -40.8% -> -19.2% (+21.5%)",
      "severity": "MEDIUM"
    },
    {
      "quarter": "2022-12 (Q4)",
      "signal": "OPERATING LEVERAGE",
      "detail": "Rev growth +31.0% vs OpEx growth +11.4% (leverage: 2.7x)",
      "severity": "MEDIUM"
    },
    {
      "quarter": "2022-12 (Q4)",
      "signal": "YoY REVENUE GROWTH DECELERATION",
      "detail": "YoY growth: +150.3% vs prior quarter YoY: +200.5% (decel: -50.2%)",
      "severity": "WARNING"
    },
    {
      "quarter": "2022-09 (Q3)",
      "signal": "YoY REVENUE GROWTH DECELERATION",
      "detail": "YoY growth: +200.5% vs prior quarter YoY: +280.6% (decel: -80.2%)",
      "severity": "WARNING"
    },
    {
      "quarter": "2022-06 (Q2)",
      "signal": "FCF MARGIN EXPANSION",
      "detail": "FCF margin: -33.4% -> -5.8% (+27.6%)",
      "severity": "MEDIUM"
    },
    {
      "quarter": "2022-06 (Q2)",
      "signal": "OPERATING LEVERAGE",
      "detail": "Rev growth +20.4% vs OpEx growth +1.2% (leverage: 16.6x)",
      "severity": "MEDIUM"
    },
    {
      "quarter": "2022-06 (Q2)",
      "signal": "YoY REVENUE GROWTH ACCELERATION",
      "detail": "YoY growth: +280.6% vs prior quarter YoY: +264.5% (accel: +16.2%)",
      "severity": "HIGH"
    },
    {
      "quarter": "2022-03 (Q1)",
      "signal": "FCF MARGIN EXPANSION",
      "detail": "FCF margin: -52.2% -> -33.4% (+18.7%)",
      "severity": "MEDIUM"
    },
    {
      "quarter": "2022-03 (Q1)",
      "signal": "GROSS MARGIN INFLECTION",
      "detail": "GM: +20.5% -> -12.2% -> +0.5% (reversal +12.7%)",
      "severity": "HIGH"
    },
    {
      "quarter": "2022-03 (Q1)",
      "signal": "YoY REVENUE GROWTH ACCELERATION",
      "detail": "YoY growth: +264.5% vs prior quarter YoY: +125.4% (accel: +139.1%)",
      "severity": "HIGH"
    },
    {
      "quarter": "2021-09 (Q3)",
      "signal": "FCF MARGIN EXPANSION",
      "detail": "FCF margin: -51.4% -> -44.5% (+6.9%)",
      "severity": "MEDIUM"
    }
  ],
  "data_quality": {
    "n_quarters": 20,
    "coverage": {
      "revenue": [
        20,
        20
      ],
      "gross_profit": [
        20,
        20
      ],
      "op_income": [
        20,
        20
      ],
      "fcf": [
        20,
        20
      ]
    },
    "gaps": [],
    "warnings": []
  },
  "market_cap": null,
  "source": "SEC EDGAR",
  "last_updated": "2026-02-02T23:56:27.903537"
}