{
  "ticker": "CIX",
  "name": "COMPX INTERNATIONAL\u00a0INC",
  "quarters": [
    {
      "date": "2020-12-31T00:00:00",
      "quarter_label": "2020-12 (Q4)",
      "revenue": 30000000,
      "gross_profit": 7700000,
      "operating_income": 2300000,
      "net_income": 2100000,
      "opex": 5400000,
      "cogs": 22277000,
      "rd": null,
      "sga": 5377000,
      "fcf": 5808000,
      "ocf": 6257000,
      "capex": -449000,
      "gross_margin": 0.25666666666666665,
      "op_margin": 0.07666666666666666,
      "fcf_margin": 0.1936
    },
    {
      "date": "2021-03-31T00:00:00",
      "quarter_label": "2021-03 (Q1)",
      "revenue": 35924000,
      "gross_profit": 11035000,
      "operating_income": 5817000,
      "net_income": 4685000,
      "opex": 5218000,
      "cogs": 24889000,
      "rd": null,
      "sga": 5218000,
      "fcf": -2945000,
      "ocf": -2377000,
      "capex": -568000,
      "gross_margin": 0.3071762609954348,
      "op_margin": 0.16192517537022602,
      "fcf_margin": -0.0819786215343503,
      "op_leverage_ratio": Infinity,
      "fcf_margin_change": -0.2755786215343503
    },
    {
      "date": "2021-06-30T00:00:00",
      "quarter_label": "2021-06 (Q2)",
      "revenue": 36253000,
      "gross_profit": 11306000,
      "operating_income": 5758000,
      "net_income": 4620000,
      "opex": 5548000,
      "cogs": 24947000,
      "rd": null,
      "sga": 5548000,
      "fcf": 4908000,
      "ocf": 5938000,
      "capex": -1030000,
      "gross_margin": 0.3118638457506965,
      "op_margin": 0.15882823490469755,
      "fcf_margin": 0.13538189942901277,
      "fcf_margin_change": 0.21736052096336306
    },
    {
      "date": "2021-09-30T00:00:00",
      "quarter_label": "2021-09 (Q3)",
      "revenue": 34556000,
      "gross_profit": 10922000,
      "operating_income": 5131000,
      "net_income": 4132000,
      "opex": 5791000,
      "cogs": 23634000,
      "rd": null,
      "sga": 5791000,
      "fcf": 3866000,
      "ocf": 4534000,
      "capex": -668000,
      "gross_margin": 0.3160666743836092,
      "op_margin": 0.14848362078944322,
      "fcf_margin": 0.11187637458039125,
      "fcf_margin_change": -0.02350552484862152
    },
    {
      "date": "2021-12-31T00:00:00",
      "quarter_label": "2021-12 (Q4)",
      "revenue": 34082000,
      "gross_profit": 9486000,
      "operating_income": 3820000,
      "net_income": 3131000,
      "opex": 5666000,
      "cogs": 24596000,
      "rd": null,
      "sga": 5666000,
      "fcf": 551000,
      "ocf": 2379000,
      "capex": -1828000,
      "gross_margin": 0.278328736576492,
      "op_margin": 0.11208262425913972,
      "fcf_margin": 0.016166891614341882,
      "incr_op_margin_yoy": 0.37236648701616853,
      "rev_growth_yoy": 0.13606666666666667,
      "fcf_margin_change": -0.09570948296604936
    },
    {
      "date": "2022-03-31T00:00:00",
      "quarter_label": "2022-03 (Q1)",
      "revenue": 42050000,
      "gross_profit": 12080000,
      "operating_income": 6306000,
      "net_income": 4984000,
      "opex": 5774000,
      "cogs": 29970000,
      "rd": null,
      "sga": 5774000,
      "fcf": -3879000,
      "ocf": -2162000,
      "capex": -1717000,
      "gross_margin": 0.2872770511296076,
      "op_margin": 0.1499643281807372,
      "fcf_margin": -0.0922473246135553,
      "incr_op_margin_yoy": 0.07982370225269343,
      "rev_growth_yoy": 0.1705266674089745,
      "rev_growth_yoy_accel": 0.034460000742307845,
      "op_leverage_ratio": 12.265268730969101,
      "fcf_margin_change": -0.10841421622789718
    },
    {
      "date": "2022-06-30T00:00:00",
      "quarter_label": "2022-06 (Q2)",
      "revenue": 41675000,
      "gross_profit": 13629000,
      "operating_income": 7745000,
      "net_income": 6176000,
      "opex": 5884000,
      "cogs": 28046000,
      "rd": null,
      "sga": 5884000,
      "fcf": 3190000,
      "ocf": 3688000,
      "capex": -498000,
      "gross_margin": 0.32703059388122374,
      "op_margin": 0.18584283143371325,
      "fcf_margin": 0.07654469106178764,
      "incr_op_margin_yoy": 0.366469937292512,
      "rev_growth_yoy": 0.1495600364107798,
      "rev_growth_yoy_accel": -0.020966630998194707,
      "fcf_margin_change": 0.16879201567534294
    },
    {
      "date": "2022-09-30T00:00:00",
      "quarter_label": "2022-09 (Q3)",
      "revenue": 42864000,
      "gross_profit": 11936000,
      "operating_income": 5920000,
      "net_income": 4950000,
      "opex": 6016000,
      "cogs": 30928000,
      "rd": null,
      "sga": 6016000,
      "fcf": 5803000,
      "ocf": 6596000,
      "capex": -793000,
      "gross_margin": 0.2784621127286301,
      "op_margin": 0.13811123553564764,
      "fcf_margin": 0.1353816722657708,
      "incr_op_margin_yoy": 0.09496870486278286,
      "rev_growth_yoy": 0.24042134506308602,
      "rev_growth_yoy_accel": 0.09086130865230621,
      "op_leverage_ratio": 1.2717594662885603,
      "fcf_margin_change": 0.05883698120398316
    },
    {
      "date": "2022-12-31T00:00:00",
      "quarter_label": "2022-12 (Q4)",
      "revenue": 39973000,
      "gross_profit": 11154000,
      "operating_income": 5465000,
      "net_income": 4761000,
      "opex": 5689000,
      "cogs": 28819000,
      "rd": null,
      "sga": 5689000,
      "fcf": 8082000,
      "ocf": 8769000,
      "capex": -687000,
      "gross_margin": 0.27903835088684864,
      "op_margin": 0.13671728416681259,
      "fcf_margin": 0.20218647587121308,
      "incr_op_margin_yoy": 0.27923951790867424,
      "rev_growth_yoy": 0.17284783756821784,
      "rev_growth_yoy_accel": -0.06757350749486818,
      "fcf_margin_change": 0.06680480360544228
    },
    {
      "date": "2023-03-31T00:00:00",
      "quarter_label": "2023-03 (Q1)",
      "revenue": 41151000,
      "gross_profit": 12704000,
      "operating_income": 7040000,
      "net_income": 6068000,
      "opex": 5664000,
      "cogs": 28447000,
      "rd": null,
      "sga": 5664000,
      "fcf": 2795000,
      "ocf": 3065000,
      "capex": -270000,
      "gross_margin": 0.3087166776020024,
      "op_margin": 0.1710772520716386,
      "fcf_margin": 0.06792058516196448,
      "rev_growth_yoy": -0.021379310344827585,
      "rev_growth_yoy_accel": -0.19422714791304543,
      "op_leverage_ratio": Infinity,
      "fcf_margin_change": -0.1342658907092486
    },
    {
      "date": "2023-06-30T00:00:00",
      "quarter_label": "2023-06 (Q2)",
      "revenue": 36616000,
      "gross_profit": 10273000,
      "operating_income": 4367000,
      "net_income": 4072000,
      "opex": 5906000,
      "cogs": 26343000,
      "rd": null,
      "sga": 5906000,
      "fcf": 6495000,
      "ocf": 6703000,
      "capex": -208000,
      "gross_margin": 0.2805604107493992,
      "op_margin": 0.11926480227223071,
      "fcf_margin": 0.17738147258029277,
      "incr_op_margin_yoy": 0.667720893457205,
      "rev_growth_yoy": -0.12139172165566886,
      "rev_growth_yoy_accel": -0.10001241131084128,
      "fcf_margin_change": 0.1094608874183283
    },
    {
      "date": "2023-09-30T00:00:00",
      "quarter_label": "2023-09 (Q3)",
      "revenue": 40355000,
      "gross_profit": 12619000,
      "operating_income": 6545000,
      "net_income": 5757000,
      "opex": 6074000,
      "cogs": 27736000,
      "rd": null,
      "sga": 6074000,
      "fcf": 1915000,
      "ocf": 2001000,
      "capex": -86000,
      "gross_margin": 0.31269978936934706,
      "op_margin": 0.16218560277536861,
      "fcf_margin": 0.04745384710692603,
      "incr_op_margin_yoy": -0.24910322837783977,
      "rev_growth_yoy": -0.058533967898469576,
      "rev_growth_yoy_accel": 0.06285775375719929,
      "op_leverage_ratio": 3.5897873815246,
      "fcf_margin_change": -0.12992762547336673
    },
    {
      "date": "2023-12-31T00:00:00",
      "quarter_label": "2023-12 (Q4)",
      "revenue": 43165000,
      "gross_profit": 13623000,
      "operating_income": 7483000,
      "net_income": 6696000,
      "opex": 6140000,
      "cogs": 29542000,
      "rd": null,
      "sga": 6140000,
      "fcf": 13476000,
      "ocf": 14042000,
      "capex": -566000,
      "gross_margin": 0.31560291903162285,
      "op_margin": 0.17335804471215105,
      "fcf_margin": 0.3121973821383065,
      "incr_op_margin_yoy": 0.6322055137844611,
      "rev_growth_yoy": 0.07985390138343382,
      "rev_growth_yoy_accel": 0.1383878692819034,
      "op_leverage_ratio": 6.408255520137566,
      "fcf_margin_change": 0.2647435350313805
    },
    {
      "date": "2024-03-31T00:00:00",
      "quarter_label": "2024-03 (Q1)",
      "revenue": 37971000,
      "gross_profit": 9667000,
      "operating_income": 3715000,
      "net_income": 3754000,
      "opex": 5952000,
      "cogs": 28304000,
      "rd": null,
      "sga": 5952000,
      "fcf": 1367000,
      "ocf": 1672000,
      "capex": -305000,
      "gross_margin": 0.2545890284690948,
      "op_margin": 0.09783782360222275,
      "fcf_margin": 0.03600115877906824,
      "incr_op_margin_yoy": 1.0455974842767295,
      "rev_growth_yoy": -0.07727637238463221,
      "rev_growth_yoy_accel": -0.15713027376806604,
      "fcf_margin_change": -0.27619622335923827
    },
    {
      "date": "2024-06-30T00:00:00",
      "quarter_label": "2024-06 (Q2)",
      "revenue": 35887000,
      "gross_profit": 11165000,
      "operating_income": 5081000,
      "net_income": 4844000,
      "opex": 6084000,
      "cogs": 24722000,
      "rd": null,
      "sga": 6084000,
      "fcf": 9402000,
      "ocf": 9827000,
      "capex": -425000,
      "gross_margin": 0.31111544570457267,
      "op_margin": 0.14158330314598602,
      "fcf_margin": 0.26198902109398947,
      "rev_growth_yoy": -0.019909329254970506,
      "rev_growth_yoy_accel": 0.057367043129661704,
      "fcf_margin_change": 0.22598786231492124
    },
    {
      "date": "2024-09-30T00:00:00",
      "quarter_label": "2024-09 (Q3)",
      "revenue": 33667000,
      "gross_profit": 9468000,
      "operating_income": 3349000,
      "net_income": 3478000,
      "opex": 6119000,
      "cogs": 24199000,
      "rd": null,
      "sga": 6119000,
      "fcf": 3648000,
      "ocf": 4112000,
      "capex": -464000,
      "gross_margin": 0.28122493836694684,
      "op_margin": 0.09947426263106306,
      "fcf_margin": 0.10835536281818992,
      "incr_op_margin_yoy": 0.47787081339712917,
      "rev_growth_yoy": -0.16572915376037667,
      "rev_growth_yoy_accel": -0.14581982450540615,
      "fcf_margin_change": -0.15363365827579956
    },
    {
      "date": "2024-12-31T00:00:00",
      "quarter_label": "2024-12 (Q4)",
      "revenue": 38416000,
      "gross_profit": 11063000,
      "operating_income": 4878000,
      "net_income": 4511000,
      "opex": 6185000,
      "cogs": 27353000,
      "rd": null,
      "sga": 6185000,
      "fcf": 7090000,
      "ocf": 7328000,
      "capex": -238000,
      "gross_margin": 0.2879789670970429,
      "op_margin": 0.12697834235735111,
      "fcf_margin": 0.18455851728446482,
      "incr_op_margin_yoy": 0.5485365340071594,
      "rev_growth_yoy": -0.11001969187999537,
      "rev_growth_yoy_accel": 0.0557094618803813,
      "op_leverage_ratio": 13.077787258632004,
      "fcf_margin_change": 0.0762031544662749
    },
    {
      "date": "2025-03-31T00:00:00",
      "quarter_label": "2025-03 (Q1)",
      "revenue": 40272000,
      "gross_profit": 12163000,
      "operating_income": 5869000,
      "net_income": 5131000,
      "opex": 6294000,
      "cogs": 28109000,
      "rd": null,
      "sga": 6294000,
      "fcf": -959000,
      "ocf": -137000,
      "capex": -822000,
      "gross_margin": 0.3020212554628526,
      "op_margin": 0.14573400874056416,
      "fcf_margin": -0.023813071116408423,
      "incr_op_margin_yoy": 0.9361147327249022,
      "rev_growth_yoy": 0.06059887809117485,
      "rev_growth_yoy_accel": 0.17061856997117023,
      "op_leverage_ratio": 2.7414418304299812,
      "fcf_margin_change": -0.20837158840087325
    },
    {
      "date": "2025-06-30T00:00:00",
      "quarter_label": "2025-06 (Q2)",
      "revenue": 40366000,
      "gross_profit": 12890000,
      "operating_income": 6320000,
      "net_income": 5453000,
      "opex": 6570000,
      "cogs": 27476000,
      "rd": null,
      "sga": 6570000,
      "fcf": 3385000,
      "ocf": 4728000,
      "capex": -1343000,
      "gross_margin": 0.31932814745082494,
      "op_margin": 0.15656740821483425,
      "fcf_margin": 0.08385770202645791,
      "incr_op_margin_yoy": 0.2766242464835901,
      "rev_growth_yoy": 0.1248084264496893,
      "rev_growth_yoy_accel": 0.06420954835851445,
      "fcf_margin_change": 0.10767077314286633
    },
    {
      "date": "2025-09-30T00:00:00",
      "quarter_label": "2025-09 (Q3)",
      "revenue": 39950000,
      "gross_profit": 11029000,
      "operating_income": 4761000,
      "net_income": 4222000,
      "opex": 6268000,
      "cogs": 28921000,
      "rd": null,
      "sga": 6268000,
      "fcf": 5272000,
      "ocf": 6255000,
      "capex": -983000,
      "gross_margin": 0.2760700876095119,
      "op_margin": 0.11917396745932415,
      "fcf_margin": 0.13196495619524407,
      "incr_op_margin_yoy": 0.22473340760783064,
      "rev_growth_yoy": 0.18662191463450856,
      "rev_growth_yoy_accel": 0.06181348818481926,
      "fcf_margin_change": 0.048107254168786154
    }
  ],
  "signals": [
    {
      "quarter": "2025-09 (Q3)",
      "signal": "YoY REVENUE GROWTH ACCELERATION",
      "detail": "YoY growth: +18.7% vs prior quarter YoY: +12.5% (accel: +6.2%)",
      "severity": "MEDIUM"
    },
    {
      "quarter": "2025-09 (Q3)",
      "signal": "INCREMENTAL MARGIN (YoY)",
      "detail": "YoY Incr OPM: +22.5% vs year-ago OPM: +9.9%",
      "severity": "MEDIUM"
    },
    {
      "quarter": "2025-06 (Q2)",
      "signal": "FCF TURNED POSITIVE",
      "detail": "FCF margin: -2.4% -> +8.4%",
      "severity": "HIGH"
    },
    {
      "quarter": "2025-06 (Q2)",
      "signal": "YoY REVENUE GROWTH ACCELERATION",
      "detail": "YoY growth: +12.5% vs prior quarter YoY: +6.1% (accel: +6.4%)",
      "severity": "MEDIUM"
    },
    {
      "quarter": "2025-06 (Q2)",
      "signal": "INCREMENTAL MARGIN (YoY)",
      "detail": "YoY Incr OPM: +27.7% vs year-ago OPM: +14.2%",
      "severity": "MEDIUM"
    },
    {
      "quarter": "2025-03 (Q1)",
      "signal": "OPERATING LEVERAGE",
      "detail": "Rev growth +4.8% vs OpEx growth +1.8% (leverage: 2.7x)",
      "severity": "MEDIUM"
    },
    {
      "quarter": "2025-03 (Q1)",
      "signal": "YoY REVENUE GROWTH ACCELERATION",
      "detail": "YoY growth: +6.1% vs prior quarter YoY: -11.0% (accel: +17.1%)",
      "severity": "HIGH"
    },
    {
      "quarter": "2025-03 (Q1)",
      "signal": "INCREMENTAL MARGIN (YoY)",
      "detail": "YoY Incr OPM: +93.6% vs year-ago OPM: +9.8%",
      "severity": "HIGH"
    },
    {
      "quarter": "2024-12 (Q4)",
      "signal": "FCF MARGIN EXPANSION",
      "detail": "FCF margin: +10.8% -> +18.5% (+7.6%)",
      "severity": "MEDIUM"
    },
    {
      "quarter": "2024-12 (Q4)",
      "signal": "OPERATING LEVERAGE",
      "detail": "Rev growth +14.1% vs OpEx growth +1.1% (leverage: 13.1x)",
      "severity": "MEDIUM"
    },
    {
      "quarter": "2024-12 (Q4)",
      "signal": "YoY REVENUE GROWTH ACCELERATION",
      "detail": "YoY growth: -11.0% vs prior quarter YoY: -16.6% (accel: +5.6%)",
      "severity": "MEDIUM"
    },
    {
      "quarter": "2024-12 (Q4)",
      "signal": "INCREMENTAL MARGIN (YoY)",
      "detail": "YoY Incr OPM: +54.9% vs year-ago OPM: +17.3%",
      "severity": "HIGH"
    },
    {
      "quarter": "2024-09 (Q3)",
      "signal": "YoY REVENUE GROWTH DECELERATION",
      "detail": "YoY growth: -16.6% vs prior quarter YoY: -2.0% (decel: -14.6%)",
      "severity": "WARNING"
    },
    {
      "quarter": "2024-09 (Q3)",
      "signal": "INCREMENTAL MARGIN (YoY)",
      "detail": "YoY Incr OPM: +47.8% vs year-ago OPM: +16.2%",
      "severity": "HIGH"
    },
    {
      "quarter": "2024-06 (Q2)",
      "signal": "FCF MARGIN EXPANSION",
      "detail": "FCF margin: +3.6% -> +26.2% (+22.6%)",
      "severity": "MEDIUM"
    },
    {
      "quarter": "2024-06 (Q2)",
      "signal": "GROSS MARGIN INFLECTION",
      "detail": "GM: +31.6% -> +25.5% -> +31.1% (reversal +5.7%)",
      "severity": "HIGH"
    },
    {
      "quarter": "2024-06 (Q2)",
      "signal": "YoY REVENUE GROWTH ACCELERATION",
      "detail": "YoY growth: -2.0% vs prior quarter YoY: -7.7% (accel: +5.7%)",
      "severity": "MEDIUM"
    },
    {
      "quarter": "2024-03 (Q1)",
      "signal": "YoY REVENUE GROWTH DECELERATION",
      "detail": "YoY growth: -7.7% vs prior quarter YoY: +8.0% (decel: -15.7%)",
      "severity": "WARNING"
    },
    {
      "quarter": "2024-03 (Q1)",
      "signal": "INCREMENTAL MARGIN (YoY)",
      "detail": "YoY Incr OPM: +104.6% vs year-ago OPM: +17.1%",
      "severity": "HIGH"
    },
    {
      "quarter": "2023-12 (Q4)",
      "signal": "FCF MARGIN EXPANSION",
      "detail": "FCF margin: +4.7% -> +31.2% (+26.5%)",
      "severity": "MEDIUM"
    },
    {
      "quarter": "2023-12 (Q4)",
      "signal": "OPERATING LEVERAGE",
      "detail": "Rev growth +7.0% vs OpEx growth +1.1% (leverage: 6.4x)",
      "severity": "MEDIUM"
    },
    {
      "quarter": "2023-12 (Q4)",
      "signal": "YoY REVENUE GROWTH ACCELERATION",
      "detail": "YoY growth: +8.0% vs prior quarter YoY: -5.9% (accel: +13.8%)",
      "severity": "MEDIUM"
    },
    {
      "quarter": "2023-12 (Q4)",
      "signal": "INCREMENTAL MARGIN (YoY)",
      "detail": "YoY Incr OPM: +63.2% vs year-ago OPM: +13.7%",
      "severity": "HIGH"
    },
    {
      "quarter": "2023-09 (Q3)",
      "signal": "OPERATING LEVERAGE",
      "detail": "Rev growth +10.2% vs OpEx growth +2.8% (leverage: 3.6x)",
      "severity": "MEDIUM"
    },
    {
      "quarter": "2023-09 (Q3)",
      "signal": "GROSS MARGIN INFLECTION",
      "detail": "GM: +30.9% -> +28.1% -> +31.3% (reversal +3.2%)",
      "severity": "MEDIUM"
    },
    {
      "quarter": "2023-09 (Q3)",
      "signal": "YoY REVENUE GROWTH ACCELERATION",
      "detail": "YoY growth: -5.9% vs prior quarter YoY: -12.1% (accel: +6.3%)",
      "severity": "MEDIUM"
    },
    {
      "quarter": "2023-06 (Q2)",
      "signal": "FCF MARGIN EXPANSION",
      "detail": "FCF margin: +6.8% -> +17.7% (+10.9%)",
      "severity": "MEDIUM"
    },
    {
      "quarter": "2023-06 (Q2)",
      "signal": "YoY REVENUE GROWTH DECELERATION",
      "detail": "YoY growth: -12.1% vs prior quarter YoY: -2.1% (decel: -10.0%)",
      "severity": "WARNING"
    },
    {
      "quarter": "2023-06 (Q2)",
      "signal": "INCREMENTAL MARGIN (YoY)",
      "detail": "YoY Incr OPM: +66.8% vs year-ago OPM: +18.6%",
      "severity": "HIGH"
    },
    {
      "quarter": "2023-03 (Q1)",
      "signal": "YoY REVENUE GROWTH DECELERATION",
      "detail": "YoY growth: -2.1% vs prior quarter YoY: +17.3% (decel: -19.4%)",
      "severity": "WARNING"
    },
    {
      "quarter": "2022-12 (Q4)",
      "signal": "FCF MARGIN EXPANSION",
      "detail": "FCF margin: +13.5% -> +20.2% (+6.7%)",
      "severity": "MEDIUM"
    },
    {
      "quarter": "2022-12 (Q4)",
      "signal": "YoY REVENUE GROWTH DECELERATION",
      "detail": "YoY growth: +17.3% vs prior quarter YoY: +24.0% (decel: -6.8%)",
      "severity": "WARNING"
    },
    {
      "quarter": "2022-12 (Q4)",
      "signal": "INCREMENTAL MARGIN (YoY)",
      "detail": "YoY Incr OPM: +27.9% vs year-ago OPM: +11.2%",
      "severity": "MEDIUM"
    },
    {
      "quarter": "2022-09 (Q3)",
      "signal": "FCF MARGIN EXPANSION",
      "detail": "FCF margin: +7.7% -> +13.5% (+5.9%)",
      "severity": "MEDIUM"
    },
    {
      "quarter": "2022-09 (Q3)",
      "signal": "YoY REVENUE GROWTH ACCELERATION",
      "detail": "YoY growth: +24.0% vs prior quarter YoY: +15.0% (accel: +9.1%)",
      "severity": "MEDIUM"
    },
    {
      "quarter": "2022-06 (Q2)",
      "signal": "FCF TURNED POSITIVE",
      "detail": "FCF margin: -9.2% -> +7.7%",
      "severity": "HIGH"
    },
    {
      "quarter": "2022-06 (Q2)",
      "signal": "INCREMENTAL MARGIN (YoY)",
      "detail": "YoY Incr OPM: +36.6% vs year-ago OPM: +15.9%",
      "severity": "HIGH"
    },
    {
      "quarter": "2022-03 (Q1)",
      "signal": "OPERATING LEVERAGE",
      "detail": "Rev growth +23.4% vs OpEx growth +1.9% (leverage: 12.3x)",
      "severity": "MEDIUM"
    },
    {
      "quarter": "2021-12 (Q4)",
      "signal": "INCREMENTAL MARGIN (YoY)",
      "detail": "YoY Incr OPM: +37.2% vs year-ago OPM: +7.7%",
      "severity": "HIGH"
    },
    {
      "quarter": "2021-06 (Q2)",
      "signal": "FCF TURNED POSITIVE",
      "detail": "FCF margin: -8.2% -> +13.5%",
      "severity": "HIGH"
    }
  ],
  "data_quality": {
    "n_quarters": 20,
    "coverage": {
      "revenue": [
        20,
        20
      ],
      "gross_profit": [
        20,
        20
      ],
      "op_income": [
        20,
        20
      ],
      "fcf": [
        20,
        20
      ]
    },
    "gaps": [],
    "warnings": []
  },
  "market_cap": null,
  "source": "SEC EDGAR",
  "last_updated": "2026-02-02T22:48:24.561039",
  "sector": "Industrials",
  "industry": "Security & Protection Services"
}