{
  "ticker": "CLAR",
  "name": "CLARUS CORPORATION",
  "quarters": [
    {
      "date": "2020-12-31T00:00:00",
      "quarter_label": "2020-12 (Q4)",
      "revenue": 75947000,
      "gross_profit": 26978000,
      "operating_income": 5524000,
      "net_income": 7069000,
      "opex": 21454000,
      "cogs": 48969000,
      "rd": null,
      "sga": 20891000,
      "fcf": 6539000,
      "ocf": 8344000,
      "capex": -1805000,
      "gross_margin": 0.35522140440043715,
      "op_margin": 0.07273493357209633,
      "fcf_margin": 0.08609951676827261
    },
    {
      "date": "2021-03-31T00:00:00",
      "quarter_label": "2021-03 (Q1)",
      "revenue": 75331000,
      "gross_profit": 27050000,
      "operating_income": 5689000,
      "net_income": 5677000,
      "opex": 21361000,
      "cogs": 48281000,
      "rd": null,
      "sga": 20885000,
      "fcf": -3865000,
      "ocf": -2518000,
      "capex": -1347000,
      "gross_margin": 0.35908191846650117,
      "op_margin": 0.07552003823127265,
      "fcf_margin": -0.05130689888624869,
      "fcf_margin_change": -0.1374064156545213
    },
    {
      "date": "2021-06-30T00:00:00",
      "quarter_label": "2021-06 (Q2)",
      "revenue": 73309000,
      "gross_profit": 28021000,
      "operating_income": 6668000,
      "net_income": 1840000,
      "opex": 21353000,
      "cogs": 45288000,
      "rd": null,
      "sga": 20704000,
      "fcf": 1002000,
      "ocf": 2880000,
      "capex": -1878000,
      "gross_margin": 0.3822313767750208,
      "op_margin": 0.09095745406430315,
      "fcf_margin": 0.01366817171152246,
      "fcf_margin_change": 0.06497507059777115
    },
    {
      "date": "2021-09-30T00:00:00",
      "quarter_label": "2021-09 (Q3)",
      "revenue": 108971000,
      "gross_profit": 39179000,
      "operating_income": -282000,
      "net_income": 4530000,
      "opex": 39461000,
      "cogs": 69792000,
      "rd": null,
      "sga": 31314000,
      "fcf": -19817000,
      "ocf": -17463000,
      "capex": -2354000,
      "gross_margin": 0.35953602334566076,
      "op_margin": -0.0025878444723825603,
      "fcf_margin": -0.18185572308228795,
      "op_leverage_ratio": 0.5736365491335107,
      "fcf_margin_change": -0.1955238947938104
    },
    {
      "date": "2021-12-31T00:00:00",
      "quarter_label": "2021-12 (Q4)",
      "revenue": 118183000,
      "gross_profit": 42682000,
      "operating_income": 9125000,
      "net_income": 14046000,
      "opex": 33557000,
      "cogs": 75501000,
      "rd": null,
      "sga": 32591000,
      "fcf": 4993000,
      "ocf": 16797000,
      "capex": -11804000,
      "gross_margin": 0.3611517730976536,
      "op_margin": 0.07721076635387493,
      "fcf_margin": 0.04224803905807096,
      "incr_op_margin_yoy": 0.08525902074060043,
      "rev_growth_yoy": 0.5561246658854201,
      "op_leverage_ratio": Infinity,
      "fcf_margin_change": 0.2241037621403589
    },
    {
      "date": "2022-03-31T00:00:00",
      "quarter_label": "2022-03 (Q1)",
      "revenue": 113276000,
      "gross_profit": 44252000,
      "operating_income": 8113000,
      "net_income": 5309000,
      "opex": 36139000,
      "cogs": 69024000,
      "rd": null,
      "sga": 34175000,
      "fcf": -12695000,
      "ocf": -10795000,
      "capex": -1900000,
      "gross_margin": 0.39065644973339453,
      "op_margin": 0.07162152618383417,
      "fcf_margin": -0.11207140082630036,
      "incr_op_margin_yoy": 0.06388193437870603,
      "rev_growth_yoy": 0.5037102919116964,
      "rev_growth_yoy_accel": -0.05241437397372373,
      "fcf_margin_change": -0.15431943988437133
    },
    {
      "date": "2022-06-30T00:00:00",
      "quarter_label": "2022-06 (Q2)",
      "revenue": 114933000,
      "gross_profit": 43682000,
      "operating_income": 7791000,
      "net_income": 3764000,
      "opex": 35891000,
      "cogs": 71251000,
      "rd": null,
      "sga": 35444000,
      "fcf": 2347000,
      "ocf": 4519000,
      "capex": -2172000,
      "gross_margin": 0.3800649073808219,
      "op_margin": 0.06778731956879225,
      "fcf_margin": 0.020420592867148687,
      "incr_op_margin_yoy": 0.026979627138189508,
      "rev_growth_yoy": 0.5677884025153801,
      "rev_growth_yoy_accel": 0.06407811060368374,
      "op_leverage_ratio": Infinity,
      "fcf_margin_change": 0.13249199369344905
    },
    {
      "date": "2022-09-30T00:00:00",
      "quarter_label": "2022-09 (Q3)",
      "revenue": 115715000,
      "gross_profit": 39424000,
      "operating_income": 6122000,
      "net_income": 2751000,
      "opex": 33302000,
      "cogs": 76291000,
      "rd": null,
      "sga": 32340000,
      "fcf": -13614000,
      "ocf": -11470000,
      "capex": -2144000,
      "gross_margin": 0.34069913148684267,
      "op_margin": 0.05290584626020827,
      "fcf_margin": -0.11765112561033574,
      "incr_op_margin_yoy": 0.9495848161328588,
      "rev_growth_yoy": 0.06188802525442549,
      "rev_growth_yoy_accel": -0.5059003772609546,
      "fcf_margin_change": -0.13807171847748442
    },
    {
      "date": "2022-12-31T00:00:00",
      "quarter_label": "2022-12 (Q4)",
      "revenue": 104182000,
      "gross_profit": 36058000,
      "operating_income": -89420000,
      "net_income": -81604000,
      "opex": 125478000,
      "cogs": 68124000,
      "rd": null,
      "sga": 33080000,
      "fcf": 30322000,
      "ocf": 32356000,
      "capex": -2034000,
      "gross_margin": 0.34610585321840626,
      "op_margin": -0.8583056574072296,
      "fcf_margin": 0.29104835768174925,
      "incr_op_margin_yoy": 7.038425826726662,
      "rev_growth_yoy": -0.11846881531184689,
      "rev_growth_yoy_accel": -0.18035684056627238,
      "fcf_margin_change": 0.408699483292085
    },
    {
      "date": "2023-03-31T00:00:00",
      "quarter_label": "2023-03 (Q1)",
      "revenue": 97384000,
      "gross_profit": 36021000,
      "operating_income": 4693000,
      "net_income": 1598000,
      "opex": 31328000,
      "cogs": 61363000,
      "rd": null,
      "sga": 32819000,
      "fcf": 1728000,
      "ocf": 3199000,
      "capex": -1471000,
      "gross_margin": 0.36988622360962786,
      "op_margin": 0.04819066787151893,
      "fcf_margin": 0.017744187956953913,
      "incr_op_margin_yoy": 0.21520261766926754,
      "rev_growth_yoy": -0.140294501924503,
      "rev_growth_yoy_accel": -0.021825686612656103,
      "fcf_margin_change": -0.2733041697247953
    },
    {
      "date": "2023-06-30T00:00:00",
      "quarter_label": "2023-06 (Q2)",
      "revenue": 83728000,
      "gross_profit": 30754000,
      "operating_income": -241000,
      "net_income": -2091000,
      "opex": 30995000,
      "cogs": 52974000,
      "rd": null,
      "sga": 30200000,
      "fcf": 12306000,
      "ocf": 14087000,
      "capex": -1781000,
      "gross_margin": 0.3673084272883623,
      "op_margin": -0.002878368048920313,
      "fcf_margin": 0.14697592203325052,
      "incr_op_margin_yoy": 0.2573946482935427,
      "rev_growth_yoy": -0.2715060078480506,
      "rev_growth_yoy_accel": -0.13121150592354763,
      "fcf_margin_change": 0.12923173407629662
    },
    {
      "date": "2023-09-30T00:00:00",
      "quarter_label": "2023-09 (Q3)",
      "revenue": 100075000,
      "gross_profit": 35548000,
      "operating_income": 1817000,
      "net_income": -1264000,
      "opex": 33731000,
      "cogs": 64527000,
      "rd": null,
      "sga": 31790000,
      "fcf": -1101000,
      "ocf": 142000,
      "capex": -1243000,
      "gross_margin": 0.3552135898076443,
      "op_margin": 0.018156382712965276,
      "fcf_margin": -0.011001748688483637,
      "incr_op_margin_yoy": 0.27525575447570333,
      "rev_growth_yoy": -0.13515965950827463,
      "rev_growth_yoy_accel": 0.136346348339776,
      "op_leverage_ratio": 2.2117849208254965,
      "fcf_margin_change": -0.15797767072173416
    },
    {
      "date": "2023-12-31T00:00:00",
      "quarter_label": "2023-12 (Q4)",
      "revenue": 4833000,
      "gross_profit": -4812000,
      "operating_income": -27376000,
      "net_income": -8389000,
      "opex": 22564000,
      "cogs": 9645000,
      "rd": null,
      "sga": 21558000,
      "fcf": 13274000,
      "ocf": 14496000,
      "capex": -1222000,
      "gross_margin": -0.9956548727498448,
      "op_margin": -5.664390647630871,
      "fcf_margin": 2.7465342437409475,
      "incr_op_margin_yoy": -0.6245055310068546,
      "rev_growth_yoy": -0.9536100286037895,
      "rev_growth_yoy_accel": -0.8184503690955149,
      "fcf_margin_change": 2.757535992429431
    },
    {
      "date": "2024-03-31T00:00:00",
      "quarter_label": "2024-03 (Q1)",
      "revenue": 69311000,
      "gross_profit": 24851000,
      "operating_income": -6774000,
      "net_income": 21884000,
      "opex": 31625000,
      "cogs": 44460000,
      "rd": null,
      "sga": 28215000,
      "fcf": -18258000,
      "ocf": -16361000,
      "capex": -1897000,
      "gross_margin": 0.3585433769531532,
      "op_margin": -0.09773340451010662,
      "fcf_margin": -0.2634213905440695,
      "incr_op_margin_yoy": 0.40847077262850423,
      "rev_growth_yoy": -0.28827117390947177,
      "rev_growth_yoy_accel": 0.6653388546943177,
      "op_leverage_ratio": 33.22268461458766,
      "fcf_margin_change": -3.009955634285017
    },
    {
      "date": "2024-06-30T00:00:00",
      "quarter_label": "2024-06 (Q2)",
      "revenue": 56484000,
      "gross_profit": 20406000,
      "operating_income": -8137000,
      "net_income": -5493000,
      "opex": 28543000,
      "cogs": 36078000,
      "rd": null,
      "sga": 28081000,
      "fcf": -744000,
      "ocf": 834000,
      "capex": -1578000,
      "gross_margin": 0.3612704482685362,
      "op_margin": -0.14405849444090363,
      "fcf_margin": -0.013171871680475887,
      "incr_op_margin_yoy": 0.289825282631038,
      "rev_growth_yoy": -0.3253869673227594,
      "rev_growth_yoy_accel": -0.037115793413287634,
      "fcf_margin_change": 0.2502495188635936
    },
    {
      "date": "2024-09-30T00:00:00",
      "quarter_label": "2024-09 (Q3)",
      "revenue": 67115000,
      "gross_profit": 23497000,
      "operating_income": -5358000,
      "net_income": -3157000,
      "opex": 28855000,
      "cogs": 43618000,
      "rd": null,
      "sga": 27880000,
      "fcf": -9393000,
      "ocf": -8343000,
      "capex": -1050000,
      "gross_margin": 0.35010057364225583,
      "op_margin": -0.07983312225284958,
      "fcf_margin": -0.13995381062355658,
      "incr_op_margin_yoy": 0.2176881067961165,
      "rev_growth_yoy": -0.3293529852610542,
      "rev_growth_yoy_accel": -0.003966017938294819,
      "op_leverage_ratio": 17.2184358652053,
      "fcf_margin_change": -0.12678193894308068
    },
    {
      "date": "2024-12-31T00:00:00",
      "quarter_label": "2024-12 (Q4)",
      "revenue": 71405000,
      "gross_profit": 23865000,
      "operating_income": -50110000,
      "net_income": -65521000,
      "opex": 73975000,
      "cogs": 47540000,
      "rd": null,
      "sga": 27772000,
      "fcf": 14356000,
      "ocf": 16570000,
      "capex": -2214000,
      "gross_margin": 0.33422029269658987,
      "op_margin": -0.7017715846229255,
      "fcf_margin": 0.20105034661438276,
      "incr_op_margin_yoy": -0.3414949227903623,
      "rev_growth_yoy": 13.774467204634803,
      "rev_growth_yoy_accel": 14.103820189895858,
      "op_leverage_ratio": 0.040878004330452175,
      "fcf_margin_change": 0.3410041572379393
    },
    {
      "date": "2025-03-31T00:00:00",
      "quarter_label": "2025-03 (Q1)",
      "revenue": 60433000,
      "gross_profit": 20794000,
      "operating_income": -6762000,
      "net_income": -5244000,
      "opex": 27556000,
      "cogs": 39639000,
      "rd": null,
      "sga": 26616000,
      "fcf": -3254000,
      "ocf": -2073000,
      "capex": -1181000,
      "gross_margin": 0.3440835305214039,
      "op_margin": -0.11189250905961974,
      "fcf_margin": -0.053844753694173714,
      "incr_op_margin_yoy": -0.0013516557783284523,
      "rev_growth_yoy": -0.12808933646895876,
      "rev_growth_yoy_accel": -13.902556541103761,
      "fcf_margin_change": -0.25489510030855644
    },
    {
      "date": "2025-06-30T00:00:00",
      "quarter_label": "2025-06 (Q2)",
      "revenue": 55247000,
      "gross_profit": 19680000,
      "operating_income": -10901000,
      "net_income": -8434000,
      "opex": 30581000,
      "cogs": 35567000,
      "rd": null,
      "sga": 26910000,
      "fcf": -11287000,
      "ocf": -9424000,
      "capex": -1863000,
      "gross_margin": 0.35621843720020996,
      "op_margin": -0.197313881296722,
      "fcf_margin": -0.2043006860101001,
      "incr_op_margin_yoy": 2.2344381568310427,
      "rev_growth_yoy": -0.02190000708165144,
      "rev_growth_yoy_accel": 0.10618932938730732,
      "fcf_margin_change": -0.15045593231592638
    },
    {
      "date": "2025-09-30T00:00:00",
      "quarter_label": "2025-09 (Q3)",
      "revenue": 69347000,
      "gross_profit": 24366000,
      "operating_income": -3026000,
      "net_income": -1617000,
      "opex": 27392000,
      "cogs": 44981000,
      "rd": null,
      "sga": 26155000,
      "fcf": -6952000,
      "ocf": -5737000,
      "capex": -1215000,
      "gross_margin": 0.3513634331694233,
      "op_margin": -0.04363562951533592,
      "fcf_margin": -0.10024947005638311,
      "incr_op_margin_yoy": 1.0448028673835126,
      "rev_growth_yoy": 0.03325635103926097,
      "rev_growth_yoy_accel": 0.055156358120912415,
      "op_leverage_ratio": Infinity,
      "fcf_margin_change": 0.10405121595371698
    }
  ],
  "signals": [
    {
      "quarter": "2025-09 (Q3)",
      "signal": "FCF MARGIN EXPANSION",
      "detail": "FCF margin: -20.4% -> -10.0% (+10.4%)",
      "severity": "MEDIUM"
    },
    {
      "quarter": "2025-09 (Q3)",
      "signal": "YoY REVENUE GROWTH ACCELERATION",
      "detail": "YoY growth: +3.3% vs prior quarter YoY: -2.2% (accel: +5.5%)",
      "severity": "MEDIUM"
    },
    {
      "quarter": "2025-06 (Q2)",
      "signal": "YoY REVENUE GROWTH ACCELERATION",
      "detail": "YoY growth: -2.2% vs prior quarter YoY: -12.8% (accel: +10.6%)",
      "severity": "MEDIUM"
    },
    {
      "quarter": "2025-03 (Q1)",
      "signal": "YoY REVENUE GROWTH DECELERATION",
      "detail": "YoY growth: -12.8% vs prior quarter YoY: +1377.4% (decel: -1390.3%)",
      "severity": "WARNING"
    },
    {
      "quarter": "2024-12 (Q4)",
      "signal": "FCF TURNED POSITIVE",
      "detail": "FCF margin: -14.0% -> +20.1%",
      "severity": "HIGH"
    },
    {
      "quarter": "2024-12 (Q4)",
      "signal": "YoY REVENUE GROWTH ACCELERATION",
      "detail": "YoY growth: +1377.4% vs prior quarter YoY: -32.9% (accel: +1410.4%)",
      "severity": "HIGH"
    },
    {
      "quarter": "2024-09 (Q3)",
      "signal": "OPERATING LEVERAGE",
      "detail": "Rev growth +18.8% vs OpEx growth +1.1% (leverage: 17.2x)",
      "severity": "MEDIUM"
    },
    {
      "quarter": "2024-06 (Q2)",
      "signal": "FCF MARGIN EXPANSION",
      "detail": "FCF margin: -26.3% -> -1.3% (+25.0%)",
      "severity": "MEDIUM"
    },
    {
      "quarter": "2024-03 (Q1)",
      "signal": "OPERATING LEVERAGE",
      "detail": "Rev growth +1334.1% vs OpEx growth +40.2% (leverage: 33.2x)",
      "severity": "MEDIUM"
    },
    {
      "quarter": "2024-03 (Q1)",
      "signal": "GROSS MARGIN INFLECTION",
      "detail": "GM: +35.5% -> -99.6% -> +35.9% (reversal +135.4%)",
      "severity": "HIGH"
    },
    {
      "quarter": "2024-03 (Q1)",
      "signal": "YoY REVENUE GROWTH ACCELERATION",
      "detail": "YoY growth: -28.8% vs prior quarter YoY: -95.4% (accel: +66.5%)",
      "severity": "HIGH"
    },
    {
      "quarter": "2023-12 (Q4)",
      "signal": "FCF TURNED POSITIVE",
      "detail": "FCF margin: -1.1% -> +274.7%",
      "severity": "HIGH"
    },
    {
      "quarter": "2023-12 (Q4)",
      "signal": "YoY REVENUE GROWTH DECELERATION",
      "detail": "YoY growth: -95.4% vs prior quarter YoY: -13.5% (decel: -81.8%)",
      "severity": "WARNING"
    },
    {
      "quarter": "2023-09 (Q3)",
      "signal": "OPERATING LEVERAGE",
      "detail": "Rev growth +19.5% vs OpEx growth +8.8% (leverage: 2.2x)",
      "severity": "MEDIUM"
    },
    {
      "quarter": "2023-09 (Q3)",
      "signal": "YoY REVENUE GROWTH ACCELERATION",
      "detail": "YoY growth: -13.5% vs prior quarter YoY: -27.2% (accel: +13.6%)",
      "severity": "MEDIUM"
    },
    {
      "quarter": "2023-09 (Q3)",
      "signal": "INCREMENTAL MARGIN (YoY)",
      "detail": "YoY Incr OPM: +27.5% vs year-ago OPM: +5.3%",
      "severity": "HIGH"
    },
    {
      "quarter": "2023-09 (Q3)",
      "signal": "OP MARGIN TURNED POSITIVE (QoQ)",
      "detail": "Op margin: -0.3% -> +1.8%",
      "severity": "HIGH"
    },
    {
      "quarter": "2023-06 (Q2)",
      "signal": "FCF MARGIN EXPANSION",
      "detail": "FCF margin: +1.8% -> +14.7% (+12.9%)",
      "severity": "MEDIUM"
    },
    {
      "quarter": "2023-06 (Q2)",
      "signal": "YoY REVENUE GROWTH DECELERATION",
      "detail": "YoY growth: -27.2% vs prior quarter YoY: -14.0% (decel: -13.1%)",
      "severity": "WARNING"
    },
    {
      "quarter": "2023-03 (Q1)",
      "signal": "INCREMENTAL MARGIN (YoY)",
      "detail": "YoY Incr OPM: +21.5% vs year-ago OPM: +7.2%",
      "severity": "MEDIUM"
    },
    {
      "quarter": "2023-03 (Q1)",
      "signal": "OP MARGIN TURNED POSITIVE (QoQ)",
      "detail": "Op margin: -85.8% -> +4.8%",
      "severity": "HIGH"
    },
    {
      "quarter": "2022-12 (Q4)",
      "signal": "FCF TURNED POSITIVE",
      "detail": "FCF margin: -11.8% -> +29.1%",
      "severity": "HIGH"
    },
    {
      "quarter": "2022-12 (Q4)",
      "signal": "YoY REVENUE GROWTH DECELERATION",
      "detail": "YoY growth: -11.8% vs prior quarter YoY: +6.2% (decel: -18.0%)",
      "severity": "WARNING"
    },
    {
      "quarter": "2022-09 (Q3)",
      "signal": "YoY REVENUE GROWTH DECELERATION",
      "detail": "YoY growth: +6.2% vs prior quarter YoY: +56.8% (decel: -50.6%)",
      "severity": "WARNING"
    },
    {
      "quarter": "2022-09 (Q3)",
      "signal": "OP MARGIN TURNED POSITIVE (YoY)",
      "detail": "Op margin: -0.3% (year-ago) -> +5.3%",
      "severity": "HIGH"
    },
    {
      "quarter": "2022-06 (Q2)",
      "signal": "FCF TURNED POSITIVE",
      "detail": "FCF margin: -11.2% -> +2.0%",
      "severity": "HIGH"
    },
    {
      "quarter": "2022-06 (Q2)",
      "signal": "YoY REVENUE GROWTH ACCELERATION",
      "detail": "YoY growth: +56.8% vs prior quarter YoY: +50.4% (accel: +6.4%)",
      "severity": "MEDIUM"
    },
    {
      "quarter": "2022-03 (Q1)",
      "signal": "YoY REVENUE GROWTH DECELERATION",
      "detail": "YoY growth: +50.4% vs prior quarter YoY: +55.6% (decel: -5.2%)",
      "severity": "WARNING"
    },
    {
      "quarter": "2021-12 (Q4)",
      "signal": "FCF TURNED POSITIVE",
      "detail": "FCF margin: -18.2% -> +4.2%",
      "severity": "HIGH"
    },
    {
      "quarter": "2021-12 (Q4)",
      "signal": "OP MARGIN TURNED POSITIVE (QoQ)",
      "detail": "Op margin: -0.3% -> +7.7%",
      "severity": "HIGH"
    },
    {
      "quarter": "2021-06 (Q2)",
      "signal": "FCF TURNED POSITIVE",
      "detail": "FCF margin: -5.1% -> +1.4%",
      "severity": "HIGH"
    }
  ],
  "data_quality": {
    "n_quarters": 20,
    "coverage": {
      "revenue": [
        20,
        20
      ],
      "gross_profit": [
        20,
        20
      ],
      "op_income": [
        20,
        20
      ],
      "fcf": [
        20,
        20
      ]
    },
    "gaps": [],
    "warnings": []
  },
  "market_cap": null,
  "source": "SEC EDGAR",
  "last_updated": "2026-02-02T23:12:29.478979",
  "sector": "Consumer Cyclical",
  "industry": "Leisure"
}