{
  "ticker": "CLDT-PA",
  "name": "Chatham Lodging Trust",
  "quarters": [
    {
      "date": "2020-12-31T00:00:00",
      "quarter_label": "2020-12 (Q4)",
      "revenue": 29565000,
      "gross_profit": 8015000,
      "operating_income": 4898000,
      "net_income": -3356000,
      "opex": 24667000,
      "cogs": 21550000,
      "rd": null,
      "sga": null,
      "fcf": -7211000,
      "ocf": -7211000,
      "capex": null,
      "gross_margin": 0.2710975815998647,
      "op_margin": 0.16566886521224422,
      "fcf_margin": -0.2439032639945882
    },
    {
      "date": "2021-03-31T00:00:00",
      "quarter_label": "2021-03 (Q1)",
      "revenue": 32114000,
      "gross_profit": 10140000,
      "operating_income": -13488000,
      "net_income": 2656000,
      "opex": 45559000,
      "cogs": 21974000,
      "rd": null,
      "sga": null,
      "fcf": -12072000,
      "ocf": -12072000,
      "capex": null,
      "gross_margin": 0.3157501401258018,
      "op_margin": -0.4200037366880488,
      "fcf_margin": -0.3759108177119013,
      "op_leverage_ratio": 0.10179542708089172,
      "fcf_margin_change": -0.13200755371731313
    },
    {
      "date": "2021-06-30T00:00:00",
      "quarter_label": "2021-06 (Q2)",
      "revenue": 50244000,
      "gross_profit": 21854000,
      "operating_income": -2390000,
      "net_income": -8558000,
      "opex": 52662000,
      "cogs": 28390000,
      "rd": null,
      "sga": null,
      "fcf": 9905000,
      "ocf": 9905000,
      "capex": null,
      "gross_margin": 0.4349574078496935,
      "op_margin": -0.04756786880025476,
      "fcf_margin": 0.19713796672239473,
      "op_leverage_ratio": 3.6210604027670645,
      "fcf_margin_change": 0.5730487844342961
    },
    {
      "date": "2021-09-30T00:00:00",
      "quarter_label": "2021-09 (Q3)",
      "revenue": 64295000,
      "gross_profit": 28918000,
      "operating_income": 4440000,
      "net_income": -1319000,
      "opex": 59848000,
      "cogs": 35377000,
      "rd": null,
      "sga": null,
      "fcf": 20583000,
      "ocf": 20583000,
      "capex": null,
      "gross_margin": 0.4497705886927444,
      "op_margin": 0.06905669181118283,
      "fcf_margin": 0.32013375845711173,
      "op_leverage_ratio": 2.0494303468431143,
      "fcf_margin_change": 0.122995791734717
    },
    {
      "date": "2021-12-31T00:00:00",
      "quarter_label": "2021-12 (Q4)",
      "revenue": 57322000,
      "gross_profit": 23772000,
      "operating_income": -5775000,
      "net_income": -11189000,
      "opex": 63097000,
      "cogs": 33550000,
      "rd": null,
      "sga": null,
      "fcf": 10361000,
      "ocf": 10361000,
      "capex": null,
      "gross_margin": 0.4147098845120547,
      "op_margin": -0.10074665922333484,
      "fcf_margin": 0.18075084609748437,
      "incr_op_margin_yoy": -0.38451561768202613,
      "rev_growth_yoy": 0.9388466091662439,
      "fcf_margin_change": -0.13938291235962735
    },
    {
      "date": "2022-03-31T00:00:00",
      "quarter_label": "2022-03 (Q1)",
      "revenue": 54885000,
      "gross_profit": 21202000,
      "operating_income": -3310000,
      "net_income": -9446000,
      "opex": 58195000,
      "cogs": 33683000,
      "rd": null,
      "sga": null,
      "fcf": -4175000,
      "ocf": -4175000,
      "capex": null,
      "gross_margin": 0.38629862439646534,
      "op_margin": -0.060307916552792204,
      "fcf_margin": -0.07606814247973034,
      "incr_op_margin_yoy": 0.4469720258223179,
      "rev_growth_yoy": 0.7090676963318179,
      "rev_growth_yoy_accel": -0.22977891283442597,
      "fcf_margin_change": -0.25681898857721475
    },
    {
      "date": "2022-06-30T00:00:00",
      "quarter_label": "2022-06 (Q2)",
      "revenue": 81761000,
      "gross_profit": 40416000,
      "operating_income": 16257000,
      "net_income": 9151000,
      "opex": 67524000,
      "cogs": 41345000,
      "rd": null,
      "sga": null,
      "fcf": 25888000,
      "ocf": 25888000,
      "capex": null,
      "gross_margin": 0.49431880725529287,
      "op_margin": 0.1988356306796639,
      "fcf_margin": 0.3166301782023214,
      "incr_op_margin_yoy": 0.5916489513595837,
      "rev_growth_yoy": 0.6272788790701377,
      "rev_growth_yoy_accel": -0.08178881726168019,
      "op_leverage_ratio": 3.0546506126350996,
      "fcf_margin_change": 0.3926983206820518
    },
    {
      "date": "2022-09-30T00:00:00",
      "quarter_label": "2022-09 (Q3)",
      "revenue": 87885000,
      "gross_profit": 44199000,
      "operating_income": 18772000,
      "net_income": 12128000,
      "opex": 69222000,
      "cogs": 43686000,
      "rd": null,
      "sga": null,
      "fcf": 28813000,
      "ocf": 28813000,
      "capex": null,
      "gross_margin": 0.5029185867895545,
      "op_margin": 0.2135973146725835,
      "fcf_margin": 0.3278488934402913,
      "incr_op_margin_yoy": 0.6075455701568461,
      "rev_growth_yoy": 0.36690255851932496,
      "rev_growth_yoy_accel": -0.2603763205508127,
      "op_leverage_ratio": 2.978581328333383,
      "fcf_margin_change": 0.011218715237969856
    },
    {
      "date": "2022-12-31T00:00:00",
      "quarter_label": "2022-12 (Q4)",
      "revenue": 70320000,
      "gross_profit": 28274000,
      "operating_income": 4734000,
      "net_income": -2029000,
      "opex": 65725000,
      "cogs": 42046000,
      "rd": null,
      "sga": null,
      "fcf": 21009000,
      "ocf": 21009000,
      "capex": null,
      "gross_margin": 0.4020762229806598,
      "op_margin": 0.06732081911262798,
      "fcf_margin": 0.2987627986348123,
      "incr_op_margin_yoy": 0.8085090013848284,
      "rev_growth_yoy": 0.2267541258155682,
      "rev_growth_yoy_accel": -0.14014843270375676,
      "fcf_margin_change": -0.029086094805478968
    },
    {
      "date": "2023-03-31T00:00:00",
      "quarter_label": "2023-03 (Q1)",
      "revenue": 67614000,
      "gross_profit": 27136000,
      "operating_income": 2067000,
      "net_income": -4849000,
      "opex": 65547000,
      "cogs": 40478000,
      "rd": null,
      "sga": null,
      "fcf": 4751000,
      "ocf": 4751000,
      "capex": null,
      "gross_margin": 0.4013370012127666,
      "op_margin": 0.030570591889253707,
      "fcf_margin": 0.07026651285236785,
      "incr_op_margin_yoy": 0.42242124283133003,
      "rev_growth_yoy": 0.23192128996993713,
      "rev_growth_yoy_accel": 0.005167164154368936,
      "fcf_margin_change": -0.22849628578244446
    },
    {
      "date": "2023-06-30T00:00:00",
      "quarter_label": "2023-06 (Q2)",
      "revenue": 84476000,
      "gross_profit": 41153000,
      "operating_income": 15454000,
      "net_income": 9144000,
      "opex": 69077000,
      "cogs": 43323000,
      "rd": null,
      "sga": null,
      "fcf": 27990000,
      "ocf": 27990000,
      "capex": null,
      "gross_margin": 0.48715611534637054,
      "op_margin": 0.18293953312183342,
      "fcf_margin": 0.33133671101851414,
      "incr_op_margin_yoy": -0.29576427255985266,
      "rev_growth_yoy": 0.03320654101588777,
      "rev_growth_yoy_accel": -0.19871474895404936,
      "op_leverage_ratio": 4.630741835570369,
      "fcf_margin_change": 0.2610701981661463
    },
    {
      "date": "2023-09-30T00:00:00",
      "quarter_label": "2023-09 (Q3)",
      "revenue": 86741000,
      "gross_profit": 39073000,
      "operating_income": 13874000,
      "net_income": 7329000,
      "opex": 72868000,
      "cogs": 47668000,
      "rd": null,
      "sga": null,
      "fcf": 33581000,
      "ocf": 33581000,
      "capex": null,
      "gross_margin": 0.4504559550846774,
      "op_margin": 0.15994742970452266,
      "fcf_margin": 0.3871410290404768,
      "incr_op_margin_yoy": 4.281468531468532,
      "rev_growth_yoy": -0.013017010866473232,
      "rev_growth_yoy_accel": -0.046223551882361005,
      "op_leverage_ratio": 0.4885562217562313,
      "fcf_margin_change": 0.05580431802196267
    },
    {
      "date": "2023-12-31T00:00:00",
      "quarter_label": "2023-12 (Q4)",
      "revenue": 72277000,
      "gross_profit": 28360000,
      "operating_income": -2781000,
      "net_income": -8980000,
      "opex": 75020000,
      "cogs": 43917000,
      "rd": null,
      "sga": null,
      "fcf": 10120000,
      "ocf": 10120000,
      "capex": null,
      "gross_margin": 0.3923793184553869,
      "op_margin": -0.038476970543879795,
      "fcf_margin": 0.1400168795052368,
      "incr_op_margin_yoy": -3.8400613183444046,
      "rev_growth_yoy": 0.02782992036405006,
      "rev_growth_yoy_accel": 0.04084693123052329,
      "fcf_margin_change": -0.24712414953524
    },
    {
      "date": "2024-03-31T00:00:00",
      "quarter_label": "2024-03 (Q1)",
      "revenue": 68443000,
      "gross_profit": 26599000,
      "operating_income": 977000,
      "net_income": -5225000,
      "opex": 67314000,
      "cogs": 41844000,
      "rd": null,
      "sga": 4594000,
      "fcf": 6891000,
      "ocf": 6891000,
      "capex": null,
      "gross_margin": 0.3886299548529433,
      "op_margin": 0.014274651900121268,
      "fcf_margin": 0.10068231959440703,
      "rev_growth_yoy": 0.012260774395835183,
      "rev_growth_yoy_accel": -0.015569145968214876,
      "fcf_margin_change": -0.03933455991082978
    },
    {
      "date": "2024-06-30T00:00:00",
      "quarter_label": "2024-06 (Q2)",
      "revenue": 86479000,
      "gross_profit": 39908000,
      "operating_income": 14090000,
      "net_income": 6848000,
      "opex": 72401000,
      "cogs": 46571000,
      "rd": null,
      "sga": 4633000,
      "fcf": 25178000,
      "ocf": 25178000,
      "capex": null,
      "gross_margin": 0.4614761965332624,
      "op_margin": 0.16292972860463234,
      "fcf_margin": 0.29114582731067656,
      "incr_op_margin_yoy": -0.6809785322016975,
      "rev_growth_yoy": 0.02371087646195369,
      "rev_growth_yoy_accel": 0.011450102066118507,
      "op_leverage_ratio": 3.4870233062690565,
      "fcf_margin_change": 0.19046350771626952
    },
    {
      "date": "2024-09-30T00:00:00",
      "quarter_label": "2024-09 (Q3)",
      "revenue": 87177000,
      "gross_profit": 38936000,
      "operating_income": 12504000,
      "net_income": 4251000,
      "opex": 74659000,
      "cogs": 48241000,
      "rd": null,
      "sga": 4395000,
      "fcf": 28817000,
      "ocf": 28817000,
      "capex": null,
      "gross_margin": 0.44663156566525575,
      "op_margin": 0.14343232733404454,
      "fcf_margin": 0.3305573717838421,
      "rev_growth_yoy": 0.005026458076342214,
      "rev_growth_yoy_accel": -0.018684418385611475,
      "fcf_margin_change": 0.03941154447316553
    },
    {
      "date": "2024-12-31T00:00:00",
      "quarter_label": "2024-12 (Q4)",
      "revenue": 75110000,
      "gross_profit": 30589000,
      "operating_income": 5649000,
      "net_income": -1708000,
      "opex": 75328000,
      "cogs": 44521000,
      "rd": null,
      "sga": null,
      "fcf": 12939000,
      "ocf": 12939000,
      "capex": null,
      "gross_margin": 0.40725602449740383,
      "op_margin": 0.07520969245107176,
      "fcf_margin": 0.17226734123285847,
      "incr_op_margin_yoy": 2.9756441934345217,
      "rev_growth_yoy": 0.03919642486544821,
      "rev_growth_yoy_accel": 0.03416996678910599,
      "fcf_margin_change": -0.15829003055098362
    },
    {
      "date": "2025-03-31T00:00:00",
      "quarter_label": "2025-03 (Q1)",
      "revenue": 68635000,
      "gross_profit": null,
      "operating_income": 8308000,
      "net_income": 1536000,
      "opex": 67445000,
      "cogs": null,
      "rd": null,
      "sga": 4606000,
      "fcf": 4190000,
      "ocf": 4190000,
      "capex": null,
      "gross_margin": null,
      "op_margin": 0.12104611349894369,
      "fcf_margin": 0.06104757048153275,
      "rev_growth_yoy": 0.0028052540069839135,
      "rev_growth_yoy_accel": -0.03639117085846429,
      "fcf_margin_change": -0.11121977075132572
    },
    {
      "date": "2025-06-30T00:00:00",
      "quarter_label": "2025-06 (Q2)",
      "revenue": 80294000,
      "gross_profit": null,
      "operating_income": 11854000,
      "net_income": 5376000,
      "opex": 68790000,
      "cogs": null,
      "rd": null,
      "sga": 3992000,
      "fcf": 22062000,
      "ocf": 22062000,
      "capex": null,
      "gross_margin": null,
      "op_margin": 0.14763245074351758,
      "fcf_margin": 0.2747652377512641,
      "incr_op_margin_yoy": 0.36151980598221506,
      "rev_growth_yoy": -0.07152025347194116,
      "rev_growth_yoy_accel": -0.07432550747892508,
      "op_leverage_ratio": 8.518107937494905,
      "fcf_margin_change": 0.21371766726973135
    },
    {
      "date": "2025-09-30T00:00:00",
      "quarter_label": "2025-09 (Q3)",
      "revenue": 78409000,
      "gross_profit": null,
      "operating_income": 9933000,
      "net_income": 3531000,
      "opex": 68515000,
      "cogs": null,
      "rd": null,
      "sga": 4142000,
      "fcf": 25574000,
      "ocf": 25574000,
      "capex": null,
      "gross_margin": null,
      "op_margin": 0.12668188600798377,
      "fcf_margin": 0.3261615375785943,
      "incr_op_margin_yoy": 0.29322536496350365,
      "rev_growth_yoy": -0.1005769870493364,
      "rev_growth_yoy_accel": -0.029056733577395244,
      "fcf_margin_change": 0.05139629982733018
    }
  ],
  "signals": [
    {
      "quarter": "2025-09 (Q3)",
      "signal": "FCF MARGIN EXPANSION",
      "detail": "FCF margin: +27.5% -> +32.6% (+5.1%)",
      "severity": "MEDIUM"
    },
    {
      "quarter": "2025-09 (Q3)",
      "signal": "INCREMENTAL MARGIN (YoY)",
      "detail": "YoY Incr OPM: +29.3% vs year-ago OPM: +14.3%",
      "severity": "MEDIUM"
    },
    {
      "quarter": "2025-06 (Q2)",
      "signal": "FCF MARGIN EXPANSION",
      "detail": "FCF margin: +6.1% -> +27.5% (+21.4%)",
      "severity": "MEDIUM"
    },
    {
      "quarter": "2025-06 (Q2)",
      "signal": "OPERATING LEVERAGE",
      "detail": "Rev growth +17.0% vs OpEx growth +2.0% (leverage: 8.5x)",
      "severity": "MEDIUM"
    },
    {
      "quarter": "2025-06 (Q2)",
      "signal": "YoY REVENUE GROWTH DECELERATION",
      "detail": "YoY growth: -7.2% vs prior quarter YoY: +0.3% (decel: -7.4%)",
      "severity": "WARNING"
    },
    {
      "quarter": "2025-06 (Q2)",
      "signal": "INCREMENTAL MARGIN (YoY)",
      "detail": "YoY Incr OPM: +36.2% vs year-ago OPM: +16.3%",
      "severity": "MEDIUM"
    },
    {
      "quarter": "2024-12 (Q4)",
      "signal": "OP MARGIN TURNED POSITIVE (YoY)",
      "detail": "Op margin: -3.8% (year-ago) -> +7.5%",
      "severity": "HIGH"
    },
    {
      "quarter": "2024-06 (Q2)",
      "signal": "FCF MARGIN EXPANSION",
      "detail": "FCF margin: +10.1% -> +29.1% (+19.0%)",
      "severity": "MEDIUM"
    },
    {
      "quarter": "2024-06 (Q2)",
      "signal": "OPERATING LEVERAGE",
      "detail": "Rev growth +26.4% vs OpEx growth +7.6% (leverage: 3.5x)",
      "severity": "MEDIUM"
    },
    {
      "quarter": "2024-06 (Q2)",
      "signal": "GROSS MARGIN INFLECTION",
      "detail": "GM: +39.2% -> +38.9% -> +46.1% (reversal +7.3%)",
      "severity": "HIGH"
    },
    {
      "quarter": "2024-03 (Q1)",
      "signal": "OP MARGIN TURNED POSITIVE (QoQ)",
      "detail": "Op margin: -3.8% -> +1.4%",
      "severity": "HIGH"
    },
    {
      "quarter": "2023-09 (Q3)",
      "signal": "FCF MARGIN EXPANSION",
      "detail": "FCF margin: +33.1% -> +38.7% (+5.6%)",
      "severity": "MEDIUM"
    },
    {
      "quarter": "2023-09 (Q3)",
      "signal": "INCREMENTAL MARGIN (YoY)",
      "detail": "YoY Incr OPM: +428.1% vs year-ago OPM: +21.4%",
      "severity": "HIGH"
    },
    {
      "quarter": "2023-06 (Q2)",
      "signal": "FCF MARGIN EXPANSION",
      "detail": "FCF margin: +7.0% -> +33.1% (+26.1%)",
      "severity": "MEDIUM"
    },
    {
      "quarter": "2023-06 (Q2)",
      "signal": "OPERATING LEVERAGE",
      "detail": "Rev growth +24.9% vs OpEx growth +5.4% (leverage: 4.6x)",
      "severity": "MEDIUM"
    },
    {
      "quarter": "2023-06 (Q2)",
      "signal": "GROSS MARGIN INFLECTION",
      "detail": "GM: +40.2% -> +40.1% -> +48.7% (reversal +8.6%)",
      "severity": "HIGH"
    },
    {
      "quarter": "2023-06 (Q2)",
      "signal": "YoY REVENUE GROWTH DECELERATION",
      "detail": "YoY growth: +3.3% vs prior quarter YoY: +23.2% (decel: -19.9%)",
      "severity": "WARNING"
    },
    {
      "quarter": "2023-03 (Q1)",
      "signal": "OP MARGIN TURNED POSITIVE (YoY)",
      "detail": "Op margin: -6.0% (year-ago) -> +3.1%",
      "severity": "HIGH"
    },
    {
      "quarter": "2022-12 (Q4)",
      "signal": "YoY REVENUE GROWTH DECELERATION",
      "detail": "YoY growth: +22.7% vs prior quarter YoY: +36.7% (decel: -14.0%)",
      "severity": "WARNING"
    },
    {
      "quarter": "2022-12 (Q4)",
      "signal": "OP MARGIN TURNED POSITIVE (YoY)",
      "detail": "Op margin: -10.1% (year-ago) -> +6.7%",
      "severity": "HIGH"
    },
    {
      "quarter": "2022-09 (Q3)",
      "signal": "OPERATING LEVERAGE",
      "detail": "Rev growth +7.5% vs OpEx growth +2.5% (leverage: 3.0x)",
      "severity": "MEDIUM"
    },
    {
      "quarter": "2022-09 (Q3)",
      "signal": "YoY REVENUE GROWTH DECELERATION",
      "detail": "YoY growth: +36.7% vs prior quarter YoY: +62.7% (decel: -26.0%)",
      "severity": "WARNING"
    },
    {
      "quarter": "2022-09 (Q3)",
      "signal": "INCREMENTAL MARGIN (YoY)",
      "detail": "YoY Incr OPM: +60.8% vs year-ago OPM: +6.9%",
      "severity": "HIGH"
    },
    {
      "quarter": "2022-06 (Q2)",
      "signal": "FCF TURNED POSITIVE",
      "detail": "FCF margin: -7.6% -> +31.7%",
      "severity": "HIGH"
    },
    {
      "quarter": "2022-06 (Q2)",
      "signal": "OPERATING LEVERAGE",
      "detail": "Rev growth +49.0% vs OpEx growth +16.0% (leverage: 3.1x)",
      "severity": "MEDIUM"
    },
    {
      "quarter": "2022-06 (Q2)",
      "signal": "GROSS MARGIN INFLECTION",
      "detail": "GM: +41.5% -> +38.6% -> +49.4% (reversal +10.8%)",
      "severity": "HIGH"
    },
    {
      "quarter": "2022-06 (Q2)",
      "signal": "YoY REVENUE GROWTH DECELERATION",
      "detail": "YoY growth: +62.7% vs prior quarter YoY: +70.9% (decel: -8.2%)",
      "severity": "WARNING"
    },
    {
      "quarter": "2022-06 (Q2)",
      "signal": "OP MARGIN TURNED POSITIVE (YoY)",
      "detail": "Op margin: -4.8% (year-ago) -> +19.9%",
      "severity": "HIGH"
    },
    {
      "quarter": "2022-06 (Q2)",
      "signal": "OP MARGIN TURNED POSITIVE (QoQ)",
      "detail": "Op margin: -6.0% -> +19.9%",
      "severity": "HIGH"
    },
    {
      "quarter": "2022-03 (Q1)",
      "signal": "YoY REVENUE GROWTH DECELERATION",
      "detail": "YoY growth: +70.9% vs prior quarter YoY: +93.9% (decel: -23.0%)",
      "severity": "WARNING"
    },
    {
      "quarter": "2021-09 (Q3)",
      "signal": "FCF MARGIN EXPANSION",
      "detail": "FCF margin: +19.7% -> +32.0% (+12.3%)",
      "severity": "MEDIUM"
    },
    {
      "quarter": "2021-09 (Q3)",
      "signal": "OPERATING LEVERAGE",
      "detail": "Rev growth +28.0% vs OpEx growth +13.6% (leverage: 2.0x)",
      "severity": "MEDIUM"
    },
    {
      "quarter": "2021-09 (Q3)",
      "signal": "OP MARGIN TURNED POSITIVE (QoQ)",
      "detail": "Op margin: -4.8% -> +6.9%",
      "severity": "HIGH"
    },
    {
      "quarter": "2021-06 (Q2)",
      "signal": "FCF TURNED POSITIVE",
      "detail": "FCF margin: -37.6% -> +19.7%",
      "severity": "HIGH"
    },
    {
      "quarter": "2021-06 (Q2)",
      "signal": "OPERATING LEVERAGE",
      "detail": "Rev growth +56.5% vs OpEx growth +15.6% (leverage: 3.6x)",
      "severity": "MEDIUM"
    }
  ],
  "data_quality": {
    "n_quarters": 20,
    "coverage": {
      "revenue": [
        20,
        20
      ],
      "gross_profit": [
        17,
        20
      ],
      "op_income": [
        20,
        20
      ],
      "fcf": [
        20,
        20
      ]
    },
    "gaps": [],
    "warnings": []
  },
  "market_cap": null,
  "source": "SEC EDGAR",
  "last_updated": "2026-02-03T01:09:50.004960"
}