{
  "ticker": "CLF",
  "name": "CLEVELAND-CLIFFS INC.",
  "quarters": [
    {
      "date": "2020-12-31T00:00:00",
      "quarter_label": "2020-12 (Q4)",
      "revenue": 2256200000,
      "gross_profit": 243100000,
      "operating_income": 107200000,
      "net_income": 64000000,
      "opex": 2149000000,
      "cogs": 2013100000,
      "rd": null,
      "sga": 94800000,
      "fcf": -353000000,
      "ocf": -207000000,
      "capex": -146000000,
      "gross_margin": 0.10774754011169223,
      "op_margin": 0.04751351830511479,
      "fcf_margin": -0.15645776083680524
    },
    {
      "date": "2021-03-31T00:00:00",
      "quarter_label": "2021-03 (Q1)",
      "revenue": 4049000000,
      "gross_profit": 288000000,
      "operating_income": 177000000,
      "net_income": 41000000,
      "opex": 3872000000,
      "cogs": 3761000000,
      "rd": null,
      "sga": 95000000,
      "fcf": -515000000,
      "ocf": -379000000,
      "capex": -136000000,
      "gross_margin": 0.0711286737466041,
      "op_margin": 0.043714497406767104,
      "fcf_margin": -0.12719189923437885,
      "op_leverage_ratio": 0.9910724111332502,
      "fcf_margin_change": 0.02926586160242639
    },
    {
      "date": "2021-06-30T00:00:00",
      "quarter_label": "2021-06 (Q2)",
      "revenue": 5045000000,
      "gross_profit": 1197000000,
      "operating_income": 1067000000,
      "net_income": 780000000,
      "opex": 3978000000,
      "cogs": 3848000000,
      "rd": null,
      "sga": 104000000,
      "fcf": 349000000,
      "ocf": 511000000,
      "capex": -162000000,
      "gross_margin": 0.23726461843409316,
      "op_margin": 0.21149653121902875,
      "fcf_margin": 0.06917740336967294,
      "op_leverage_ratio": 8.985475099838302,
      "fcf_margin_change": 0.19636930260405178
    },
    {
      "date": "2021-09-30T00:00:00",
      "quarter_label": "2021-09 (Q3)",
      "revenue": 6004000000,
      "gross_profit": 1775000000,
      "operating_income": 1649000000,
      "net_income": 1274000000,
      "opex": 4355000000,
      "cogs": 4229000000,
      "rd": null,
      "sga": 112000000,
      "fcf": 1341000000,
      "ocf": 1516000000,
      "capex": -175000000,
      "gross_margin": 0.29563624250499665,
      "op_margin": 0.2746502331778814,
      "fcf_margin": 0.22335109926715524,
      "op_leverage_ratio": 2.005768770718704,
      "fcf_margin_change": 0.1541736958974823
    },
    {
      "date": "2021-12-31T00:00:00",
      "quarter_label": "2021-12 (Q4)",
      "revenue": 5346000000,
      "gross_profit": 1274000000,
      "operating_income": 1119000000,
      "net_income": 893000000,
      "opex": 4227000000,
      "cogs": 4072000000,
      "rd": null,
      "sga": 111000000,
      "fcf": 905000000,
      "ocf": 1137000000,
      "capex": -232000000,
      "gross_margin": 0.23830901608679386,
      "op_margin": 0.20931537598204264,
      "fcf_margin": 0.16928544706322485,
      "incr_op_margin_yoy": 0.32746456081299763,
      "rev_growth_yoy": 1.3694707915964897,
      "fcf_margin_change": -0.05406565220393039
    },
    {
      "date": "2022-03-31T00:00:00",
      "quarter_label": "2022-03 (Q1)",
      "revenue": 5955000000,
      "gross_profit": 1249000000,
      "operating_income": 1094000000,
      "net_income": 801000000,
      "opex": 4861000000,
      "cogs": 4706000000,
      "rd": null,
      "sga": 122000000,
      "fcf": 297000000,
      "ocf": 533000000,
      "capex": -236000000,
      "gross_margin": 0.20973971452560874,
      "op_margin": 0.18371116708648194,
      "fcf_margin": 0.04987405541561713,
      "incr_op_margin_yoy": 0.48111227701993703,
      "rev_growth_yoy": 0.47073351444801187,
      "rev_growth_yoy_accel": -0.8987372771484778,
      "op_leverage_ratio": 0.7595062082443785,
      "fcf_margin_change": -0.11941139164760772
    },
    {
      "date": "2022-06-30T00:00:00",
      "quarter_label": "2022-06 (Q2)",
      "revenue": 6337000000,
      "gross_profit": 981000000,
      "operating_income": 840000000,
      "net_income": 596000000,
      "opex": 5497000000,
      "cogs": 5356000000,
      "rd": null,
      "sga": 107000000,
      "fcf": 633000000,
      "ocf": 865000000,
      "capex": -232000000,
      "gross_margin": 0.15480511282941456,
      "op_margin": 0.13255483667350482,
      "fcf_margin": 0.09988953763610542,
      "incr_op_margin_yoy": -0.17569659442724458,
      "rev_growth_yoy": 0.2560951437066402,
      "rev_growth_yoy_accel": -0.21463837074137165,
      "op_leverage_ratio": 0.4902866889512011,
      "fcf_margin_change": 0.05001548222048829
    },
    {
      "date": "2022-09-30T00:00:00",
      "quarter_label": "2022-09 (Q3)",
      "revenue": 5653000000,
      "gross_profit": 348000000,
      "operating_income": 187000000,
      "net_income": 152000000,
      "opex": 5466000000,
      "cogs": 5305000000,
      "rd": null,
      "sga": 124000000,
      "fcf": 288000000,
      "ocf": 536000000,
      "capex": -248000000,
      "gross_margin": 0.06156023350433398,
      "op_margin": 0.03307978064744384,
      "fcf_margin": 0.05094640014151778,
      "incr_op_margin_yoy": 4.165242165242165,
      "rev_growth_yoy": -0.058461025982678216,
      "rev_growth_yoy_accel": -0.31455616968931843,
      "fcf_margin_change": -0.04894313749458764
    },
    {
      "date": "2022-12-31T00:00:00",
      "quarter_label": "2022-12 (Q4)",
      "revenue": 5044000000,
      "gross_profit": -60000000,
      "operating_income": -182000000,
      "net_income": -214000000,
      "opex": 5226000000,
      "cogs": 5104000000,
      "rd": null,
      "sga": 112000000,
      "fcf": 262000000,
      "ocf": 489000000,
      "capex": -227000000,
      "gross_margin": -0.011895321173671689,
      "op_margin": -0.03608247422680412,
      "fcf_margin": 0.05194290245836638,
      "incr_op_margin_yoy": 4.30794701986755,
      "rev_growth_yoy": -0.056490834268612046,
      "rev_growth_yoy_accel": 0.0019701917140661704,
      "fcf_margin_change": 0.0009965023168485992
    },
    {
      "date": "2023-03-31T00:00:00",
      "quarter_label": "2023-03 (Q1)",
      "revenue": 5295000000,
      "gross_profit": 99000000,
      "operating_income": -31000000,
      "net_income": -57000000,
      "opex": 5326000000,
      "cogs": 5196000000,
      "rd": null,
      "sga": 127000000,
      "fcf": -227000000,
      "ocf": -39000000,
      "capex": -188000000,
      "gross_margin": 0.018696883852691217,
      "op_margin": -0.0058545797922568464,
      "fcf_margin": -0.04287063267233239,
      "incr_op_margin_yoy": 1.7045454545454546,
      "rev_growth_yoy": -0.11083123425692695,
      "rev_growth_yoy_accel": -0.05434039998831491,
      "op_leverage_ratio": 2.6005670103092786,
      "fcf_margin_change": -0.09481353513069876
    },
    {
      "date": "2023-06-30T00:00:00",
      "quarter_label": "2023-06 (Q2)",
      "revenue": 5984000000,
      "gross_profit": 644000000,
      "operating_income": 483000000,
      "net_income": 347000000,
      "opex": 5501000000,
      "cogs": 5340000000,
      "rd": null,
      "sga": 149000000,
      "fcf": 756000000,
      "ocf": 887000000,
      "capex": -131000000,
      "gross_margin": 0.10762032085561497,
      "op_margin": 0.08071524064171123,
      "fcf_margin": 0.12633689839572193,
      "incr_op_margin_yoy": 1.0113314447592068,
      "rev_growth_yoy": -0.05570459207827048,
      "rev_growth_yoy_accel": 0.055126642178656475,
      "op_leverage_ratio": 3.9601931741535137,
      "fcf_margin_change": 0.1692075310680543
    },
    {
      "date": "2023-09-30T00:00:00",
      "quarter_label": "2023-09 (Q3)",
      "revenue": 5605000000,
      "gross_profit": 480000000,
      "operating_income": 325000000,
      "net_income": 264000000,
      "opex": 5280000000,
      "cogs": 5125000000,
      "rd": null,
      "sga": 144000000,
      "fcf": 605000000,
      "ocf": 767000000,
      "capex": -162000000,
      "gross_margin": 0.08563782337198929,
      "op_margin": 0.05798394290811775,
      "fcf_margin": 0.1079393398751115,
      "incr_op_margin_yoy": -2.875,
      "rev_growth_yoy": -0.008491066690252963,
      "rev_growth_yoy_accel": 0.04721352538801751,
      "fcf_margin_change": -0.018397558520610424
    },
    {
      "date": "2023-12-31T00:00:00",
      "quarter_label": "2023-12 (Q4)",
      "revenue": 5112000000,
      "gross_profit": 168000000,
      "operating_income": -100000000,
      "net_income": -155000000,
      "opex": 5212000000,
      "cogs": 4944000000,
      "rd": null,
      "sga": 157000000,
      "fcf": 487000000,
      "ocf": 652000000,
      "capex": -165000000,
      "gross_margin": 0.03286384976525822,
      "op_margin": -0.019561815336463225,
      "fcf_margin": 0.0952660406885759,
      "incr_op_margin_yoy": 1.2058823529411764,
      "rev_growth_yoy": 0.013481363996827915,
      "rev_growth_yoy_accel": 0.02197243068708088,
      "fcf_margin_change": -0.012673299186535605
    },
    {
      "date": "2024-03-31T00:00:00",
      "quarter_label": "2024-03 (Q1)",
      "revenue": 5199000000,
      "gross_profit": 285000000,
      "operating_income": -38000000,
      "net_income": -67000000,
      "opex": 5237000000,
      "cogs": 4914000000,
      "rd": null,
      "sga": 132000000,
      "fcf": -40000000,
      "ocf": 142000000,
      "capex": -182000000,
      "gross_margin": 0.054818234275822275,
      "op_margin": -0.007309097903442969,
      "fcf_margin": -0.0076937872667820735,
      "incr_op_margin_yoy": 0.07291666666666667,
      "rev_growth_yoy": -0.018130311614730877,
      "rev_growth_yoy_accel": -0.031611675611558795,
      "op_leverage_ratio": 3.548075117370892,
      "fcf_margin_change": -0.10295982795535798
    },
    {
      "date": "2024-06-30T00:00:00",
      "quarter_label": "2024-06 (Q2)",
      "revenue": 5092000000,
      "gross_profit": 162000000,
      "operating_income": 6000000,
      "net_income": 2000000,
      "opex": 5086000000,
      "cogs": 4930000000,
      "rd": null,
      "sga": 103000000,
      "fcf": 362000000,
      "ocf": 519000000,
      "capex": -157000000,
      "gross_margin": 0.03181461115475255,
      "op_margin": 0.001178318931657502,
      "fcf_margin": 0.07109190887666929,
      "incr_op_margin_yoy": 0.5347533632286996,
      "rev_growth_yoy": -0.14906417112299467,
      "rev_growth_yoy_accel": -0.13093385950826378,
      "fcf_margin_change": 0.07878569614345136
    },
    {
      "date": "2024-09-30T00:00:00",
      "quarter_label": "2024-09 (Q3)",
      "revenue": 4569000000,
      "gross_profit": -104000000,
      "operating_income": -259000000,
      "net_income": -242000000,
      "opex": 4828000000,
      "cogs": 4673000000,
      "rd": null,
      "sga": 112000000,
      "fcf": -235000000,
      "ocf": -84000000,
      "capex": -151000000,
      "gross_margin": -0.022762092361567083,
      "op_margin": -0.05668636463121033,
      "fcf_margin": -0.051433574086233315,
      "incr_op_margin_yoy": 0.5637065637065637,
      "rev_growth_yoy": -0.1848349687778769,
      "rev_growth_yoy_accel": -0.035770797654882225,
      "fcf_margin_change": -0.12252548296290261
    },
    {
      "date": "2024-12-31T00:00:00",
      "quarter_label": "2024-12 (Q4)",
      "revenue": 4325000000,
      "gross_profit": -273000000,
      "operating_income": -465000000,
      "net_income": -447000000,
      "opex": 4790000000,
      "cogs": 4598000000,
      "rd": null,
      "sga": 139000000,
      "fcf": -677000000,
      "ocf": -472000000,
      "capex": -205000000,
      "gross_margin": -0.06312138728323699,
      "op_margin": -0.10751445086705202,
      "fcf_margin": -0.15653179190751446,
      "incr_op_margin_yoy": 0.46378653113087676,
      "rev_growth_yoy": -0.15395148669796557,
      "rev_growth_yoy_accel": 0.030883482079911317,
      "fcf_margin_change": -0.10509821782128115
    },
    {
      "date": "2025-03-31T00:00:00",
      "quarter_label": "2025-03 (Q1)",
      "revenue": 4629000000,
      "gross_profit": -391000000,
      "operating_income": -538000000,
      "net_income": null,
      "opex": 5167000000,
      "cogs": 5020000000,
      "rd": null,
      "sga": 133000000,
      "fcf": -503000000,
      "ocf": -351000000,
      "capex": -152000000,
      "gross_margin": -0.08446748757831066,
      "op_margin": -0.11622380643767552,
      "fcf_margin": -0.10866277813782674,
      "incr_op_margin_yoy": 0.8771929824561403,
      "rev_growth_yoy": -0.10963646855164455,
      "rev_growth_yoy_accel": 0.04431501814632102,
      "op_leverage_ratio": 0.8930620505665354,
      "fcf_margin_change": 0.04786901376968772
    },
    {
      "date": "2025-06-30T00:00:00",
      "quarter_label": "2025-06 (Q2)",
      "revenue": 4934000000,
      "gross_profit": -209000000,
      "operating_income": -498000000,
      "net_income": null,
      "opex": 5432000000,
      "cogs": 5143000000,
      "rd": null,
      "sga": 137000000,
      "fcf": -67000000,
      "ocf": 45000000,
      "capex": -112000000,
      "gross_margin": -0.042359140656668015,
      "op_margin": -0.10093230644507499,
      "fcf_margin": -0.013579246047831374,
      "incr_op_margin_yoy": 3.189873417721519,
      "rev_growth_yoy": -0.031029065200314218,
      "rev_growth_yoy_accel": 0.07860740335133033,
      "op_leverage_ratio": 1.2847104187301548,
      "fcf_margin_change": 0.09508353208999537
    },
    {
      "date": "2025-09-30T00:00:00",
      "quarter_label": "2025-09 (Q3)",
      "revenue": 4734000000,
      "gross_profit": -46000000,
      "operating_income": -204000000,
      "net_income": -251000000,
      "opex": 4938000000,
      "cogs": 4780000000,
      "rd": null,
      "sga": 130000000,
      "fcf": -300000000,
      "ocf": -143000000,
      "capex": -157000000,
      "gross_margin": -0.009716941275876637,
      "op_margin": -0.043092522179974654,
      "fcf_margin": -0.06337135614702155,
      "incr_op_margin_yoy": 0.3333333333333333,
      "rev_growth_yoy": 0.03611293499671701,
      "rev_growth_yoy_accel": 0.06714200019703123,
      "fcf_margin_change": -0.04979211009919018
    }
  ],
  "signals": [
    {
      "quarter": "2025-09 (Q3)",
      "signal": "YoY REVENUE GROWTH ACCELERATION",
      "detail": "YoY growth: +3.6% vs prior quarter YoY: -3.1% (accel: +6.7%)",
      "severity": "MEDIUM"
    },
    {
      "quarter": "2025-06 (Q2)",
      "signal": "FCF MARGIN EXPANSION",
      "detail": "FCF margin: -10.9% -> -1.4% (+9.5%)",
      "severity": "MEDIUM"
    },
    {
      "quarter": "2025-06 (Q2)",
      "signal": "GROSS MARGIN INFLECTION",
      "detail": "GM: -6.3% -> -8.4% -> -4.2% (reversal +4.2%)",
      "severity": "MEDIUM"
    },
    {
      "quarter": "2025-06 (Q2)",
      "signal": "YoY REVENUE GROWTH ACCELERATION",
      "detail": "YoY growth: -3.1% vs prior quarter YoY: -11.0% (accel: +7.9%)",
      "severity": "MEDIUM"
    },
    {
      "quarter": "2024-06 (Q2)",
      "signal": "FCF TURNED POSITIVE",
      "detail": "FCF margin: -0.8% -> +7.1%",
      "severity": "HIGH"
    },
    {
      "quarter": "2024-06 (Q2)",
      "signal": "YoY REVENUE GROWTH DECELERATION",
      "detail": "YoY growth: -14.9% vs prior quarter YoY: -1.8% (decel: -13.1%)",
      "severity": "WARNING"
    },
    {
      "quarter": "2024-06 (Q2)",
      "signal": "INCREMENTAL MARGIN (YoY)",
      "detail": "YoY Incr OPM: +53.5% vs year-ago OPM: +8.1%",
      "severity": "HIGH"
    },
    {
      "quarter": "2024-06 (Q2)",
      "signal": "OP MARGIN TURNED POSITIVE (QoQ)",
      "detail": "Op margin: -0.7% -> +0.1%",
      "severity": "HIGH"
    },
    {
      "quarter": "2024-03 (Q1)",
      "signal": "OPERATING LEVERAGE",
      "detail": "Rev growth +1.7% vs OpEx growth +0.5% (leverage: 3.5x)",
      "severity": "MEDIUM"
    },
    {
      "quarter": "2024-03 (Q1)",
      "signal": "GROSS MARGIN INFLECTION",
      "detail": "GM: +8.6% -> +3.3% -> +5.5% (reversal +2.2%)",
      "severity": "MEDIUM"
    },
    {
      "quarter": "2023-06 (Q2)",
      "signal": "FCF TURNED POSITIVE",
      "detail": "FCF margin: -4.3% -> +12.6%",
      "severity": "HIGH"
    },
    {
      "quarter": "2023-06 (Q2)",
      "signal": "OPERATING LEVERAGE",
      "detail": "Rev growth +13.0% vs OpEx growth +3.3% (leverage: 4.0x)",
      "severity": "MEDIUM"
    },
    {
      "quarter": "2023-06 (Q2)",
      "signal": "YoY REVENUE GROWTH ACCELERATION",
      "detail": "YoY growth: -5.6% vs prior quarter YoY: -11.1% (accel: +5.5%)",
      "severity": "MEDIUM"
    },
    {
      "quarter": "2023-06 (Q2)",
      "signal": "INCREMENTAL MARGIN (YoY)",
      "detail": "YoY Incr OPM: +101.1% vs year-ago OPM: +13.3%",
      "severity": "HIGH"
    },
    {
      "quarter": "2023-06 (Q2)",
      "signal": "OP MARGIN TURNED POSITIVE (QoQ)",
      "detail": "Op margin: -0.6% -> +8.1%",
      "severity": "HIGH"
    },
    {
      "quarter": "2023-03 (Q1)",
      "signal": "OPERATING LEVERAGE",
      "detail": "Rev growth +5.0% vs OpEx growth +1.9% (leverage: 2.6x)",
      "severity": "MEDIUM"
    },
    {
      "quarter": "2023-03 (Q1)",
      "signal": "GROSS MARGIN INFLECTION",
      "detail": "GM: +6.2% -> -1.2% -> +1.9% (reversal +3.1%)",
      "severity": "MEDIUM"
    },
    {
      "quarter": "2023-03 (Q1)",
      "signal": "YoY REVENUE GROWTH DECELERATION",
      "detail": "YoY growth: -11.1% vs prior quarter YoY: -5.6% (decel: -5.4%)",
      "severity": "WARNING"
    },
    {
      "quarter": "2022-09 (Q3)",
      "signal": "YoY REVENUE GROWTH DECELERATION",
      "detail": "YoY growth: -5.8% vs prior quarter YoY: +25.6% (decel: -31.5%)",
      "severity": "WARNING"
    },
    {
      "quarter": "2022-09 (Q3)",
      "signal": "INCREMENTAL MARGIN (YoY)",
      "detail": "YoY Incr OPM: +416.5% vs year-ago OPM: +27.5%",
      "severity": "HIGH"
    },
    {
      "quarter": "2022-06 (Q2)",
      "signal": "FCF MARGIN EXPANSION",
      "detail": "FCF margin: +5.0% -> +10.0% (+5.0%)",
      "severity": "MEDIUM"
    },
    {
      "quarter": "2022-06 (Q2)",
      "signal": "YoY REVENUE GROWTH DECELERATION",
      "detail": "YoY growth: +25.6% vs prior quarter YoY: +47.1% (decel: -21.5%)",
      "severity": "WARNING"
    },
    {
      "quarter": "2022-03 (Q1)",
      "signal": "YoY REVENUE GROWTH DECELERATION",
      "detail": "YoY growth: +47.1% vs prior quarter YoY: +136.9% (decel: -89.9%)",
      "severity": "WARNING"
    },
    {
      "quarter": "2022-03 (Q1)",
      "signal": "INCREMENTAL MARGIN (YoY)",
      "detail": "YoY Incr OPM: +48.1% vs year-ago OPM: +4.4%",
      "severity": "HIGH"
    },
    {
      "quarter": "2021-12 (Q4)",
      "signal": "INCREMENTAL MARGIN (YoY)",
      "detail": "YoY Incr OPM: +32.7% vs year-ago OPM: +4.8%",
      "severity": "HIGH"
    },
    {
      "quarter": "2021-09 (Q3)",
      "signal": "FCF MARGIN EXPANSION",
      "detail": "FCF margin: +6.9% -> +22.3% (+15.4%)",
      "severity": "MEDIUM"
    },
    {
      "quarter": "2021-09 (Q3)",
      "signal": "OPERATING LEVERAGE",
      "detail": "Rev growth +19.0% vs OpEx growth +9.5% (leverage: 2.0x)",
      "severity": "MEDIUM"
    },
    {
      "quarter": "2021-06 (Q2)",
      "signal": "FCF TURNED POSITIVE",
      "detail": "FCF margin: -12.7% -> +6.9%",
      "severity": "HIGH"
    },
    {
      "quarter": "2021-06 (Q2)",
      "signal": "OPERATING LEVERAGE",
      "detail": "Rev growth +24.6% vs OpEx growth +2.7% (leverage: 9.0x)",
      "severity": "MEDIUM"
    },
    {
      "quarter": "2021-06 (Q2)",
      "signal": "GROSS MARGIN INFLECTION",
      "detail": "GM: +10.8% -> +7.1% -> +23.7% (reversal +16.6%)",
      "severity": "HIGH"
    }
  ],
  "data_quality": {
    "n_quarters": 20,
    "coverage": {
      "revenue": [
        20,
        20
      ],
      "gross_profit": [
        20,
        20
      ],
      "op_income": [
        20,
        20
      ],
      "fcf": [
        20,
        20
      ]
    },
    "gaps": [],
    "warnings": []
  },
  "market_cap": null,
  "source": "SEC EDGAR",
  "last_updated": "2026-02-02T20:45:04.195652"
}