{
  "ticker": "CLFD",
  "name": "CLEARFIELD, INC.",
  "sector": "Technology",
  "industry": "Communication Equipment",
  "quarters": [
    {
      "date": "2021-03-31T00:00:00",
      "quarter_label": "2021-03 (Q1)",
      "revenue": 29691934,
      "gross_profit": 12941580,
      "operating_income": 4451460,
      "net_income": 3639784,
      "opex": 8490120,
      "cogs": 16750354,
      "rd": null,
      "sga": 8490120,
      "fcf": 3679874,
      "ocf": 3983000,
      "capex": -303126,
      "gross_margin": 0.435861806778905,
      "op_margin": 0.14992152414187637,
      "fcf_margin": 0.12393514009562327
    },
    {
      "date": "2021-06-30T00:00:00",
      "quarter_label": "2021-06 (Q2)",
      "revenue": 38735356,
      "gross_profit": 17137782,
      "operating_income": 7701905,
      "net_income": 6098113,
      "opex": 9435877,
      "cogs": 21597574,
      "rd": null,
      "sga": 9435877,
      "fcf": 824892,
      "ocf": 1418000,
      "capex": -593108,
      "gross_margin": 0.44243254147451233,
      "op_margin": 0.1988339799949173,
      "fcf_margin": 0.021295583290882884,
      "op_leverage_ratio": 2.734189271330715,
      "fcf_margin_change": -0.10263955680474039
    },
    {
      "date": "2021-09-30T00:00:00",
      "quarter_label": "2021-09 (Q3)",
      "revenue": 45235962,
      "gross_profit": 19729286,
      "operating_income": 9367068,
      "net_income": 7426044,
      "opex": 10362218,
      "cogs": 25506676,
      "rd": null,
      "sga": 10362218,
      "fcf": 2786000,
      "ocf": 2786000,
      "capex": null,
      "gross_margin": 0.43614162555004354,
      "op_margin": 0.2070712677670036,
      "fcf_margin": 0.061588167396550555,
      "op_leverage_ratio": 1.7094550174780392,
      "fcf_margin_change": 0.040292584105667675
    },
    {
      "date": "2021-12-31T00:00:00",
      "quarter_label": "2021-12 (Q4)",
      "revenue": 51109000,
      "gross_profit": 22972000,
      "operating_income": 13049000,
      "net_income": 10389000,
      "opex": 9923000,
      "cogs": 28137000,
      "rd": null,
      "sga": 9923000,
      "fcf": -34000,
      "ocf": -34000,
      "capex": null,
      "gross_margin": 0.44947073900878515,
      "op_margin": 0.2553170674440901,
      "fcf_margin": -0.0006652448688097987,
      "op_leverage_ratio": null,
      "fcf_margin_change": -0.06225341226536035
    },
    {
      "date": "2022-03-31T00:00:00",
      "quarter_label": "2022-03 (Q1)",
      "revenue": 53495000,
      "gross_profit": 23164000,
      "operating_income": 11931000,
      "net_income": 9236000,
      "opex": 11233000,
      "cogs": 30331000,
      "rd": null,
      "sga": 11233000,
      "fcf": -11248000,
      "ocf": -11248000,
      "capex": null,
      "gross_margin": 0.43301243106832416,
      "op_margin": 0.22303018973735864,
      "fcf_margin": -0.21026264136835218,
      "incr_op_margin_yoy": 0.314225906864267,
      "rev_growth_yoy": 0.801667752595705,
      "op_leverage_ratio": 0.3536264582850095,
      "fcf_margin_change": -0.20959739649954237
    },
    {
      "date": "2022-06-30T00:00:00",
      "quarter_label": "2022-06 (Q2)",
      "revenue": 71250000,
      "gross_profit": 29307000,
      "operating_income": 16586000,
      "net_income": 12745000,
      "opex": 12721000,
      "cogs": 41943000,
      "rd": null,
      "sga": 12721000,
      "fcf": 1993000,
      "ocf": 1993000,
      "capex": null,
      "gross_margin": 0.4113263157894737,
      "op_margin": 0.2327859649122807,
      "fcf_margin": 0.027971929824561405,
      "incr_op_margin_yoy": 0.2732336543497139,
      "rev_growth_yoy": 0.839404806296346,
      "rev_growth_yoy_accel": 0.037737053700640955,
      "op_leverage_ratio": 2.5055340691070516,
      "fcf_margin_change": 0.23823457119291358
    },
    {
      "date": "2022-09-30T00:00:00",
      "quarter_label": "2022-09 (Q3)",
      "revenue": 95029000,
      "gross_profit": 37504000,
      "operating_income": 22251000,
      "net_income": 16992000,
      "opex": 15253000,
      "cogs": 57525000,
      "rd": null,
      "sga": 15253000,
      "fcf": 11547000,
      "ocf": 11547000,
      "capex": null,
      "gross_margin": 0.39465847267676185,
      "op_margin": 0.23414957539277484,
      "fcf_margin": 0.12151027581054205,
      "incr_op_margin_yoy": 0.2587496669715152,
      "rev_growth_yoy": 1.1007401146901663,
      "rev_growth_yoy_accel": 0.26133530839382035,
      "op_leverage_ratio": 1.6767421024916163,
      "fcf_margin_change": 0.09353834598598065
    },
    {
      "date": "2022-12-31T00:00:00",
      "quarter_label": "2022-12 (Q4)",
      "revenue": 85942000,
      "gross_profit": 30649000,
      "operating_income": 17890000,
      "net_income": 14255000,
      "opex": 12759000,
      "cogs": 55293000,
      "rd": null,
      "sga": 12759000,
      "fcf": -881000,
      "ocf": 1103000,
      "capex": -1984000,
      "gross_margin": 0.35662423494915174,
      "op_margin": 0.2081636452491215,
      "fcf_margin": -0.010251099578785693,
      "incr_op_margin_yoy": 0.13897740648235868,
      "rev_growth_yoy": 0.6815433680956388,
      "rev_growth_yoy_accel": -0.41919674659452755,
      "fcf_margin_change": -0.13176137538932775
    },
    {
      "date": "2023-03-31T00:00:00",
      "quarter_label": "2023-03 (Q1)",
      "revenue": 71809000,
      "gross_profit": 23563000,
      "operating_income": 12055000,
      "net_income": 10364000,
      "opex": 11508000,
      "cogs": 48246000,
      "rd": null,
      "sga": 11508000,
      "fcf": 6459000,
      "ocf": 9038000,
      "capex": -2579000,
      "gross_margin": 0.3281343564177192,
      "op_margin": 0.16787589299391442,
      "fcf_margin": 0.08994694258379869,
      "incr_op_margin_yoy": 0.006770776455170907,
      "rev_growth_yoy": 0.3423497523133003,
      "rev_growth_yoy_accel": -0.3391936157823385,
      "fcf_margin_change": 0.10019804216258438
    },
    {
      "date": "2023-06-30T00:00:00",
      "quarter_label": "2023-06 (Q2)",
      "revenue": 61284000,
      "gross_profit": 19074000,
      "operating_income": 5625000,
      "net_income": 5218000,
      "opex": 13449000,
      "cogs": 42210000,
      "rd": null,
      "sga": 13449000,
      "fcf": 1611000,
      "ocf": 3340000,
      "capex": -1729000,
      "gross_margin": 0.3112394752300764,
      "op_margin": 0.09178578421774036,
      "fcf_margin": 0.02628744859996084,
      "incr_op_margin_yoy": 1.09983945414409,
      "rev_growth_yoy": -0.13987368421052632,
      "rev_growth_yoy_accel": -0.4822234365238266,
      "fcf_margin_change": -0.06365949398383786
    },
    {
      "date": "2023-09-30T00:00:00",
      "quarter_label": "2023-09 (Q3)",
      "revenue": 49685000,
      "gross_profit": 11994000,
      "operating_income": 1716000,
      "net_income": 2696000,
      "opex": 10278000,
      "cogs": 37691000,
      "rd": null,
      "sga": 10278000,
      "fcf": 3790000,
      "ocf": 4943000,
      "capex": -1153000,
      "gross_margin": 0.24140082519875214,
      "op_margin": 0.034537586796819966,
      "fcf_margin": 0.07628056757572708,
      "incr_op_margin_yoy": 0.45287138320395204,
      "rev_growth_yoy": -0.47715960391038525,
      "rev_growth_yoy_accel": -0.33728591969985894,
      "fcf_margin_change": 0.04999311897576625
    },
    {
      "date": "2023-12-31T00:00:00",
      "quarter_label": "2023-12 (Q4)",
      "revenue": 34230000,
      "gross_profit": 4697000,
      "operating_income": -8162000,
      "net_income": -5268000,
      "opex": 12859000,
      "cogs": 29533000,
      "rd": null,
      "sga": 12859000,
      "fcf": 8448000,
      "ocf": 10800000,
      "capex": -2352000,
      "gross_margin": 0.13721881390593046,
      "op_margin": -0.23844580777096114,
      "fcf_margin": 0.24680105170902716,
      "incr_op_margin_yoy": 0.5037902227722773,
      "rev_growth_yoy": -0.6017081287379861,
      "rev_growth_yoy_accel": -0.12454852482760082,
      "fcf_margin_change": 0.17052048413330007
    },
    {
      "date": "2024-03-31T00:00:00",
      "quarter_label": "2024-03 (Q1)",
      "revenue": 36910000,
      "gross_profit": 2832000,
      "operating_income": -9741000,
      "net_income": -5911000,
      "opex": 12573000,
      "cogs": 34078000,
      "rd": null,
      "sga": 12573000,
      "fcf": -7677000,
      "ocf": -5706000,
      "capex": -1971000,
      "gross_margin": 0.07672717420753183,
      "op_margin": -0.26391221891086425,
      "fcf_margin": -0.20799241397995125,
      "incr_op_margin_yoy": 0.6245451159058999,
      "rev_growth_yoy": -0.48599757690540185,
      "rev_growth_yoy_accel": 0.11571055183258422,
      "op_leverage_ratio": null,
      "fcf_margin_change": -0.4547934656889784
    },
    {
      "date": "2024-06-30T00:00:00",
      "quarter_label": "2024-06 (Q2)",
      "revenue": 48793000,
      "gross_profit": 10692000,
      "operating_income": -2306000,
      "net_income": -447000,
      "opex": 12998000,
      "cogs": 38101000,
      "rd": null,
      "sga": 12998000,
      "fcf": 2816000,
      "ocf": 4037000,
      "capex": -1221000,
      "gross_margin": 0.21912979320804213,
      "op_margin": -0.047260877584899476,
      "fcf_margin": 0.05771319656508106,
      "incr_op_margin_yoy": 0.634937154751421,
      "rev_growth_yoy": -0.20382155211800795,
      "rev_growth_yoy_accel": 0.2821760247873939,
      "op_leverage_ratio": 9.524277431590354,
      "fcf_margin_change": 0.2657056105450323
    },
    {
      "date": "2024-09-30T00:00:00",
      "quarter_label": "2024-09 (Q3)",
      "revenue": 46772000,
      "gross_profit": 10668000,
      "operating_income": -3013000,
      "net_income": -827000,
      "opex": 13681000,
      "cogs": 36104000,
      "rd": null,
      "sga": 13681000,
      "fcf": 9133000,
      "ocf": 13092000,
      "capex": -3959000,
      "gross_margin": 0.228085179167023,
      "op_margin": -0.06441888309244848,
      "fcf_margin": 0.19526639870007698,
      "incr_op_margin_yoy": 1.6234122897356678,
      "rev_growth_yoy": -0.05862936499949683,
      "rev_growth_yoy_accel": 0.14519218711851112,
      "fcf_margin_change": 0.13755320213499592
    },
    {
      "date": "2024-12-31T00:00:00",
      "quarter_label": "2024-12 (Q4)",
      "revenue": 35476000,
      "gross_profit": 8182000,
      "operating_income": -3976000,
      "net_income": -1906000,
      "opex": 12158000,
      "cogs": 27294000,
      "rd": null,
      "sga": 12158000,
      "fcf": 5081000,
      "ocf": 7150000,
      "capex": -2069000,
      "gross_margin": 0.23063479535460593,
      "op_margin": -0.11207576953433307,
      "fcf_margin": 0.1432235877776525,
      "incr_op_margin_yoy": 3.359550561797753,
      "rev_growth_yoy": 0.03640081799591002,
      "rev_growth_yoy_accel": 0.09503018299540686,
      "fcf_margin_change": -0.052042810922424465
    },
    {
      "date": "2025-03-31T00:00:00",
      "quarter_label": "2025-03 (Q1)",
      "revenue": 47168000,
      "gross_profit": 14192000,
      "operating_income": 262000,
      "net_income": 1327000,
      "opex": 13930000,
      "cogs": 32976000,
      "rd": null,
      "sga": 13930000,
      "fcf": 654000,
      "ocf": 3048000,
      "capex": -2394000,
      "gross_margin": 0.3008819538670285,
      "op_margin": 0.0055546132971506105,
      "fcf_margin": 0.013865332428765264,
      "incr_op_margin_yoy": 0.9751413530902711,
      "rev_growth_yoy": 0.2779192630723381,
      "rev_growth_yoy_accel": 0.24151844507642808,
      "op_leverage_ratio": 2.2612708378563626,
      "fcf_margin_change": -0.12935825534888726
    },
    {
      "date": "2025-06-30T00:00:00",
      "quarter_label": "2025-06 (Q2)",
      "revenue": 49903000,
      "gross_profit": 15234000,
      "operating_income": 1496000,
      "net_income": 1606000,
      "opex": 13738000,
      "cogs": 34669000,
      "rd": null,
      "sga": 13738000,
      "fcf": 7511000,
      "ocf": 7918000,
      "capex": -407000,
      "gross_margin": 0.3052722281225578,
      "op_margin": 0.02997815762579404,
      "fcf_margin": 0.15051199326693787,
      "incr_op_margin_yoy": 3.4252252252252253,
      "rev_growth_yoy": 0.022749164839218742,
      "rev_growth_yoy_accel": -0.25517009823311937,
      "op_leverage_ratio": null,
      "fcf_margin_change": 0.13664666083817262
    },
    {
      "date": "2025-09-30T00:00:00",
      "quarter_label": "2025-09 (Q3)",
      "revenue": 17587000,
      "gross_profit": 12930000,
      "operating_income": 4334000,
      "net_income": -9078000,
      "opex": 8596000,
      "cogs": 4657000,
      "rd": null,
      "sga": 8596000,
      "fcf": null,
      "ocf": null,
      "capex": null,
      "gross_margin": 0.7352021379427987,
      "op_margin": 0.2464320236538352,
      "fcf_margin": null,
      "incr_op_margin_yoy": -0.25173890697275997,
      "rev_growth_yoy": -0.6239844351321303,
      "rev_growth_yoy_accel": -0.646733599971349
    },
    {
      "date": "2025-12-31T00:00:00",
      "quarter_label": "2025-12 (Q4)",
      "revenue": 34341000,
      "gross_profit": 11388000,
      "operating_income": -1824000,
      "net_income": -614000,
      "opex": 13212000,
      "cogs": 22953000,
      "rd": null,
      "sga": 13212000,
      "fcf": null,
      "ocf": null,
      "capex": null,
      "gross_margin": 0.3316152703765179,
      "op_margin": -0.05311435310561719,
      "fcf_margin": null,
      "incr_op_margin_yoy": -1.896035242290749,
      "rev_growth_yoy": -0.031993460367572446,
      "rev_growth_yoy_accel": 0.5919909747645579,
      "op_leverage_ratio": 1.7740152718365019
    }
  ],
  "signals": [
    {
      "quarter": "2025-12 (Q4)",
      "signal": "OPERATING LEVERAGE",
      "detail": "Rev growth +95.3% vs OpEx growth +53.7% (leverage: 1.8x)",
      "severity": "MEDIUM"
    },
    {
      "quarter": "2025-12 (Q4)",
      "signal": "YoY REVENUE GROWTH ACCELERATION",
      "detail": "YoY growth: -3.2% vs prior quarter YoY: -62.4% (accel: +59.2%)",
      "severity": "HIGH"
    },
    {
      "quarter": "2025-09 (Q3)",
      "signal": "YoY REVENUE GROWTH DECELERATION",
      "detail": "YoY growth: -62.4% vs prior quarter YoY: +2.3% (decel: -64.7%)",
      "severity": "WARNING"
    },
    {
      "quarter": "2025-09 (Q3)",
      "signal": "OP MARGIN TURNED POSITIVE (YoY)",
      "detail": "Op margin: -6.4% (year-ago) -> +24.6%",
      "severity": "HIGH"
    },
    {
      "quarter": "2025-06 (Q2)",
      "signal": "FCF MARGIN EXPANSION",
      "detail": "FCF margin: +1.4% -> +15.1% (+13.7%)",
      "severity": "MEDIUM"
    },
    {
      "quarter": "2025-06 (Q2)",
      "signal": "YoY REVENUE GROWTH DECELERATION",
      "detail": "YoY growth: +2.3% vs prior quarter YoY: +27.8% (decel: -25.5%)",
      "severity": "WARNING"
    },
    {
      "quarter": "2025-06 (Q2)",
      "signal": "OP MARGIN TURNED POSITIVE (YoY)",
      "detail": "Op margin: -4.7% (year-ago) -> +3.0%",
      "severity": "HIGH"
    },
    {
      "quarter": "2025-03 (Q1)",
      "signal": "OPERATING LEVERAGE",
      "detail": "Rev growth +33.0% vs OpEx growth +14.6% (leverage: 2.3x)",
      "severity": "MEDIUM"
    },
    {
      "quarter": "2025-03 (Q1)",
      "signal": "YoY REVENUE GROWTH ACCELERATION",
      "detail": "YoY growth: +27.8% vs prior quarter YoY: +3.6% (accel: +24.2%)",
      "severity": "HIGH"
    },
    {
      "quarter": "2025-03 (Q1)",
      "signal": "OP MARGIN TURNED POSITIVE (YoY)",
      "detail": "Op margin: -26.4% (year-ago) -> +0.6%",
      "severity": "HIGH"
    },
    {
      "quarter": "2025-03 (Q1)",
      "signal": "OP MARGIN TURNED POSITIVE (QoQ)",
      "detail": "Op margin: -11.2% -> +0.6%",
      "severity": "HIGH"
    },
    {
      "quarter": "2024-12 (Q4)",
      "signal": "YoY REVENUE GROWTH ACCELERATION",
      "detail": "YoY growth: +3.6% vs prior quarter YoY: -5.9% (accel: +9.5%)",
      "severity": "MEDIUM"
    },
    {
      "quarter": "2024-09 (Q3)",
      "signal": "FCF MARGIN EXPANSION",
      "detail": "FCF margin: +5.8% -> +19.5% (+13.8%)",
      "severity": "MEDIUM"
    },
    {
      "quarter": "2024-09 (Q3)",
      "signal": "YoY REVENUE GROWTH ACCELERATION",
      "detail": "YoY growth: -5.9% vs prior quarter YoY: -20.4% (accel: +14.5%)",
      "severity": "MEDIUM"
    },
    {
      "quarter": "2024-06 (Q2)",
      "signal": "FCF TURNED POSITIVE",
      "detail": "FCF margin: -20.8% -> +5.8%",
      "severity": "HIGH"
    },
    {
      "quarter": "2024-06 (Q2)",
      "signal": "OPERATING LEVERAGE",
      "detail": "Rev growth +32.2% vs OpEx growth +3.4% (leverage: 9.5x)",
      "severity": "MEDIUM"
    },
    {
      "quarter": "2024-06 (Q2)",
      "signal": "GROSS MARGIN INFLECTION",
      "detail": "GM: +13.7% -> +7.7% -> +21.9% (reversal +14.2%)",
      "severity": "HIGH"
    },
    {
      "quarter": "2024-06 (Q2)",
      "signal": "YoY REVENUE GROWTH ACCELERATION",
      "detail": "YoY growth: -20.4% vs prior quarter YoY: -48.6% (accel: +28.2%)",
      "severity": "HIGH"
    },
    {
      "quarter": "2024-03 (Q1)",
      "signal": "YoY REVENUE GROWTH ACCELERATION",
      "detail": "YoY growth: -48.6% vs prior quarter YoY: -60.2% (accel: +11.6%)",
      "severity": "MEDIUM"
    },
    {
      "quarter": "2023-12 (Q4)",
      "signal": "FCF MARGIN EXPANSION",
      "detail": "FCF margin: +7.6% -> +24.7% (+17.1%)",
      "severity": "MEDIUM"
    },
    {
      "quarter": "2023-12 (Q4)",
      "signal": "YoY REVENUE GROWTH DECELERATION",
      "detail": "YoY growth: -60.2% vs prior quarter YoY: -47.7% (decel: -12.5%)",
      "severity": "WARNING"
    },
    {
      "quarter": "2023-09 (Q3)",
      "signal": "YoY REVENUE GROWTH DECELERATION",
      "detail": "YoY growth: -47.7% vs prior quarter YoY: -14.0% (decel: -33.7%)",
      "severity": "WARNING"
    },
    {
      "quarter": "2023-09 (Q3)",
      "signal": "INCREMENTAL MARGIN (YoY)",
      "detail": "YoY Incr OPM: +45.3% vs year-ago OPM: +23.4%",
      "severity": "HIGH"
    },
    {
      "quarter": "2023-06 (Q2)",
      "signal": "YoY REVENUE GROWTH DECELERATION",
      "detail": "YoY growth: -14.0% vs prior quarter YoY: +34.2% (decel: -48.2%)",
      "severity": "WARNING"
    },
    {
      "quarter": "2023-06 (Q2)",
      "signal": "INCREMENTAL MARGIN (YoY)",
      "detail": "YoY Incr OPM: +110.0% vs year-ago OPM: +23.3%",
      "severity": "HIGH"
    },
    {
      "quarter": "2023-03 (Q1)",
      "signal": "FCF TURNED POSITIVE",
      "detail": "FCF margin: -1.0% -> +9.0%",
      "severity": "HIGH"
    },
    {
      "quarter": "2023-03 (Q1)",
      "signal": "YoY REVENUE GROWTH DECELERATION",
      "detail": "YoY growth: +34.2% vs prior quarter YoY: +68.2% (decel: -33.9%)",
      "severity": "WARNING"
    },
    {
      "quarter": "2022-12 (Q4)",
      "signal": "YoY REVENUE GROWTH DECELERATION",
      "detail": "YoY growth: +68.2% vs prior quarter YoY: +110.1% (decel: -41.9%)",
      "severity": "WARNING"
    },
    {
      "quarter": "2022-09 (Q3)",
      "signal": "FCF MARGIN EXPANSION",
      "detail": "FCF margin: +2.8% -> +12.2% (+9.4%)",
      "severity": "MEDIUM"
    },
    {
      "quarter": "2022-09 (Q3)",
      "signal": "OPERATING LEVERAGE",
      "detail": "Rev growth +33.4% vs OpEx growth +19.9% (leverage: 1.7x)",
      "severity": "MEDIUM"
    },
    {
      "quarter": "2022-09 (Q3)",
      "signal": "YoY REVENUE GROWTH ACCELERATION",
      "detail": "YoY growth: +110.1% vs prior quarter YoY: +83.9% (accel: +26.1%)",
      "severity": "HIGH"
    },
    {
      "quarter": "2022-06 (Q2)",
      "signal": "FCF TURNED POSITIVE",
      "detail": "FCF margin: -21.0% -> +2.8%",
      "severity": "HIGH"
    },
    {
      "quarter": "2022-06 (Q2)",
      "signal": "OPERATING LEVERAGE",
      "detail": "Rev growth +33.2% vs OpEx growth +13.2% (leverage: 2.5x)",
      "severity": "MEDIUM"
    },
    {
      "quarter": "2022-03 (Q1)",
      "signal": "INCREMENTAL MARGIN (YoY)",
      "detail": "YoY Incr OPM: +31.4% vs year-ago OPM: +15.0%",
      "severity": "MEDIUM"
    },
    {
      "quarter": "2021-09 (Q3)",
      "signal": "OPERATING LEVERAGE",
      "detail": "Rev growth +16.8% vs OpEx growth +9.8% (leverage: 1.7x)",
      "severity": "MEDIUM"
    },
    {
      "quarter": "2021-06 (Q2)",
      "signal": "OPERATING LEVERAGE",
      "detail": "Rev growth +30.5% vs OpEx growth +11.1% (leverage: 2.7x)",
      "severity": "MEDIUM"
    }
  ],
  "data_quality": {
    "n_quarters": 20,
    "coverage": {
      "revenue": [
        20,
        20
      ],
      "gross_profit": [
        20,
        20
      ],
      "op_income": [
        20,
        20
      ],
      "fcf": [
        18,
        20
      ]
    },
    "gaps": [],
    "warnings": []
  },
  "market_cap": null,
  "source": "SEC EDGAR",
  "last_updated": "2026-02-24T11:07:05.235966"
}