{
  "ticker": "CLH",
  "name": "CLEAN HARBORS,\u00a0INC",
  "quarters": [
    {
      "date": "2020-12-31T00:00:00",
      "quarter_label": "2020-12 (Q4)",
      "revenue": 796190000,
      "gross_profit": 247415000,
      "operating_income": 61741000,
      "net_income": 39332000,
      "opex": 185674000,
      "cogs": 548775000,
      "rd": null,
      "sga": 111354000,
      "fcf": 67266000,
      "ocf": 113165000,
      "capex": -45899000,
      "gross_margin": 0.31074869063916905,
      "op_margin": 0.07754556073299088,
      "fcf_margin": 0.08448485914166216
    },
    {
      "date": "2021-03-31T00:00:00",
      "quarter_label": "2021-03 (Q1)",
      "revenue": 808148000,
      "gross_profit": 247612000,
      "operating_income": 50855000,
      "net_income": 21736000,
      "opex": 196757000,
      "cogs": 560536000,
      "rd": null,
      "sga": 121641000,
      "fcf": 61087000,
      "ocf": 103000000,
      "capex": -41913000,
      "gross_margin": 0.30639437330785946,
      "op_margin": 0.06292783005093126,
      "fcf_margin": 0.07558887728485376,
      "op_leverage_ratio": 0.25161445704394825,
      "fcf_margin_change": -0.0088959818568084
    },
    {
      "date": "2021-06-30T00:00:00",
      "quarter_label": "2021-06 (Q2)",
      "revenue": 926458000,
      "gross_profit": 308572000,
      "operating_income": 110001000,
      "net_income": 67075000,
      "opex": 198571000,
      "cogs": 617886000,
      "rd": null,
      "sga": 124106000,
      "fcf": 112357000,
      "ocf": 162432000,
      "capex": -50075000,
      "gross_margin": 0.3330663667430148,
      "op_margin": 0.11873285135429777,
      "fcf_margin": 0.12127587003404364,
      "op_leverage_ratio": 15.879011429287306,
      "fcf_margin_change": 0.04568699274918987
    },
    {
      "date": "2021-09-30T00:00:00",
      "quarter_label": "2021-09 (Q3)",
      "revenue": 951479000,
      "gross_profit": 312247000,
      "operating_income": 104833000,
      "net_income": 65443000,
      "opex": 207414000,
      "cogs": 639232000,
      "rd": null,
      "sga": 133164000,
      "fcf": 48128000,
      "ocf": 102794000,
      "capex": -54666000,
      "gross_margin": 0.3281701435344343,
      "op_margin": 0.11017899501723107,
      "fcf_margin": 0.05058230397097571,
      "op_leverage_ratio": 0.6064501739840652,
      "fcf_margin_change": -0.07069356606306793
    },
    {
      "date": "2021-12-31T00:00:00",
      "quarter_label": "2021-12 (Q4)",
      "revenue": 1119481000,
      "gross_profit": 327298000,
      "operating_income": 82198000,
      "net_income": 48993000,
      "opex": 245100000,
      "cogs": 792183000,
      "rd": null,
      "sga": 159051000,
      "fcf": 82569000,
      "ocf": 177771000,
      "capex": -95202000,
      "gross_margin": 0.2923658373835733,
      "op_margin": 0.07342509609363625,
      "fcf_margin": 0.07375649966368344,
      "incr_op_margin_yoy": 0.06327735693229938,
      "rev_growth_yoy": 0.4060475514638466,
      "op_leverage_ratio": 0.9717918838079704,
      "fcf_margin_change": 0.023174195692707733
    },
    {
      "date": "2022-03-31T00:00:00",
      "quarter_label": "2022-03 (Q1)",
      "revenue": 1169109000,
      "gross_profit": 325720000,
      "operating_income": 87093000,
      "net_income": 45314000,
      "opex": 238627000,
      "cogs": 843389000,
      "rd": null,
      "sga": 151173000,
      "fcf": -108937000,
      "ocf": -38629000,
      "capex": -70308000,
      "gross_margin": 0.2786053310683606,
      "op_margin": 0.07449519249274447,
      "fcf_margin": -0.09317950678679233,
      "incr_op_margin_yoy": 0.10039311726197567,
      "rev_growth_yoy": 0.4466520983780199,
      "rev_growth_yoy_accel": 0.04060454691417331,
      "op_leverage_ratio": Infinity,
      "fcf_margin_change": -0.1669360064504758
    },
    {
      "date": "2022-06-30T00:00:00",
      "quarter_label": "2022-06 (Q2)",
      "revenue": 1356312000,
      "gross_profit": 457843000,
      "operating_income": 211170000,
      "net_income": 148157000,
      "opex": 246673000,
      "cogs": 898469000,
      "rd": null,
      "sga": 155608000,
      "fcf": 92865000,
      "ocf": 170599000,
      "capex": -77734000,
      "gross_margin": 0.3375646606385551,
      "op_margin": 0.15569426503636333,
      "fcf_margin": 0.06846875940049192,
      "incr_op_margin_yoy": 0.2353566559808679,
      "rev_growth_yoy": 0.46397570100317553,
      "rev_growth_yoy_accel": 0.017323602625155643,
      "op_leverage_ratio": 4.7489473367848705,
      "fcf_margin_change": 0.16164826618728426
    },
    {
      "date": "2022-09-30T00:00:00",
      "quarter_label": "2022-09 (Q3)",
      "revenue": 1363086000,
      "gross_profit": 452438000,
      "operating_income": 209087000,
      "net_income": 135799000,
      "opex": 243351000,
      "cogs": 910648000,
      "rd": null,
      "sga": 151711000,
      "fcf": 129067000,
      "ocf": 225572000,
      "capex": -96505000,
      "gross_margin": 0.33192183031738276,
      "op_margin": 0.15339237582955148,
      "fcf_margin": 0.09468734914744924,
      "incr_op_margin_yoy": 0.25328529398188077,
      "rev_growth_yoy": 0.4325970410277053,
      "rev_growth_yoy_accel": -0.031378659975470236,
      "fcf_margin_change": 0.026218589746957316
    },
    {
      "date": "2022-12-31T00:00:00",
      "quarter_label": "2022-12 (Q4)",
      "revenue": 1278098000,
      "gross_profit": 386674000,
      "operating_income": 127397000,
      "net_income": 82474000,
      "opex": 259277000,
      "cogs": 891424000,
      "rd": null,
      "sga": 168899000,
      "fcf": 168163000,
      "ocf": 268672000,
      "capex": -100509000,
      "gross_margin": 0.30253861597467485,
      "op_margin": 0.09967702007201326,
      "fcf_margin": 0.1315728527859366,
      "incr_op_margin_yoy": 0.2849568457353247,
      "rev_growth_yoy": 0.14168797862580965,
      "rev_growth_yoy_accel": -0.2909090624018956,
      "fcf_margin_change": 0.036885503638487374
    },
    {
      "date": "2023-03-31T00:00:00",
      "quarter_label": "2023-03 (Q1)",
      "revenue": 1307387000,
      "gross_profit": 375873000,
      "operating_income": 120955000,
      "net_income": 72401000,
      "opex": 254918000,
      "cogs": 931514000,
      "rd": null,
      "sga": 166753000,
      "fcf": -53678000,
      "ocf": 28008000,
      "capex": -81686000,
      "gross_margin": 0.287499416775599,
      "op_margin": 0.09251659990500136,
      "fcf_margin": -0.041057468064161565,
      "incr_op_margin_yoy": 0.24488349556690145,
      "rev_growth_yoy": 0.118276396811589,
      "rev_growth_yoy_accel": -0.02341158181422065,
      "op_leverage_ratio": Infinity,
      "fcf_margin_change": -0.17263032085009816
    },
    {
      "date": "2023-06-30T00:00:00",
      "quarter_label": "2023-06 (Q2)",
      "revenue": 1397900000,
      "gross_profit": 450388000,
      "operating_income": 189823000,
      "net_income": 115766000,
      "opex": 260565000,
      "cogs": 947512000,
      "rd": null,
      "sga": 167382000,
      "fcf": 84953000,
      "ocf": 207565000,
      "capex": -122612000,
      "gross_margin": 0.32218899778238785,
      "op_margin": 0.13579154445954647,
      "fcf_margin": 0.06077187209385507,
      "incr_op_margin_yoy": -0.5132971049341156,
      "rev_growth_yoy": 0.030662561416547225,
      "rev_growth_yoy_accel": -0.08761383539504178,
      "op_leverage_ratio": 3.1252841691886672,
      "fcf_margin_change": 0.10182934015801663
    },
    {
      "date": "2023-09-30T00:00:00",
      "quarter_label": "2023-09 (Q3)",
      "revenue": 1365696000,
      "gross_profit": 421745000,
      "operating_income": 154368000,
      "net_income": 91340000,
      "opex": 267377000,
      "cogs": 943951000,
      "rd": null,
      "sga": 171019000,
      "fcf": 112511000,
      "ocf": 220119000,
      "capex": -107608000,
      "gross_margin": 0.3088132351562866,
      "op_margin": 0.11303247574862928,
      "fcf_margin": 0.08238363442523079,
      "incr_op_margin_yoy": -20.965134099616858,
      "rev_growth_yoy": 0.0019147728023030095,
      "rev_growth_yoy_accel": -0.028747788614244214,
      "fcf_margin_change": 0.021611762331375725
    },
    {
      "date": "2023-12-31T00:00:00",
      "quarter_label": "2023-12 (Q4)",
      "revenue": 1338169000,
      "gross_profit": 415022000,
      "operating_income": 147293000,
      "net_income": 98349000,
      "opex": 267729000,
      "cogs": 923147000,
      "rd": null,
      "sga": 166007000,
      "fcf": 168466000,
      "ocf": 278860000,
      "capex": -110394000,
      "gross_margin": 0.3101416936126902,
      "op_margin": 0.11007055162688718,
      "fcf_margin": 0.1258929178601507,
      "incr_op_margin_yoy": 0.33120807044996753,
      "rev_growth_yoy": 0.0470003082705708,
      "rev_growth_yoy_accel": 0.04508553546826779,
      "fcf_margin_change": 0.0435092834349199
    },
    {
      "date": "2024-03-31T00:00:00",
      "quarter_label": "2024-03 (Q1)",
      "revenue": 1376695000,
      "gross_profit": 405625000,
      "operating_income": 125475000,
      "net_income": 69832000,
      "opex": 280150000,
      "cogs": 971070000,
      "rd": null,
      "sga": 181868000,
      "fcf": -119364000,
      "ocf": 18549000,
      "capex": -137913000,
      "gross_margin": 0.29463679318948643,
      "op_margin": 0.09114219198878473,
      "fcf_margin": -0.08670330029527237,
      "incr_op_margin_yoy": 0.06521613666532002,
      "rev_growth_yoy": 0.05301261217986717,
      "rev_growth_yoy_accel": 0.006012303909296371,
      "op_leverage_ratio": 0.6205571867116212,
      "fcf_margin_change": -0.21259621815542307
    },
    {
      "date": "2024-06-30T00:00:00",
      "quarter_label": "2024-06 (Q2)",
      "revenue": 1552719000,
      "gross_profit": 517177000,
      "operating_income": 215493000,
      "net_income": 133280000,
      "opex": 301684000,
      "cogs": 1035542000,
      "rd": null,
      "sga": 197876000,
      "fcf": 80935000,
      "ocf": 216045000,
      "capex": -135110000,
      "gross_margin": 0.33307829684572676,
      "op_margin": 0.1387842874338499,
      "fcf_margin": 0.05212469223343052,
      "incr_op_margin_yoy": 0.1658065224552542,
      "rev_growth_yoy": 0.11075112669003505,
      "rev_growth_yoy_accel": 0.05773851451016788,
      "op_leverage_ratio": 1.6634129136134632,
      "fcf_margin_change": 0.1388279925287029
    },
    {
      "date": "2024-09-30T00:00:00",
      "quarter_label": "2024-09 (Q3)",
      "revenue": 1529422000,
      "gross_profit": 473823000,
      "operating_income": 192296000,
      "net_income": 115213000,
      "opex": 281527000,
      "cogs": 1055599000,
      "rd": null,
      "sga": 177846000,
      "fcf": 142436000,
      "ocf": 239239000,
      "capex": -96803000,
      "gross_margin": 0.3098052728416356,
      "op_margin": 0.12573115856840034,
      "fcf_margin": 0.09313060751054973,
      "incr_op_margin_yoy": 0.23165532658221663,
      "rev_growth_yoy": 0.11988465954355874,
      "rev_growth_yoy_accel": 0.009133532853523696,
      "fcf_margin_change": 0.04100591527711921
    },
    {
      "date": "2024-12-31T00:00:00",
      "quarter_label": "2024-12 (Q4)",
      "revenue": 1431116000,
      "gross_profit": 427614000,
      "operating_income": 136968000,
      "net_income": 83974000,
      "opex": 290646000,
      "cogs": 1003502000,
      "rd": null,
      "sga": 182039000,
      "fcf": 241523000,
      "ocf": 303938000,
      "capex": -62415000,
      "gross_margin": 0.29879758174739157,
      "op_margin": 0.09570712646633815,
      "fcf_margin": 0.16876549490048326,
      "incr_op_margin_yoy": -0.1110848117744521,
      "rev_growth_yoy": 0.06945834195830272,
      "rev_growth_yoy_accel": -0.05042631758525602,
      "fcf_margin_change": 0.07563488738993353
    },
    {
      "date": "2025-03-31T00:00:00",
      "quarter_label": "2025-03 (Q1)",
      "revenue": 1431950000,
      "gross_profit": 410066000,
      "operating_income": 111619000,
      "net_income": 58680000,
      "opex": 298447000,
      "cogs": 1021884000,
      "rd": null,
      "sga": 182847000,
      "fcf": -117090000,
      "ocf": 1605000,
      "capex": -118695000,
      "gross_margin": 0.28636893746290026,
      "op_margin": 0.07794895073151996,
      "fcf_margin": -0.08176961486085409,
      "incr_op_margin_yoy": -0.25076463668446297,
      "rev_growth_yoy": 0.04013597783096474,
      "rev_growth_yoy_accel": -0.029322364127337984,
      "fcf_margin_change": -0.25053510976133736
    },
    {
      "date": "2025-06-30T00:00:00",
      "quarter_label": "2025-06 (Q2)",
      "revenue": 1549854000,
      "gross_profit": 516357000,
      "operating_income": 210298000,
      "net_income": 126905000,
      "opex": 306059000,
      "cogs": 1033497000,
      "rd": null,
      "sga": 186183000,
      "fcf": 118011000,
      "ocf": 208040000,
      "capex": -90029000,
      "gross_margin": 0.33316493037408684,
      "op_margin": 0.13568891005217265,
      "fcf_margin": 0.07614330123998776,
      "incr_op_margin_yoy": 1.8132635253054101,
      "rev_growth_yoy": -0.0018451503459415387,
      "rev_growth_yoy_accel": -0.041981128176906274,
      "op_leverage_ratio": 3.2282645974220525,
      "fcf_margin_change": 0.15791291610084185
    },
    {
      "date": "2025-09-30T00:00:00",
      "quarter_label": "2025-09 (Q3)",
      "revenue": 1549337000,
      "gross_profit": 500847000,
      "operating_income": 193009000,
      "net_income": 118799000,
      "opex": 307838000,
      "cogs": 1048490000,
      "rd": null,
      "sga": 189610000,
      "fcf": 207542000,
      "ocf": 301987000,
      "capex": -94445000,
      "gross_margin": 0.3232653709296299,
      "op_margin": 0.12457522153024164,
      "fcf_margin": 0.13395536284229964,
      "incr_op_margin_yoy": 0.03580215917650013,
      "rev_growth_yoy": 0.013021259011574308,
      "rev_growth_yoy_accel": 0.014866409357515847,
      "fcf_margin_change": 0.05781206160231188
    }
  ],
  "signals": [
    {
      "quarter": "2025-09 (Q3)",
      "signal": "FCF MARGIN EXPANSION",
      "detail": "FCF margin: +7.6% -> +13.4% (+5.8%)",
      "severity": "MEDIUM"
    },
    {
      "quarter": "2025-06 (Q2)",
      "signal": "FCF TURNED POSITIVE",
      "detail": "FCF margin: -8.2% -> +7.6%",
      "severity": "HIGH"
    },
    {
      "quarter": "2025-06 (Q2)",
      "signal": "OPERATING LEVERAGE",
      "detail": "Rev growth +8.2% vs OpEx growth +2.6% (leverage: 3.2x)",
      "severity": "MEDIUM"
    },
    {
      "quarter": "2025-06 (Q2)",
      "signal": "GROSS MARGIN INFLECTION",
      "detail": "GM: +29.9% -> +28.6% -> +33.3% (reversal +4.7%)",
      "severity": "MEDIUM"
    },
    {
      "quarter": "2025-06 (Q2)",
      "signal": "INCREMENTAL MARGIN (YoY)",
      "detail": "YoY Incr OPM: +181.3% vs year-ago OPM: +13.9%",
      "severity": "HIGH"
    },
    {
      "quarter": "2024-12 (Q4)",
      "signal": "FCF MARGIN EXPANSION",
      "detail": "FCF margin: +9.3% -> +16.9% (+7.6%)",
      "severity": "MEDIUM"
    },
    {
      "quarter": "2024-12 (Q4)",
      "signal": "YoY REVENUE GROWTH DECELERATION",
      "detail": "YoY growth: +6.9% vs prior quarter YoY: +12.0% (decel: -5.0%)",
      "severity": "WARNING"
    },
    {
      "quarter": "2024-09 (Q3)",
      "signal": "INCREMENTAL MARGIN (YoY)",
      "detail": "YoY Incr OPM: +23.2% vs year-ago OPM: +11.3%",
      "severity": "MEDIUM"
    },
    {
      "quarter": "2024-06 (Q2)",
      "signal": "FCF TURNED POSITIVE",
      "detail": "FCF margin: -8.7% -> +5.2%",
      "severity": "HIGH"
    },
    {
      "quarter": "2024-06 (Q2)",
      "signal": "OPERATING LEVERAGE",
      "detail": "Rev growth +12.8% vs OpEx growth +7.7% (leverage: 1.7x)",
      "severity": "MEDIUM"
    },
    {
      "quarter": "2024-06 (Q2)",
      "signal": "GROSS MARGIN INFLECTION",
      "detail": "GM: +31.0% -> +29.5% -> +33.3% (reversal +3.8%)",
      "severity": "MEDIUM"
    },
    {
      "quarter": "2024-06 (Q2)",
      "signal": "YoY REVENUE GROWTH ACCELERATION",
      "detail": "YoY growth: +11.1% vs prior quarter YoY: +5.3% (accel: +5.8%)",
      "severity": "MEDIUM"
    },
    {
      "quarter": "2023-12 (Q4)",
      "signal": "INCREMENTAL MARGIN (YoY)",
      "detail": "YoY Incr OPM: +33.1% vs year-ago OPM: +10.0%",
      "severity": "HIGH"
    },
    {
      "quarter": "2023-06 (Q2)",
      "signal": "FCF TURNED POSITIVE",
      "detail": "FCF margin: -4.1% -> +6.1%",
      "severity": "HIGH"
    },
    {
      "quarter": "2023-06 (Q2)",
      "signal": "OPERATING LEVERAGE",
      "detail": "Rev growth +6.9% vs OpEx growth +2.2% (leverage: 3.1x)",
      "severity": "MEDIUM"
    },
    {
      "quarter": "2023-06 (Q2)",
      "signal": "GROSS MARGIN INFLECTION",
      "detail": "GM: +30.3% -> +28.7% -> +32.2% (reversal +3.5%)",
      "severity": "MEDIUM"
    },
    {
      "quarter": "2023-06 (Q2)",
      "signal": "YoY REVENUE GROWTH DECELERATION",
      "detail": "YoY growth: +3.1% vs prior quarter YoY: +11.8% (decel: -8.8%)",
      "severity": "WARNING"
    },
    {
      "quarter": "2023-03 (Q1)",
      "signal": "INCREMENTAL MARGIN (YoY)",
      "detail": "YoY Incr OPM: +24.5% vs year-ago OPM: +7.4%",
      "severity": "MEDIUM"
    },
    {
      "quarter": "2022-12 (Q4)",
      "signal": "YoY REVENUE GROWTH DECELERATION",
      "detail": "YoY growth: +14.2% vs prior quarter YoY: +43.3% (decel: -29.1%)",
      "severity": "WARNING"
    },
    {
      "quarter": "2022-12 (Q4)",
      "signal": "INCREMENTAL MARGIN (YoY)",
      "detail": "YoY Incr OPM: +28.5% vs year-ago OPM: +7.3%",
      "severity": "HIGH"
    },
    {
      "quarter": "2022-09 (Q3)",
      "signal": "INCREMENTAL MARGIN (YoY)",
      "detail": "YoY Incr OPM: +25.3% vs year-ago OPM: +11.0%",
      "severity": "MEDIUM"
    },
    {
      "quarter": "2022-06 (Q2)",
      "signal": "FCF TURNED POSITIVE",
      "detail": "FCF margin: -9.3% -> +6.8%",
      "severity": "HIGH"
    },
    {
      "quarter": "2022-06 (Q2)",
      "signal": "OPERATING LEVERAGE",
      "detail": "Rev growth +16.0% vs OpEx growth +3.4% (leverage: 4.7x)",
      "severity": "MEDIUM"
    },
    {
      "quarter": "2022-06 (Q2)",
      "signal": "GROSS MARGIN INFLECTION",
      "detail": "GM: +29.2% -> +27.9% -> +33.8% (reversal +5.9%)",
      "severity": "HIGH"
    },
    {
      "quarter": "2022-06 (Q2)",
      "signal": "INCREMENTAL MARGIN (YoY)",
      "detail": "YoY Incr OPM: +23.5% vs year-ago OPM: +11.9%",
      "severity": "MEDIUM"
    },
    {
      "quarter": "2021-06 (Q2)",
      "signal": "OPERATING LEVERAGE",
      "detail": "Rev growth +14.6% vs OpEx growth +0.9% (leverage: 15.9x)",
      "severity": "MEDIUM"
    },
    {
      "quarter": "2021-06 (Q2)",
      "signal": "GROSS MARGIN INFLECTION",
      "detail": "GM: +31.1% -> +30.6% -> +33.3% (reversal +2.7%)",
      "severity": "MEDIUM"
    }
  ],
  "data_quality": {
    "n_quarters": 20,
    "coverage": {
      "revenue": [
        20,
        20
      ],
      "gross_profit": [
        20,
        20
      ],
      "op_income": [
        20,
        20
      ],
      "fcf": [
        20,
        20
      ]
    },
    "gaps": [],
    "warnings": []
  },
  "market_cap": null,
  "source": "SEC EDGAR",
  "last_updated": "2026-02-02T20:28:30.924571"
}