{
  "ticker": "CLMB",
  "name": "Climb Global Solutions, Inc.",
  "quarters": [
    {
      "date": "2020-12-31T00:00:00",
      "quarter_label": "2020-12 (Q4)",
      "revenue": 71445000,
      "gross_profit": 10525000,
      "operating_income": 2791000,
      "net_income": 2527000,
      "opex": 7734000,
      "cogs": 60919000,
      "rd": null,
      "sga": 6660000,
      "fcf": 5438000,
      "ocf": 5438000,
      "capex": null,
      "gross_margin": 0.1473161172930226,
      "op_margin": 0.039065015046539295,
      "fcf_margin": 0.07611449366645671
    },
    {
      "date": "2021-03-31T00:00:00",
      "quarter_label": "2021-03 (Q1)",
      "revenue": 62813000,
      "gross_profit": 10843000,
      "operating_income": 2032000,
      "net_income": 1520000,
      "opex": 8811000,
      "cogs": 51970000,
      "rd": null,
      "sga": 8412000,
      "fcf": 8234000,
      "ocf": 8234000,
      "capex": null,
      "gross_margin": 0.17262350150446565,
      "op_margin": 0.032349991243850795,
      "fcf_margin": 0.13108751373123398,
      "fcf_margin_change": 0.054973020064777264
    },
    {
      "date": "2021-06-30T00:00:00",
      "quarter_label": "2021-06 (Q2)",
      "revenue": 75350000,
      "gross_profit": 10979000,
      "operating_income": 2443000,
      "net_income": 2144000,
      "opex": 8536000,
      "cogs": 64371000,
      "rd": null,
      "sga": 8138000,
      "fcf": -9140000,
      "ocf": -9140000,
      "capex": null,
      "gross_margin": 0.145706702057067,
      "op_margin": 0.032422030524220304,
      "fcf_margin": -0.12130059721300597,
      "op_leverage_ratio": Infinity,
      "fcf_margin_change": -0.25238811094423996
    },
    {
      "date": "2021-09-30T00:00:00",
      "quarter_label": "2021-09 (Q3)",
      "revenue": 68911000,
      "gross_profit": 11319000,
      "operating_income": 3177000,
      "net_income": 2440000,
      "opex": 8142000,
      "cogs": 57592000,
      "rd": null,
      "sga": 7761000,
      "fcf": 8374000,
      "ocf": 8374000,
      "capex": null,
      "gross_margin": 0.16425534384931287,
      "op_margin": 0.04610294437753044,
      "fcf_margin": 0.1215190608175763,
      "fcf_margin_change": 0.24281965803058225
    },
    {
      "date": "2021-12-31T00:00:00",
      "quarter_label": "2021-12 (Q4)",
      "revenue": 75508000,
      "gross_profit": 12575000,
      "operating_income": 4400000,
      "net_income": 3447000,
      "opex": 8175000,
      "cogs": 62932000,
      "rd": null,
      "sga": 7824000,
      "fcf": -2756000,
      "ocf": -2756000,
      "capex": null,
      "gross_margin": 0.16653864491179743,
      "op_margin": 0.058271971181861525,
      "fcf_margin": -0.03649944376754781,
      "incr_op_margin_yoy": 0.39601279842480924,
      "rev_growth_yoy": 0.05686892014836588,
      "op_leverage_ratio": 23.619738767131782,
      "fcf_margin_change": -0.15801850458512412
    },
    {
      "date": "2022-03-31T00:00:00",
      "quarter_label": "2022-03 (Q1)",
      "revenue": 71319000,
      "gross_profit": 11981000,
      "operating_income": 3375000,
      "net_income": 2712000,
      "opex": 8606000,
      "cogs": 59338000,
      "rd": null,
      "sga": 8249000,
      "fcf": 9231000,
      "ocf": 9231000,
      "capex": null,
      "gross_margin": 0.1679916992666751,
      "op_margin": 0.04732259285744332,
      "fcf_margin": 0.12943254953098052,
      "incr_op_margin_yoy": 0.15788854925934634,
      "rev_growth_yoy": 0.13541782751978093,
      "rev_growth_yoy_accel": 0.07854890737141505,
      "fcf_margin_change": 0.1659319932985283
    },
    {
      "date": "2022-06-30T00:00:00",
      "quarter_label": "2022-06 (Q2)",
      "revenue": 67863000,
      "gross_profit": 12486000,
      "operating_income": 4107000,
      "net_income": 2791000,
      "opex": 8379000,
      "cogs": 55377000,
      "rd": null,
      "sga": 7934000,
      "fcf": -7962000,
      "ocf": -7962000,
      "capex": null,
      "gross_margin": 0.18398832942840723,
      "op_margin": 0.060518986782193536,
      "fcf_margin": -0.11732460987577914,
      "incr_op_margin_yoy": -0.2222519032990517,
      "rev_growth_yoy": -0.09936297279362973,
      "rev_growth_yoy_accel": -0.23478080031341064,
      "fcf_margin_change": -0.24675715940675966
    },
    {
      "date": "2022-09-30T00:00:00",
      "quarter_label": "2022-09 (Q3)",
      "revenue": 76261000,
      "gross_profit": 13517000,
      "operating_income": 3675000,
      "net_income": 2234000,
      "opex": 9842000,
      "cogs": 62744000,
      "rd": null,
      "sga": 8922000,
      "fcf": 6536000,
      "ocf": 6536000,
      "capex": null,
      "gross_margin": 0.17724656115183382,
      "op_margin": 0.04818976934475026,
      "fcf_margin": 0.08570566869041843,
      "incr_op_margin_yoy": 0.06775510204081632,
      "rev_growth_yoy": 0.1066593141878655,
      "rev_growth_yoy_accel": 0.20602228698149522,
      "op_leverage_ratio": 0.7087460967483955,
      "fcf_margin_change": 0.20303027856619757
    },
    {
      "date": "2022-12-31T00:00:00",
      "quarter_label": "2022-12 (Q4)",
      "revenue": 88905000,
      "gross_profit": 16110000,
      "operating_income": 6158000,
      "net_income": 4762000,
      "opex": 9952000,
      "cogs": 72795000,
      "rd": null,
      "sga": 9118000,
      "fcf": -3244000,
      "ocf": -3244000,
      "capex": null,
      "gross_margin": 0.1812046566559811,
      "op_margin": 0.0692649457285867,
      "fcf_margin": -0.03648838647995051,
      "incr_op_margin_yoy": 0.13122340822572218,
      "rev_growth_yoy": 0.1774249086189543,
      "rev_growth_yoy_accel": 0.07076559443108879,
      "op_leverage_ratio": 14.834491596443314,
      "fcf_margin_change": -0.12219405517036894
    },
    {
      "date": "2023-03-31T00:00:00",
      "quarter_label": "2023-03 (Q1)",
      "revenue": 85040000,
      "gross_profit": 15209000,
      "operating_income": 4233000,
      "net_income": 3324000,
      "opex": 10976000,
      "cogs": 69831000,
      "rd": null,
      "sga": 10263000,
      "fcf": 43610000,
      "ocf": 43610000,
      "capex": null,
      "gross_margin": 0.17884524929444967,
      "op_margin": 0.04977657572906868,
      "fcf_margin": 0.5128174976481655,
      "incr_op_margin_yoy": 0.06253188543109103,
      "rev_growth_yoy": 0.19238912491762364,
      "rev_growth_yoy_accel": 0.014964216298669342,
      "fcf_margin_change": 0.549305884128116
    },
    {
      "date": "2023-06-30T00:00:00",
      "quarter_label": "2023-06 (Q2)",
      "revenue": 81732000,
      "gross_profit": 13693000,
      "operating_income": 1513000,
      "net_income": 1381000,
      "opex": 12180000,
      "cogs": 68039000,
      "rd": null,
      "sga": 11576000,
      "fcf": -13990000,
      "ocf": -13990000,
      "capex": null,
      "gross_margin": 0.167535359467528,
      "op_margin": 0.01851172123525669,
      "fcf_margin": -0.17116918709930015,
      "incr_op_margin_yoy": -0.18703583531617277,
      "rev_growth_yoy": 0.2043676230051722,
      "rev_growth_yoy_accel": 0.011978498087548556,
      "fcf_margin_change": -0.6839866847474657
    },
    {
      "date": "2023-09-30T00:00:00",
      "quarter_label": "2023-09 (Q3)",
      "revenue": 78457000,
      "gross_profit": 14274000,
      "operating_income": 3289000,
      "net_income": 2372000,
      "opex": 10985000,
      "cogs": 64183000,
      "rd": null,
      "sga": 10122000,
      "fcf": 8735000,
      "ocf": 8735000,
      "capex": null,
      "gross_margin": 0.1819340530481665,
      "op_margin": 0.04192105229616223,
      "fcf_margin": 0.11133487133079266,
      "incr_op_margin_yoy": -0.17577413479052822,
      "rev_growth_yoy": 0.028795845845189547,
      "rev_growth_yoy_accel": -0.17557177715998265,
      "fcf_margin_change": 0.2825040584300928
    },
    {
      "date": "2023-12-31T00:00:00",
      "quarter_label": "2023-12 (Q4)",
      "revenue": 106784000,
      "gross_profit": 21071000,
      "operating_income": 7455000,
      "net_income": 5246000,
      "opex": 13616000,
      "cogs": 85713000,
      "rd": null,
      "sga": 12400000,
      "fcf": 3768000,
      "ocf": 3768000,
      "capex": null,
      "gross_margin": 0.19732356907401857,
      "op_margin": 0.06981382978723404,
      "fcf_margin": 0.03528618519628409,
      "incr_op_margin_yoy": 0.07254320711449186,
      "rev_growth_yoy": 0.20110230020808728,
      "rev_growth_yoy_accel": 0.17230645436289774,
      "op_leverage_ratio": 1.5074679864317848,
      "fcf_margin_change": -0.07604868613450858
    },
    {
      "date": "2024-03-31T00:00:00",
      "quarter_label": "2024-03 (Q1)",
      "revenue": 92422000,
      "gross_profit": 17020000,
      "operating_income": 3503000,
      "net_income": 2731000,
      "opex": 13517000,
      "cogs": 75402000,
      "rd": null,
      "sga": 12523000,
      "fcf": 14047000,
      "ocf": 14047000,
      "capex": null,
      "gross_margin": 0.18415528770206227,
      "op_margin": 0.03790223107052433,
      "fcf_margin": 0.15198762199476315,
      "incr_op_margin_yoy": -0.0988891899214305,
      "rev_growth_yoy": 0.08680620884289746,
      "rev_growth_yoy_accel": -0.11429609136518983,
      "fcf_margin_change": 0.11670143679847905
    },
    {
      "date": "2024-06-30T00:00:00",
      "quarter_label": "2024-06 (Q2)",
      "revenue": 92076000,
      "gross_profit": 18558000,
      "operating_income": 4250000,
      "net_income": 3430000,
      "opex": 14308000,
      "cogs": 73518000,
      "rd": null,
      "sga": 12974000,
      "fcf": 7291000,
      "ocf": 7291000,
      "capex": null,
      "gross_margin": 0.20155089274077936,
      "op_margin": 0.04615752204700465,
      "fcf_margin": 0.07918458664581433,
      "incr_op_margin_yoy": 0.26459783449342617,
      "rev_growth_yoy": 0.12655997650858905,
      "rev_growth_yoy_accel": 0.039753767665691594,
      "fcf_margin_change": -0.07280303534894882
    },
    {
      "date": "2024-09-30T00:00:00",
      "quarter_label": "2024-09 (Q3)",
      "revenue": 119349000,
      "gross_profit": 24257000,
      "operating_income": 8514000,
      "net_income": 5459000,
      "opex": 15743000,
      "cogs": 95092000,
      "rd": null,
      "sga": 13937000,
      "fcf": -3576000,
      "ocf": -3576000,
      "capex": null,
      "gross_margin": 0.20324426681413335,
      "op_margin": 0.07133700324259105,
      "fcf_margin": -0.0299625468164794,
      "incr_op_margin_yoy": 0.12777560403012814,
      "rev_growth_yoy": 0.5212026970187491,
      "rev_growth_yoy_accel": 0.39464272051016,
      "op_leverage_ratio": 2.9533403476873294,
      "fcf_margin_change": -0.10914713346229374
    },
    {
      "date": "2024-12-31T00:00:00",
      "quarter_label": "2024-12 (Q4)",
      "revenue": 161760000,
      "gross_profit": 31247000,
      "operating_income": 11726000,
      "net_income": 6990000,
      "opex": 19521000,
      "cogs": 130513000,
      "rd": null,
      "sga": 17075000,
      "fcf": 15981000,
      "ocf": 15981000,
      "capex": null,
      "gross_margin": 0.1931688921859545,
      "op_margin": 0.07249010880316518,
      "fcf_margin": 0.09879451038575668,
      "incr_op_margin_yoy": 0.07768844586728754,
      "rev_growth_yoy": 0.5148336829487564,
      "rev_growth_yoy_accel": -0.0063690140699926845,
      "op_leverage_ratio": 1.4807620315862042,
      "fcf_margin_change": 0.12875705720223607
    },
    {
      "date": "2025-03-31T00:00:00",
      "quarter_label": "2025-03 (Q1)",
      "revenue": 138044000,
      "gross_profit": 23396000,
      "operating_income": 4778000,
      "net_income": 3684000,
      "opex": 18618000,
      "cogs": 114648000,
      "rd": null,
      "sga": 16755000,
      "fcf": 8457000,
      "ocf": 8457000,
      "capex": null,
      "gross_margin": 0.169482194083046,
      "op_margin": 0.03461215264698212,
      "fcf_margin": 0.06126307554113181,
      "incr_op_margin_yoy": 0.027947043093244486,
      "rev_growth_yoy": 0.4936270584925667,
      "rev_growth_yoy_accel": -0.021206624456189704,
      "fcf_margin_change": -0.037531434844624866
    },
    {
      "date": "2025-06-30T00:00:00",
      "quarter_label": "2025-06 (Q2)",
      "revenue": 159284000,
      "gross_profit": 26308000,
      "operating_income": 7956000,
      "net_income": 5968000,
      "opex": 18352000,
      "cogs": 132976000,
      "rd": null,
      "sga": 16357000,
      "fcf": -2195000,
      "ocf": -2195000,
      "capex": null,
      "gross_margin": 0.1651641093895181,
      "op_margin": 0.049948519625323325,
      "fcf_margin": -0.01378041736772055,
      "incr_op_margin_yoy": 0.05514224497083681,
      "rev_growth_yoy": 0.7299187627611973,
      "rev_growth_yoy_accel": 0.23629170426863055,
      "op_leverage_ratio": Infinity,
      "fcf_margin_change": -0.07504349290885236
    },
    {
      "date": "2025-09-30T00:00:00",
      "quarter_label": "2025-09 (Q3)",
      "revenue": 161343000,
      "gross_profit": 25733000,
      "operating_income": 6937000,
      "net_income": 4696000,
      "opex": 18796000,
      "cogs": 135610000,
      "rd": null,
      "sga": 16226000,
      "fcf": 22233000,
      "ocf": 22233000,
      "capex": null,
      "gross_margin": 0.15949250974631685,
      "op_margin": 0.0429953577161699,
      "fcf_margin": 0.13779959465238653,
      "incr_op_margin_yoy": -0.037552983759584706,
      "rev_growth_yoy": 0.35185883417540154,
      "rev_growth_yoy_accel": -0.37805992858579573,
      "op_leverage_ratio": 0.5342993228028762,
      "fcf_margin_change": 0.15158001202010707
    }
  ],
  "signals": [
    {
      "quarter": "2025-09 (Q3)",
      "signal": "FCF TURNED POSITIVE",
      "detail": "FCF margin: -1.4% -> +13.8%",
      "severity": "HIGH"
    },
    {
      "quarter": "2025-09 (Q3)",
      "signal": "YoY REVENUE GROWTH DECELERATION",
      "detail": "YoY growth: +35.2% vs prior quarter YoY: +73.0% (decel: -37.8%)",
      "severity": "WARNING"
    },
    {
      "quarter": "2025-06 (Q2)",
      "signal": "YoY REVENUE GROWTH ACCELERATION",
      "detail": "YoY growth: +73.0% vs prior quarter YoY: +49.4% (accel: +23.6%)",
      "severity": "HIGH"
    },
    {
      "quarter": "2024-12 (Q4)",
      "signal": "FCF TURNED POSITIVE",
      "detail": "FCF margin: -3.0% -> +9.9%",
      "severity": "HIGH"
    },
    {
      "quarter": "2024-09 (Q3)",
      "signal": "OPERATING LEVERAGE",
      "detail": "Rev growth +29.6% vs OpEx growth +10.0% (leverage: 3.0x)",
      "severity": "MEDIUM"
    },
    {
      "quarter": "2024-09 (Q3)",
      "signal": "YoY REVENUE GROWTH ACCELERATION",
      "detail": "YoY growth: +52.1% vs prior quarter YoY: +12.7% (accel: +39.5%)",
      "severity": "HIGH"
    },
    {
      "quarter": "2024-06 (Q2)",
      "signal": "INCREMENTAL MARGIN (YoY)",
      "detail": "YoY Incr OPM: +26.5% vs year-ago OPM: +1.9%",
      "severity": "HIGH"
    },
    {
      "quarter": "2024-03 (Q1)",
      "signal": "FCF MARGIN EXPANSION",
      "detail": "FCF margin: +3.5% -> +15.2% (+11.7%)",
      "severity": "MEDIUM"
    },
    {
      "quarter": "2024-03 (Q1)",
      "signal": "YoY REVENUE GROWTH DECELERATION",
      "detail": "YoY growth: +8.7% vs prior quarter YoY: +20.1% (decel: -11.4%)",
      "severity": "WARNING"
    },
    {
      "quarter": "2023-12 (Q4)",
      "signal": "OPERATING LEVERAGE",
      "detail": "Rev growth +36.1% vs OpEx growth +24.0% (leverage: 1.5x)",
      "severity": "MEDIUM"
    },
    {
      "quarter": "2023-12 (Q4)",
      "signal": "YoY REVENUE GROWTH ACCELERATION",
      "detail": "YoY growth: +20.1% vs prior quarter YoY: +2.9% (accel: +17.2%)",
      "severity": "HIGH"
    },
    {
      "quarter": "2023-09 (Q3)",
      "signal": "FCF TURNED POSITIVE",
      "detail": "FCF margin: -17.1% -> +11.1%",
      "severity": "HIGH"
    },
    {
      "quarter": "2023-09 (Q3)",
      "signal": "YoY REVENUE GROWTH DECELERATION",
      "detail": "YoY growth: +2.9% vs prior quarter YoY: +20.4% (decel: -17.6%)",
      "severity": "WARNING"
    },
    {
      "quarter": "2023-03 (Q1)",
      "signal": "FCF TURNED POSITIVE",
      "detail": "FCF margin: -3.6% -> +51.3%",
      "severity": "HIGH"
    },
    {
      "quarter": "2022-12 (Q4)",
      "signal": "OPERATING LEVERAGE",
      "detail": "Rev growth +16.6% vs OpEx growth +1.1% (leverage: 14.8x)",
      "severity": "MEDIUM"
    },
    {
      "quarter": "2022-12 (Q4)",
      "signal": "YoY REVENUE GROWTH ACCELERATION",
      "detail": "YoY growth: +17.7% vs prior quarter YoY: +10.7% (accel: +7.1%)",
      "severity": "MEDIUM"
    },
    {
      "quarter": "2022-09 (Q3)",
      "signal": "FCF TURNED POSITIVE",
      "detail": "FCF margin: -11.7% -> +8.6%",
      "severity": "HIGH"
    },
    {
      "quarter": "2022-09 (Q3)",
      "signal": "YoY REVENUE GROWTH ACCELERATION",
      "detail": "YoY growth: +10.7% vs prior quarter YoY: -9.9% (accel: +20.6%)",
      "severity": "HIGH"
    },
    {
      "quarter": "2022-06 (Q2)",
      "signal": "YoY REVENUE GROWTH DECELERATION",
      "detail": "YoY growth: -9.9% vs prior quarter YoY: +13.5% (decel: -23.5%)",
      "severity": "WARNING"
    },
    {
      "quarter": "2022-03 (Q1)",
      "signal": "FCF TURNED POSITIVE",
      "detail": "FCF margin: -3.6% -> +12.9%",
      "severity": "HIGH"
    },
    {
      "quarter": "2022-03 (Q1)",
      "signal": "YoY REVENUE GROWTH ACCELERATION",
      "detail": "YoY growth: +13.5% vs prior quarter YoY: +5.7% (accel: +7.9%)",
      "severity": "MEDIUM"
    },
    {
      "quarter": "2022-03 (Q1)",
      "signal": "INCREMENTAL MARGIN (YoY)",
      "detail": "YoY Incr OPM: +15.8% vs year-ago OPM: +3.2%",
      "severity": "MEDIUM"
    },
    {
      "quarter": "2021-12 (Q4)",
      "signal": "OPERATING LEVERAGE",
      "detail": "Rev growth +9.6% vs OpEx growth +0.4% (leverage: 23.6x)",
      "severity": "MEDIUM"
    },
    {
      "quarter": "2021-12 (Q4)",
      "signal": "INCREMENTAL MARGIN (YoY)",
      "detail": "YoY Incr OPM: +39.6% vs year-ago OPM: +3.9%",
      "severity": "HIGH"
    },
    {
      "quarter": "2021-09 (Q3)",
      "signal": "FCF TURNED POSITIVE",
      "detail": "FCF margin: -12.1% -> +12.2%",
      "severity": "HIGH"
    },
    {
      "quarter": "2021-03 (Q1)",
      "signal": "FCF MARGIN EXPANSION",
      "detail": "FCF margin: +7.6% -> +13.1% (+5.5%)",
      "severity": "MEDIUM"
    }
  ],
  "data_quality": {
    "n_quarters": 20,
    "coverage": {
      "revenue": [
        20,
        20
      ],
      "gross_profit": [
        20,
        20
      ],
      "op_income": [
        20,
        20
      ],
      "fcf": [
        20,
        20
      ]
    },
    "gaps": [],
    "warnings": []
  },
  "market_cap": null,
  "source": "SEC EDGAR",
  "last_updated": "2026-02-02T22:21:39.954435"
}