{
  "ticker": "CLPT",
  "name": "CLEARPOINT NEURO, INC.",
  "quarters": [
    {
      "date": "2020-12-31T00:00:00",
      "quarter_label": "2020-12 (Q4)",
      "revenue": 3716437,
      "gross_profit": 2643000,
      "operating_income": -2265346,
      "net_income": -1581895,
      "opex": 4908346,
      "cogs": 1432073,
      "rd": 1825123,
      "sga": 1256507,
      "fcf": -2401000,
      "ocf": -2401000,
      "capex": null,
      "gross_margin": 0.711165021766816,
      "op_margin": -0.6095478007564772,
      "fcf_margin": -0.6460488903753784
    },
    {
      "date": "2021-03-31T00:00:00",
      "quarter_label": "2021-03 (Q1)",
      "revenue": 4030000,
      "gross_profit": 2614000,
      "operating_income": -2181000,
      "net_income": -2538000,
      "opex": 4795000,
      "cogs": 1416000,
      "rd": 1563000,
      "sga": 1657000,
      "fcf": -2171000,
      "ocf": -2131000,
      "capex": -40000,
      "gross_margin": 0.6486352357320099,
      "op_margin": -0.5411910669975186,
      "fcf_margin": -0.5387096774193548,
      "op_leverage_ratio": Infinity,
      "fcf_margin_change": 0.10733921295602356
    },
    {
      "date": "2021-06-30T00:00:00",
      "quarter_label": "2021-06 (Q2)",
      "revenue": 3413000,
      "gross_profit": 2290000,
      "operating_income": -3407000,
      "net_income": -3743000,
      "opex": 5697000,
      "cogs": 1123000,
      "rd": 2123000,
      "sga": 1982000,
      "fcf": -3683000,
      "ocf": -3718000,
      "capex": 35000,
      "gross_margin": 0.6709639613243481,
      "op_margin": -0.9982420158218576,
      "fcf_margin": -1.079109288016408,
      "fcf_margin_change": -0.5403996105970531
    },
    {
      "date": "2021-09-30T00:00:00",
      "quarter_label": "2021-09 (Q3)",
      "revenue": 4574000,
      "gross_profit": 3088000,
      "operating_income": -3804000,
      "net_income": -3980000,
      "opex": 6892000,
      "cogs": 1486000,
      "rd": 2630000,
      "sga": 2436000,
      "fcf": -3421000,
      "ocf": -3296000,
      "capex": -125000,
      "gross_margin": 0.675120244862265,
      "op_margin": -0.8316571928290337,
      "fcf_margin": -0.7479230432881504,
      "op_leverage_ratio": 1.6217139242399539,
      "fcf_margin_change": 0.33118624472825753
    },
    {
      "date": "2021-12-31T00:00:00",
      "quarter_label": "2021-12 (Q4)",
      "revenue": 4282000,
      "gross_profit": 3289000,
      "operating_income": -3982000,
      "net_income": -4149000,
      "opex": 7271000,
      "cogs": 993000,
      "rd": 2734000,
      "sga": 2699000,
      "fcf": -3590000,
      "ocf": -3552000,
      "capex": -38000,
      "gross_margin": 0.76809901914993,
      "op_margin": -0.9299392807099486,
      "fcf_margin": -0.8383932741709481,
      "rev_growth_yoy": 0.1521788207360975,
      "fcf_margin_change": -0.09047023088279771
    },
    {
      "date": "2022-03-31T00:00:00",
      "quarter_label": "2022-03 (Q1)",
      "revenue": 5031000,
      "gross_profit": 3246000,
      "operating_income": -3864000,
      "net_income": -3959000,
      "opex": 7110000,
      "cogs": 1785000,
      "rd": 2533000,
      "sga": 2732000,
      "fcf": -4338000,
      "ocf": -4269000,
      "capex": -69000,
      "gross_margin": 0.6451997614788313,
      "op_margin": -0.7680381633870006,
      "fcf_margin": -0.8622540250447227,
      "incr_op_margin_yoy": -1.6813186813186813,
      "rev_growth_yoy": 0.24838709677419354,
      "rev_growth_yoy_accel": 0.09620827603809604,
      "op_leverage_ratio": Infinity,
      "fcf_margin_change": -0.023860750873774594
    },
    {
      "date": "2022-06-30T00:00:00",
      "quarter_label": "2022-06 (Q2)",
      "revenue": 5200000,
      "gross_profit": 3257000,
      "operating_income": -4204000,
      "net_income": -4303000,
      "opex": 7461000,
      "cogs": 1943000,
      "rd": 2284000,
      "sga": 2990000,
      "fcf": -5057000,
      "ocf": -4981000,
      "capex": -76000,
      "gross_margin": 0.6263461538461539,
      "op_margin": -0.8084615384615385,
      "fcf_margin": -0.9725,
      "incr_op_margin_yoy": -0.4459988808058198,
      "rev_growth_yoy": 0.5235862877234105,
      "rev_growth_yoy_accel": 0.27519919094921697,
      "op_leverage_ratio": 0.6804478897502154,
      "fcf_margin_change": -0.11024597495527733
    },
    {
      "date": "2022-09-30T00:00:00",
      "quarter_label": "2022-09 (Q3)",
      "revenue": 5146000,
      "gross_profit": 3712000,
      "operating_income": -3795000,
      "net_income": -3788000,
      "opex": 7507000,
      "cogs": 1434000,
      "rd": 2453000,
      "sga": 2915000,
      "fcf": -3921000,
      "ocf": -3852000,
      "capex": -69000,
      "gross_margin": 0.7213369607462107,
      "op_margin": -0.7374659930042752,
      "fcf_margin": -0.7619510299261563,
      "rev_growth_yoy": 0.12505465675557498,
      "rev_growth_yoy_accel": -0.39853163096783556,
      "fcf_margin_change": 0.21054897007384377
    },
    {
      "date": "2022-12-31T00:00:00",
      "quarter_label": "2022-12 (Q4)",
      "revenue": 5174000,
      "gross_profit": 3316000,
      "operating_income": -4469000,
      "net_income": -4385000,
      "opex": 7785000,
      "cogs": 1858000,
      "rd": 3624000,
      "sga": 974000,
      "fcf": -3104000,
      "ocf": -3065000,
      "capex": -39000,
      "gross_margin": 0.6408967916505605,
      "op_margin": -0.8637417858523386,
      "fcf_margin": -0.5999226903749517,
      "rev_growth_yoy": 0.20831387202241944,
      "rev_growth_yoy_accel": 0.08325921526684446,
      "fcf_margin_change": 0.16202833955120455
    },
    {
      "date": "2023-03-31T00:00:00",
      "quarter_label": "2023-03 (Q1)",
      "revenue": 5433000,
      "gross_profit": 3202000,
      "operating_income": -5712000,
      "net_income": -5609000,
      "opex": 8914000,
      "cogs": 2231000,
      "rd": 3023000,
      "sga": 2958000,
      "fcf": -5818000,
      "ocf": -5680000,
      "capex": -138000,
      "gross_margin": 0.5893613105098472,
      "op_margin": -1.0513528437327444,
      "fcf_margin": -1.0708632431437513,
      "rev_growth_yoy": 0.07990459153249851,
      "rev_growth_yoy_accel": -0.12840928048992092,
      "op_leverage_ratio": 0.34517395179207344,
      "fcf_margin_change": -0.47094055276879954
    },
    {
      "date": "2023-06-30T00:00:00",
      "quarter_label": "2023-06 (Q2)",
      "revenue": 5950000,
      "gross_profit": 3126000,
      "operating_income": -7131000,
      "net_income": -7052000,
      "opex": 10257000,
      "cogs": 2824000,
      "rd": 3605000,
      "sga": 3178000,
      "fcf": -5398000,
      "ocf": -5075000,
      "capex": -323000,
      "gross_margin": 0.5253781512605042,
      "op_margin": -1.1984873949579833,
      "fcf_margin": -0.9072268907563025,
      "rev_growth_yoy": 0.14423076923076922,
      "rev_growth_yoy_accel": 0.0643261776982707,
      "op_leverage_ratio": 0.631607757068816,
      "fcf_margin_change": 0.16363635238744878
    },
    {
      "date": "2023-09-30T00:00:00",
      "quarter_label": "2023-09 (Q3)",
      "revenue": 5762000,
      "gross_profit": 3273000,
      "operating_income": -4897000,
      "net_income": -4809000,
      "opex": 8170000,
      "cogs": 2489000,
      "rd": 2429000,
      "sga": 2900000,
      "fcf": -2031000,
      "ocf": -1796000,
      "capex": -235000,
      "gross_margin": 0.5680319333564734,
      "op_margin": -0.8498785144047206,
      "fcf_margin": -0.3524817771607081,
      "rev_growth_yoy": 0.11970462495141858,
      "rev_growth_yoy_accel": -0.02452614427935064,
      "fcf_margin_change": 0.5547451135955943
    },
    {
      "date": "2023-12-31T00:00:00",
      "quarter_label": "2023-12 (Q4)",
      "revenue": 6810000,
      "gross_profit": 4013000,
      "operating_income": -4706000,
      "net_income": -4619000,
      "opex": 8719000,
      "cogs": 2797000,
      "rd": 2652000,
      "sga": 2720000,
      "fcf": -1190000,
      "ocf": -1169000,
      "capex": -21000,
      "gross_margin": 0.58928046989721,
      "op_margin": -0.6910425844346549,
      "fcf_margin": -0.17474302496328928,
      "incr_op_margin_yoy": -0.14486552567237163,
      "rev_growth_yoy": 0.3161963664476227,
      "rev_growth_yoy_accel": 0.19649174149620413,
      "op_leverage_ratio": 2.7066851534676344,
      "fcf_margin_change": 0.17773875219741883
    },
    {
      "date": "2024-03-31T00:00:00",
      "quarter_label": "2024-03 (Q1)",
      "revenue": 7639000,
      "gross_profit": 4525000,
      "operating_income": -4231000,
      "net_income": -4146000,
      "opex": 8756000,
      "cogs": 3114000,
      "rd": 2625000,
      "sga": 2841000,
      "fcf": -3840000,
      "ocf": -3840000,
      "capex": null,
      "gross_margin": 0.5923550202906139,
      "op_margin": -0.5538683073700746,
      "fcf_margin": -0.5026835973294934,
      "incr_op_margin_yoy": 0.671350861287398,
      "rev_growth_yoy": 0.406037180195104,
      "rev_growth_yoy_accel": 0.08984081374748126,
      "op_leverage_ratio": 28.686157082192327,
      "fcf_margin_change": -0.3279405723662041
    },
    {
      "date": "2024-06-30T00:00:00",
      "quarter_label": "2024-06 (Q2)",
      "revenue": 7858000,
      "gross_profit": 4988000,
      "operating_income": -4739000,
      "net_income": -4408000,
      "opex": 9727000,
      "cogs": 2870000,
      "rd": 3120000,
      "sga": 2773000,
      "fcf": -2668000,
      "ocf": -2668000,
      "capex": null,
      "gross_margin": 0.6347671163145838,
      "op_margin": -0.6030796640366506,
      "fcf_margin": -0.33952659709849836,
      "incr_op_margin_yoy": 1.2536687631027255,
      "rev_growth_yoy": 0.320672268907563,
      "rev_growth_yoy_accel": -0.08536491128754098,
      "op_leverage_ratio": 0.2585199884219267,
      "fcf_margin_change": 0.16315700023099505
    },
    {
      "date": "2024-09-30T00:00:00",
      "quarter_label": "2024-09 (Q3)",
      "revenue": 8122000,
      "gross_profit": 4847000,
      "operating_income": -5172000,
      "net_income": -4974000,
      "opex": 10019000,
      "cogs": 3275000,
      "rd": 3315000,
      "sga": 3155000,
      "fcf": -1211000,
      "ocf": -1199000,
      "capex": -12000,
      "gross_margin": 0.5967741935483871,
      "op_margin": -0.636788968234425,
      "fcf_margin": -0.14910120659935977,
      "incr_op_margin_yoy": -0.11652542372881355,
      "rev_growth_yoy": 0.409580006942034,
      "rev_growth_yoy_accel": 0.088907738034471,
      "op_leverage_ratio": 1.119149143879198,
      "fcf_margin_change": 0.1904253904991386
    },
    {
      "date": "2024-12-31T00:00:00",
      "quarter_label": "2024-12 (Q4)",
      "revenue": 7771000,
      "gross_profit": 4762000,
      "operating_income": -5604000,
      "net_income": -5386000,
      "opex": 10366000,
      "cogs": 3009000,
      "rd": 3332000,
      "sga": 3229000,
      "fcf": -1556000,
      "ocf": -1293000,
      "capex": -263000,
      "gross_margin": 0.612791146570583,
      "op_margin": -0.7211427100759233,
      "fcf_margin": -0.20023163042079525,
      "rev_growth_yoy": 0.14111600587371512,
      "rev_growth_yoy_accel": -0.2684640010683189,
      "fcf_margin_change": -0.05113042382143548
    },
    {
      "date": "2025-03-31T00:00:00",
      "quarter_label": "2025-03 (Q1)",
      "revenue": 8485000,
      "gross_profit": 5132000,
      "operating_income": -6163000,
      "net_income": -6026000,
      "opex": 11295000,
      "cogs": 3353000,
      "rd": 3379000,
      "sga": 4082000,
      "fcf": -6355000,
      "ocf": -6172000,
      "capex": -183000,
      "gross_margin": 0.6048320565704184,
      "op_margin": -0.7263406010606953,
      "fcf_margin": -0.7489687684148497,
      "rev_growth_yoy": 0.11074748003665401,
      "rev_growth_yoy_accel": -0.03036852583706111,
      "op_leverage_ratio": 1.025219347304204,
      "fcf_margin_change": -0.5487371379940544
    },
    {
      "date": "2025-06-30T00:00:00",
      "quarter_label": "2025-06 (Q2)",
      "revenue": 9215000,
      "gross_profit": 5556000,
      "operating_income": -5680000,
      "net_income": -5837000,
      "opex": 11236000,
      "cogs": 3659000,
      "rd": 3829000,
      "sga": 3388000,
      "fcf": -2643000,
      "ocf": -2552000,
      "capex": -91000,
      "gross_margin": 0.602930005425936,
      "op_margin": -0.6163863266413456,
      "fcf_margin": -0.2868149755832881,
      "incr_op_margin_yoy": -0.6934414148857775,
      "rev_growth_yoy": 0.1726902519725121,
      "rev_growth_yoy_accel": 0.06194277193585808,
      "op_leverage_ratio": Infinity,
      "fcf_margin_change": 0.4621537928315616
    },
    {
      "date": "2025-09-30T00:00:00",
      "quarter_label": "2025-09 (Q3)",
      "revenue": 8861000,
      "gross_profit": 5600000,
      "operating_income": -5276000,
      "net_income": -5891000,
      "opex": 10876000,
      "cogs": 3261000,
      "rd": 3452000,
      "sga": 3586000,
      "fcf": -3320000,
      "ocf": -3121000,
      "capex": -199000,
      "gross_margin": 0.6319828461798894,
      "op_margin": -0.5954181243651958,
      "fcf_margin": -0.37467554452093443,
      "rev_growth_yoy": 0.09098744151686777,
      "rev_growth_yoy_accel": -0.08170281045564431,
      "fcf_margin_change": -0.08786056893764632
    }
  ],
  "signals": [
    {
      "quarter": "2025-09 (Q3)",
      "signal": "GROSS MARGIN INFLECTION",
      "detail": "GM: +60.5% -> +60.3% -> +63.2% (reversal +2.9%)",
      "severity": "MEDIUM"
    },
    {
      "quarter": "2025-09 (Q3)",
      "signal": "YoY REVENUE GROWTH DECELERATION",
      "detail": "YoY growth: +9.1% vs prior quarter YoY: +17.3% (decel: -8.2%)",
      "severity": "WARNING"
    },
    {
      "quarter": "2025-06 (Q2)",
      "signal": "FCF MARGIN EXPANSION",
      "detail": "FCF margin: -74.9% -> -28.7% (+46.2%)",
      "severity": "MEDIUM"
    },
    {
      "quarter": "2025-06 (Q2)",
      "signal": "YoY REVENUE GROWTH ACCELERATION",
      "detail": "YoY growth: +17.3% vs prior quarter YoY: +11.1% (accel: +6.2%)",
      "severity": "MEDIUM"
    },
    {
      "quarter": "2024-12 (Q4)",
      "signal": "YoY REVENUE GROWTH DECELERATION",
      "detail": "YoY growth: +14.1% vs prior quarter YoY: +41.0% (decel: -26.8%)",
      "severity": "WARNING"
    },
    {
      "quarter": "2024-09 (Q3)",
      "signal": "FCF MARGIN EXPANSION",
      "detail": "FCF margin: -34.0% -> -14.9% (+19.0%)",
      "severity": "MEDIUM"
    },
    {
      "quarter": "2024-09 (Q3)",
      "signal": "YoY REVENUE GROWTH ACCELERATION",
      "detail": "YoY growth: +41.0% vs prior quarter YoY: +32.1% (accel: +8.9%)",
      "severity": "MEDIUM"
    },
    {
      "quarter": "2024-06 (Q2)",
      "signal": "FCF MARGIN EXPANSION",
      "detail": "FCF margin: -50.3% -> -34.0% (+16.3%)",
      "severity": "MEDIUM"
    },
    {
      "quarter": "2024-06 (Q2)",
      "signal": "YoY REVENUE GROWTH DECELERATION",
      "detail": "YoY growth: +32.1% vs prior quarter YoY: +40.6% (decel: -8.5%)",
      "severity": "WARNING"
    },
    {
      "quarter": "2024-03 (Q1)",
      "signal": "OPERATING LEVERAGE",
      "detail": "Rev growth +12.2% vs OpEx growth +0.4% (leverage: 28.7x)",
      "severity": "MEDIUM"
    },
    {
      "quarter": "2024-03 (Q1)",
      "signal": "YoY REVENUE GROWTH ACCELERATION",
      "detail": "YoY growth: +40.6% vs prior quarter YoY: +31.6% (accel: +9.0%)",
      "severity": "MEDIUM"
    },
    {
      "quarter": "2023-12 (Q4)",
      "signal": "FCF MARGIN EXPANSION",
      "detail": "FCF margin: -35.2% -> -17.5% (+17.8%)",
      "severity": "MEDIUM"
    },
    {
      "quarter": "2023-12 (Q4)",
      "signal": "OPERATING LEVERAGE",
      "detail": "Rev growth +18.2% vs OpEx growth +6.7% (leverage: 2.7x)",
      "severity": "MEDIUM"
    },
    {
      "quarter": "2023-12 (Q4)",
      "signal": "YoY REVENUE GROWTH ACCELERATION",
      "detail": "YoY growth: +31.6% vs prior quarter YoY: +12.0% (accel: +19.6%)",
      "severity": "HIGH"
    },
    {
      "quarter": "2023-09 (Q3)",
      "signal": "FCF MARGIN EXPANSION",
      "detail": "FCF margin: -90.7% -> -35.2% (+55.5%)",
      "severity": "MEDIUM"
    },
    {
      "quarter": "2023-09 (Q3)",
      "signal": "GROSS MARGIN INFLECTION",
      "detail": "GM: +58.9% -> +52.5% -> +56.8% (reversal +4.3%)",
      "severity": "MEDIUM"
    },
    {
      "quarter": "2023-06 (Q2)",
      "signal": "FCF MARGIN EXPANSION",
      "detail": "FCF margin: -107.1% -> -90.7% (+16.4%)",
      "severity": "MEDIUM"
    },
    {
      "quarter": "2023-06 (Q2)",
      "signal": "YoY REVENUE GROWTH ACCELERATION",
      "detail": "YoY growth: +14.4% vs prior quarter YoY: +8.0% (accel: +6.4%)",
      "severity": "MEDIUM"
    },
    {
      "quarter": "2023-03 (Q1)",
      "signal": "YoY REVENUE GROWTH DECELERATION",
      "detail": "YoY growth: +8.0% vs prior quarter YoY: +20.8% (decel: -12.8%)",
      "severity": "WARNING"
    },
    {
      "quarter": "2022-12 (Q4)",
      "signal": "FCF MARGIN EXPANSION",
      "detail": "FCF margin: -76.2% -> -60.0% (+16.2%)",
      "severity": "MEDIUM"
    },
    {
      "quarter": "2022-12 (Q4)",
      "signal": "YoY REVENUE GROWTH ACCELERATION",
      "detail": "YoY growth: +20.8% vs prior quarter YoY: +12.5% (accel: +8.3%)",
      "severity": "MEDIUM"
    },
    {
      "quarter": "2022-09 (Q3)",
      "signal": "FCF MARGIN EXPANSION",
      "detail": "FCF margin: -97.2% -> -76.2% (+21.1%)",
      "severity": "MEDIUM"
    },
    {
      "quarter": "2022-09 (Q3)",
      "signal": "GROSS MARGIN INFLECTION",
      "detail": "GM: +64.5% -> +62.6% -> +72.1% (reversal +9.5%)",
      "severity": "HIGH"
    },
    {
      "quarter": "2022-09 (Q3)",
      "signal": "YoY REVENUE GROWTH DECELERATION",
      "detail": "YoY growth: +12.5% vs prior quarter YoY: +52.4% (decel: -39.9%)",
      "severity": "WARNING"
    },
    {
      "quarter": "2022-06 (Q2)",
      "signal": "YoY REVENUE GROWTH ACCELERATION",
      "detail": "YoY growth: +52.4% vs prior quarter YoY: +24.8% (accel: +27.5%)",
      "severity": "HIGH"
    },
    {
      "quarter": "2022-03 (Q1)",
      "signal": "YoY REVENUE GROWTH ACCELERATION",
      "detail": "YoY growth: +24.8% vs prior quarter YoY: +15.2% (accel: +9.6%)",
      "severity": "MEDIUM"
    },
    {
      "quarter": "2021-09 (Q3)",
      "signal": "FCF MARGIN EXPANSION",
      "detail": "FCF margin: -107.9% -> -74.8% (+33.1%)",
      "severity": "MEDIUM"
    },
    {
      "quarter": "2021-09 (Q3)",
      "signal": "OPERATING LEVERAGE",
      "detail": "Rev growth +34.0% vs OpEx growth +21.0% (leverage: 1.6x)",
      "severity": "MEDIUM"
    },
    {
      "quarter": "2021-06 (Q2)",
      "signal": "GROSS MARGIN INFLECTION",
      "detail": "GM: +71.1% -> +64.9% -> +67.1% (reversal +2.2%)",
      "severity": "MEDIUM"
    },
    {
      "quarter": "2021-03 (Q1)",
      "signal": "FCF MARGIN EXPANSION",
      "detail": "FCF margin: -64.6% -> -53.9% (+10.7%)",
      "severity": "MEDIUM"
    }
  ],
  "data_quality": {
    "n_quarters": 20,
    "coverage": {
      "revenue": [
        20,
        20
      ],
      "gross_profit": [
        20,
        20
      ],
      "op_income": [
        20,
        20
      ],
      "fcf": [
        20,
        20
      ]
    },
    "gaps": [],
    "warnings": []
  },
  "market_cap": null,
  "source": "SEC EDGAR",
  "last_updated": "2026-02-02T22:32:03.936406",
  "sector": "Healthcare",
  "industry": "Medical Devices"
}