{
  "ticker": "CLVT",
  "name": "CLARIVATE PLC",
  "quarters": [
    {
      "date": "2020-12-31T00:00:00",
      "quarter_label": "2020-12 (Q4)",
      "revenue": 455595000,
      "gross_profit": 285422000,
      "operating_income": 29531000,
      "net_income": 6415000,
      "opex": 426064000,
      "cogs": 170173000,
      "rd": null,
      "sga": 287007000,
      "fcf": 106375000,
      "ocf": 135478000,
      "capex": -29103000,
      "gross_margin": 0.6264818534004982,
      "op_margin": 0.0648185340049825,
      "fcf_margin": 0.23348588110053886
    },
    {
      "date": "2021-03-31T00:00:00",
      "quarter_label": "2021-03 (Q1)",
      "revenue": 428430000,
      "gross_profit": 280530000,
      "operating_income": -34207000,
      "net_income": -23954000,
      "opex": 462637000,
      "cogs": 147900000,
      "rd": null,
      "sga": 111345000,
      "fcf": 141000000,
      "ocf": 174000000,
      "capex": -33000000,
      "gross_margin": 0.654786079406204,
      "op_margin": -0.07984268141820133,
      "fcf_margin": 0.3291086058399272,
      "fcf_margin_change": 0.09562272473938832
    },
    {
      "date": "2021-06-30T00:00:00",
      "quarter_label": "2021-06 (Q2)",
      "revenue": 445645000,
      "gross_profit": 309038000,
      "operating_income": -11752000,
      "net_income": -82210000,
      "opex": 457397000,
      "cogs": 136607000,
      "rd": null,
      "sga": 149814000,
      "fcf": 58700000,
      "ocf": 87700000,
      "capex": -29000000,
      "gross_margin": 0.6934622850026366,
      "op_margin": -0.026370765968427783,
      "fcf_margin": 0.1317191935284812,
      "op_leverage_ratio": Infinity,
      "fcf_margin_change": -0.197389412311446
    },
    {
      "date": "2021-09-30T00:00:00",
      "quarter_label": "2021-09 (Q3)",
      "revenue": 442117000,
      "gross_profit": 301006000,
      "operating_income": 9072000,
      "net_income": 23312000,
      "opex": 433045000,
      "cogs": 141111000,
      "rd": null,
      "sga": 141219000,
      "fcf": 19600000,
      "ocf": 43800000,
      "capex": -24200000,
      "gross_margin": 0.6808288303774792,
      "op_margin": 0.020519455257318762,
      "fcf_margin": 0.044332156420133134,
      "fcf_margin_change": -0.08738703710834805
    },
    {
      "date": "2021-12-31T00:00:00",
      "quarter_label": "2021-12 (Q4)",
      "revenue": 560702000,
      "gross_profit": 351057000,
      "operating_income": 31925000,
      "net_income": -187596000,
      "opex": 610795000,
      "cogs": 209645000,
      "rd": null,
      "sga": 240611000,
      "fcf": -14000000,
      "ocf": 18300000,
      "capex": -32300000,
      "gross_margin": 0.6261026356246276,
      "op_margin": 0.056937553281422214,
      "fcf_margin": -0.024968699951132687,
      "incr_op_margin_yoy": 0.022776789367025985,
      "rev_growth_yoy": 0.2307027074485014,
      "op_leverage_ratio": 0.6534554171494281,
      "fcf_margin_change": -0.06930085637126582
    },
    {
      "date": "2022-03-31T00:00:00",
      "quarter_label": "2022-03 (Q1)",
      "revenue": 662200000,
      "gross_profit": 413000000,
      "operating_income": 44900000,
      "net_income": 69500000,
      "opex": 617300000,
      "cogs": 249200000,
      "rd": null,
      "sga": 193700000,
      "fcf": 26000000,
      "ocf": 67400000,
      "capex": -41400000,
      "gross_margin": 0.6236786469344608,
      "op_margin": 0.0678042887345213,
      "fcf_margin": 0.03926306251887647,
      "incr_op_margin_yoy": 0.3383967147195962,
      "rev_growth_yoy": 0.5456433956538991,
      "rev_growth_yoy_accel": 0.31494068820539767,
      "op_leverage_ratio": 16.997049992105126,
      "fcf_margin_change": 0.06423176247000915
    },
    {
      "date": "2022-06-30T00:00:00",
      "quarter_label": "2022-06 (Q2)",
      "revenue": 686600000,
      "gross_profit": 442500000,
      "operating_income": 86200000,
      "net_income": 62400000,
      "opex": 600400000,
      "cogs": 244100000,
      "rd": null,
      "sga": 186100000,
      "fcf": 49500000,
      "ocf": 97200000,
      "capex": -47700000,
      "gross_margin": 0.6444800466064666,
      "op_margin": 0.12554616953102243,
      "fcf_margin": 0.07209437809496068,
      "incr_op_margin_yoy": 0.4065157394534249,
      "rev_growth_yoy": 0.5406882159566471,
      "rev_growth_yoy_accel": -0.00495517969725201,
      "op_leverage_ratio": Infinity,
      "fcf_margin_change": 0.03283131557608421
    },
    {
      "date": "2022-09-30T00:00:00",
      "quarter_label": "2022-09 (Q3)",
      "revenue": 635700000,
      "gross_profit": 412000000,
      "operating_income": -4375200000,
      "net_income": -4415500000,
      "opex": 5010900000,
      "cogs": 223700000,
      "rd": null,
      "sga": 169500000,
      "fcf": 140400000,
      "ocf": 207800000,
      "capex": -67400000,
      "gross_margin": 0.6481044517854334,
      "op_margin": -6.882491741387447,
      "fcf_margin": 0.22085889570552147,
      "incr_op_margin_yoy": -22.648021778771895,
      "rev_growth_yoy": 0.43785468552442003,
      "rev_growth_yoy_accel": -0.10283353043222704,
      "fcf_margin_change": 0.1487645176105608
    },
    {
      "date": "2022-12-31T00:00:00",
      "quarter_label": "2022-12 (Q4)",
      "revenue": 675300000,
      "gross_profit": 438300000,
      "operating_income": 318500000,
      "net_income": 323400000,
      "opex": 356800000,
      "cogs": 237000000,
      "rd": null,
      "sga": 180600000,
      "fcf": 90500000,
      "ocf": 136900000,
      "capex": -46400000,
      "gross_margin": 0.6490448689471346,
      "op_margin": 0.47164223308159337,
      "fcf_margin": 0.1340145120687102,
      "incr_op_margin_yoy": 2.5006980924623465,
      "rev_growth_yoy": 0.20438307692856456,
      "rev_growth_yoy_accel": -0.23347160859585547,
      "op_leverage_ratio": Infinity,
      "fcf_margin_change": -0.08684438363681127
    },
    {
      "date": "2023-03-31T00:00:00",
      "quarter_label": "2023-03 (Q1)",
      "revenue": 629100000,
      "gross_profit": 399400000,
      "operating_income": 54600000,
      "net_income": 43500000,
      "opex": 574500000,
      "cogs": 229700000,
      "rd": null,
      "sga": 194800000,
      "fcf": 168200000,
      "ocf": 227500000,
      "capex": -59300000,
      "gross_margin": 0.6348752185662057,
      "op_margin": 0.08679065331425846,
      "fcf_margin": 0.2673660785248768,
      "incr_op_margin_yoy": -0.2930513595166163,
      "rev_growth_yoy": -0.049984898822108124,
      "rev_growth_yoy_accel": -0.25436797575067266,
      "fcf_margin_change": 0.1333515664561666
    },
    {
      "date": "2023-06-30T00:00:00",
      "quarter_label": "2023-06 (Q2)",
      "revenue": 668800000,
      "gross_profit": 444600000,
      "operating_income": -88300000,
      "net_income": -123100000,
      "opex": 757100000,
      "cogs": 224200000,
      "rd": null,
      "sga": 192900000,
      "fcf": 104800000,
      "ocf": 162400000,
      "capex": -57600000,
      "gross_margin": 0.6647727272727273,
      "op_margin": -0.1320275119617225,
      "fcf_margin": 0.15669856459330145,
      "incr_op_margin_yoy": 9.803370786516854,
      "rev_growth_yoy": -0.025924847072531315,
      "rev_growth_yoy_accel": 0.02406005174957681,
      "op_leverage_ratio": 0.1985455151337565,
      "fcf_margin_change": -0.11066751393157537
    },
    {
      "date": "2023-09-30T00:00:00",
      "quarter_label": "2023-09 (Q3)",
      "revenue": 647200000,
      "gross_profit": 426600000,
      "operating_income": 87200000,
      "net_income": 12300000,
      "opex": 560000000,
      "cogs": 220600000,
      "rd": null,
      "sga": 171900000,
      "fcf": 101700000,
      "ocf": 163400000,
      "capex": -61700000,
      "gross_margin": 0.6591470951792336,
      "op_margin": 0.13473423980222496,
      "fcf_margin": 0.15713844252163164,
      "incr_op_margin_yoy": 388.03478260869565,
      "rev_growth_yoy": 0.018090294163913796,
      "rev_growth_yoy_accel": 0.04401514123644511,
      "fcf_margin_change": 0.0004398779283301957
    },
    {
      "date": "2023-12-31T00:00:00",
      "quarter_label": "2023-12 (Q4)",
      "revenue": 683700000,
      "gross_profit": 452100000,
      "operating_income": -788200000,
      "net_income": -843900000,
      "opex": 1471900000,
      "cogs": 231600000,
      "rd": null,
      "sga": 180400000,
      "fcf": 127000000,
      "ocf": 190900000,
      "capex": -63900000,
      "gross_margin": 0.6612549363756033,
      "op_margin": -1.1528448149773292,
      "fcf_margin": 0.1857539856662279,
      "incr_op_margin_yoy": -131.75,
      "rev_growth_yoy": 0.012438916037316748,
      "rev_growth_yoy_accel": -0.005651378126597047,
      "op_leverage_ratio": 0.03463340305649609,
      "fcf_margin_change": 0.028615543144596245
    },
    {
      "date": "2024-03-31T00:00:00",
      "quarter_label": "2024-03 (Q1)",
      "revenue": 621200000,
      "gross_profit": 403400000,
      "operating_income": 5000000,
      "net_income": -75000000,
      "opex": 616200000,
      "cogs": 217800000,
      "rd": null,
      "sga": 191900000,
      "fcf": 111800000,
      "ocf": 176200000,
      "capex": -64400000,
      "gross_margin": 0.6493882807469414,
      "op_margin": 0.008048937540244688,
      "fcf_margin": 0.17997424339987123,
      "incr_op_margin_yoy": 6.2784810126582276,
      "rev_growth_yoy": -0.012557621999682085,
      "rev_growth_yoy_accel": -0.024996538036998833,
      "fcf_margin_change": -0.005779742266356663
    },
    {
      "date": "2024-06-30T00:00:00",
      "quarter_label": "2024-06 (Q2)",
      "revenue": 650300000,
      "gross_profit": 436700000,
      "operating_income": -240000000,
      "net_income": -304300000,
      "opex": 890300000,
      "cogs": 213600000,
      "rd": null,
      "sga": 185200000,
      "fcf": 60300000,
      "ocf": 126200000,
      "capex": -65900000,
      "gross_margin": 0.6715362140550515,
      "op_margin": -0.36906043364600954,
      "fcf_margin": 0.0927264339535599,
      "incr_op_margin_yoy": 8.2,
      "rev_growth_yoy": -0.027661483253588515,
      "rev_growth_yoy_accel": -0.01510386125390643,
      "op_leverage_ratio": 0.10531111243188208,
      "fcf_margin_change": -0.08724780944631133
    },
    {
      "date": "2024-09-30T00:00:00",
      "quarter_label": "2024-09 (Q3)",
      "revenue": 622200000,
      "gross_profit": 412100000,
      "operating_income": 21700000,
      "net_income": -65600000,
      "opex": 600500000,
      "cogs": 210100000,
      "rd": null,
      "sga": 169700000,
      "fcf": 126300000,
      "ocf": 202900000,
      "capex": -76600000,
      "gross_margin": 0.6623272259723562,
      "op_margin": 0.03487624558019929,
      "fcf_margin": 0.2029893924783028,
      "incr_op_margin_yoy": 2.62,
      "rev_growth_yoy": -0.03862793572311496,
      "rev_growth_yoy_accel": -0.010966452469526444,
      "fcf_margin_change": 0.11026295852474291
    },
    {
      "date": "2024-12-31T00:00:00",
      "quarter_label": "2024-12 (Q4)",
      "revenue": 663000000,
      "gross_profit": 435300000,
      "operating_income": -62300000,
      "net_income": -191800000,
      "opex": 725300000,
      "cogs": 227700000,
      "rd": null,
      "sga": 180800000,
      "fcf": 59100000,
      "ocf": 141300000,
      "capex": -82200000,
      "gross_margin": 0.6565610859728507,
      "op_margin": -0.09396681749622926,
      "fcf_margin": 0.08914027149321267,
      "incr_op_margin_yoy": -35.067632850241544,
      "rev_growth_yoy": -0.030276437033786747,
      "rev_growth_yoy_accel": 0.008351498689328211,
      "op_leverage_ratio": 0.3155212274064733,
      "fcf_margin_change": -0.11384912098509013
    },
    {
      "date": "2025-03-31T00:00:00",
      "quarter_label": "2025-03 (Q1)",
      "revenue": 593700000,
      "gross_profit": 386700000,
      "operating_income": -20800000,
      "net_income": -103900000,
      "opex": 614500000,
      "cogs": 207000000,
      "rd": null,
      "sga": 178400000,
      "fcf": 110300000,
      "ocf": 171200000,
      "capex": -60900000,
      "gross_margin": 0.6513390601313794,
      "op_margin": -0.03503452922351356,
      "fcf_margin": 0.18578406602661277,
      "incr_op_margin_yoy": 0.9381818181818182,
      "rev_growth_yoy": -0.044269156471345786,
      "rev_growth_yoy_accel": -0.013992719437559038,
      "fcf_margin_change": 0.0966437945334001
    },
    {
      "date": "2025-06-30T00:00:00",
      "quarter_label": "2025-06 (Q2)",
      "revenue": 621400000,
      "gross_profit": 417800000,
      "operating_income": 6900000,
      "net_income": -72000000,
      "opex": 614500000,
      "cogs": 203600000,
      "rd": null,
      "sga": 181100000,
      "fcf": 50300000,
      "ocf": 116300000,
      "capex": -66000000,
      "gross_margin": 0.6723527518506598,
      "op_margin": 0.011103958802703573,
      "fcf_margin": 0.08094625040231734,
      "incr_op_margin_yoy": -8.543252595155709,
      "rev_growth_yoy": -0.04444102721820698,
      "rev_growth_yoy_accel": -0.00017187074686119547,
      "op_leverage_ratio": Infinity,
      "fcf_margin_change": -0.10483781562429542
    },
    {
      "date": "2025-09-30T00:00:00",
      "quarter_label": "2025-09 (Q3)",
      "revenue": 623100000,
      "gross_profit": 404900000,
      "operating_income": 44000000,
      "net_income": -28300000,
      "opex": 579100000,
      "cogs": 218200000,
      "rd": null,
      "sga": 170000000,
      "fcf": 115500000,
      "ocf": 181100000,
      "capex": -65600000,
      "gross_margin": 0.6498154389343604,
      "op_margin": 0.07061466859252126,
      "fcf_margin": 0.18536350505536833,
      "rev_growth_yoy": 0.0014464802314368371,
      "rev_growth_yoy_accel": 0.045887507449643816,
      "fcf_margin_change": 0.10441725465305099
    }
  ],
  "signals": [
    {
      "quarter": "2025-09 (Q3)",
      "signal": "FCF MARGIN EXPANSION",
      "detail": "FCF margin: +8.1% -> +18.5% (+10.4%)",
      "severity": "MEDIUM"
    },
    {
      "quarter": "2025-06 (Q2)",
      "signal": "GROSS MARGIN INFLECTION",
      "detail": "GM: +65.7% -> +65.1% -> +67.2% (reversal +2.1%)",
      "severity": "MEDIUM"
    },
    {
      "quarter": "2025-06 (Q2)",
      "signal": "OP MARGIN TURNED POSITIVE (YoY)",
      "detail": "Op margin: -36.9% (year-ago) -> +1.1%",
      "severity": "HIGH"
    },
    {
      "quarter": "2025-06 (Q2)",
      "signal": "OP MARGIN TURNED POSITIVE (QoQ)",
      "detail": "Op margin: -3.5% -> +1.1%",
      "severity": "HIGH"
    },
    {
      "quarter": "2025-03 (Q1)",
      "signal": "FCF MARGIN EXPANSION",
      "detail": "FCF margin: +8.9% -> +18.6% (+9.7%)",
      "severity": "MEDIUM"
    },
    {
      "quarter": "2024-09 (Q3)",
      "signal": "FCF MARGIN EXPANSION",
      "detail": "FCF margin: +9.3% -> +20.3% (+11.0%)",
      "severity": "MEDIUM"
    },
    {
      "quarter": "2024-09 (Q3)",
      "signal": "INCREMENTAL MARGIN (YoY)",
      "detail": "YoY Incr OPM: +262.0% vs year-ago OPM: +13.5%",
      "severity": "HIGH"
    },
    {
      "quarter": "2024-09 (Q3)",
      "signal": "OP MARGIN TURNED POSITIVE (QoQ)",
      "detail": "Op margin: -36.9% -> +3.5%",
      "severity": "HIGH"
    },
    {
      "quarter": "2024-06 (Q2)",
      "signal": "GROSS MARGIN INFLECTION",
      "detail": "GM: +66.1% -> +64.9% -> +67.2% (reversal +2.2%)",
      "severity": "MEDIUM"
    },
    {
      "quarter": "2024-03 (Q1)",
      "signal": "INCREMENTAL MARGIN (YoY)",
      "detail": "YoY Incr OPM: +627.8% vs year-ago OPM: +8.7%",
      "severity": "HIGH"
    },
    {
      "quarter": "2024-03 (Q1)",
      "signal": "OP MARGIN TURNED POSITIVE (QoQ)",
      "detail": "Op margin: -115.3% -> +0.8%",
      "severity": "HIGH"
    },
    {
      "quarter": "2023-09 (Q3)",
      "signal": "OP MARGIN TURNED POSITIVE (YoY)",
      "detail": "Op margin: -688.2% (year-ago) -> +13.5%",
      "severity": "HIGH"
    },
    {
      "quarter": "2023-09 (Q3)",
      "signal": "OP MARGIN TURNED POSITIVE (QoQ)",
      "detail": "Op margin: -13.2% -> +13.5%",
      "severity": "HIGH"
    },
    {
      "quarter": "2023-06 (Q2)",
      "signal": "GROSS MARGIN INFLECTION",
      "detail": "GM: +64.9% -> +63.5% -> +66.5% (reversal +3.0%)",
      "severity": "MEDIUM"
    },
    {
      "quarter": "2023-03 (Q1)",
      "signal": "FCF MARGIN EXPANSION",
      "detail": "FCF margin: +13.4% -> +26.7% (+13.3%)",
      "severity": "MEDIUM"
    },
    {
      "quarter": "2023-03 (Q1)",
      "signal": "YoY REVENUE GROWTH DECELERATION",
      "detail": "YoY growth: -5.0% vs prior quarter YoY: +20.4% (decel: -25.4%)",
      "severity": "WARNING"
    },
    {
      "quarter": "2022-12 (Q4)",
      "signal": "YoY REVENUE GROWTH DECELERATION",
      "detail": "YoY growth: +20.4% vs prior quarter YoY: +43.8% (decel: -23.3%)",
      "severity": "WARNING"
    },
    {
      "quarter": "2022-12 (Q4)",
      "signal": "INCREMENTAL MARGIN (YoY)",
      "detail": "YoY Incr OPM: +250.1% vs year-ago OPM: +5.7%",
      "severity": "HIGH"
    },
    {
      "quarter": "2022-12 (Q4)",
      "signal": "OP MARGIN TURNED POSITIVE (QoQ)",
      "detail": "Op margin: -688.2% -> +47.2%",
      "severity": "HIGH"
    },
    {
      "quarter": "2022-09 (Q3)",
      "signal": "FCF MARGIN EXPANSION",
      "detail": "FCF margin: +7.2% -> +22.1% (+14.9%)",
      "severity": "MEDIUM"
    },
    {
      "quarter": "2022-09 (Q3)",
      "signal": "YoY REVENUE GROWTH DECELERATION",
      "detail": "YoY growth: +43.8% vs prior quarter YoY: +54.1% (decel: -10.3%)",
      "severity": "WARNING"
    },
    {
      "quarter": "2022-06 (Q2)",
      "signal": "GROSS MARGIN INFLECTION",
      "detail": "GM: +62.6% -> +62.4% -> +64.4% (reversal +2.1%)",
      "severity": "MEDIUM"
    },
    {
      "quarter": "2022-06 (Q2)",
      "signal": "OP MARGIN TURNED POSITIVE (YoY)",
      "detail": "Op margin: -2.6% (year-ago) -> +12.6%",
      "severity": "HIGH"
    },
    {
      "quarter": "2022-03 (Q1)",
      "signal": "FCF TURNED POSITIVE",
      "detail": "FCF margin: -2.5% -> +3.9%",
      "severity": "HIGH"
    },
    {
      "quarter": "2022-03 (Q1)",
      "signal": "OPERATING LEVERAGE",
      "detail": "Rev growth +18.1% vs OpEx growth +1.1% (leverage: 17.0x)",
      "severity": "MEDIUM"
    },
    {
      "quarter": "2022-03 (Q1)",
      "signal": "YoY REVENUE GROWTH ACCELERATION",
      "detail": "YoY growth: +54.6% vs prior quarter YoY: +23.1% (accel: +31.5%)",
      "severity": "HIGH"
    },
    {
      "quarter": "2022-03 (Q1)",
      "signal": "OP MARGIN TURNED POSITIVE (YoY)",
      "detail": "Op margin: -8.0% (year-ago) -> +6.8%",
      "severity": "HIGH"
    },
    {
      "quarter": "2021-09 (Q3)",
      "signal": "OP MARGIN TURNED POSITIVE (QoQ)",
      "detail": "Op margin: -2.6% -> +2.1%",
      "severity": "HIGH"
    },
    {
      "quarter": "2021-03 (Q1)",
      "signal": "FCF MARGIN EXPANSION",
      "detail": "FCF margin: +23.3% -> +32.9% (+9.6%)",
      "severity": "MEDIUM"
    }
  ],
  "data_quality": {
    "n_quarters": 20,
    "coverage": {
      "revenue": [
        20,
        20
      ],
      "gross_profit": [
        20,
        20
      ],
      "op_income": [
        20,
        20
      ],
      "fcf": [
        20,
        20
      ]
    },
    "gaps": [],
    "warnings": []
  },
  "market_cap": null,
  "source": "SEC EDGAR",
  "last_updated": "2026-02-02T21:38:29.622319"
}