{
  "ticker": "CLW",
  "name": "CLEARWATER PAPER CORPORATION",
  "quarters": [
    {
      "date": "2020-12-31T00:00:00",
      "quarter_label": "2020-12 (Q4)",
      "revenue": 452800000,
      "gross_profit": 76700000,
      "operating_income": 41900000,
      "net_income": 22600000,
      "opex": 410800000,
      "cogs": 376100000,
      "rd": null,
      "sga": 32600000,
      "fcf": 58800000,
      "ocf": 70900000,
      "capex": -12100000,
      "gross_margin": 0.1693904593639576,
      "op_margin": 0.09253533568904594,
      "fcf_margin": 0.12985865724381626
    },
    {
      "date": "2021-03-31T00:00:00",
      "quarter_label": "2021-03 (Q1)",
      "revenue": 425900000,
      "gross_profit": 55300000,
      "operating_income": 27100000,
      "net_income": 12100000,
      "opex": 398800000,
      "cogs": 370600000,
      "rd": null,
      "sga": 27800000,
      "fcf": 22700000,
      "ocf": 33800000,
      "capex": -11100000,
      "gross_margin": 0.12984268607654378,
      "op_margin": 0.06362996008452688,
      "fcf_margin": 0.0532988964545668,
      "fcf_margin_change": -0.07655976078924946
    },
    {
      "date": "2021-06-30T00:00:00",
      "quarter_label": "2021-06 (Q2)",
      "revenue": 406400000,
      "gross_profit": 14200000,
      "operating_income": -56600000,
      "net_income": -51600000,
      "opex": 463000000,
      "cogs": 392200000,
      "rd": null,
      "sga": 26300000,
      "fcf": 4400000,
      "ocf": 14300000,
      "capex": -9900000,
      "gross_margin": 0.034940944881889764,
      "op_margin": -0.1392716535433071,
      "fcf_margin": 0.010826771653543307,
      "fcf_margin_change": -0.04247212480102349
    },
    {
      "date": "2021-09-30T00:00:00",
      "quarter_label": "2021-09 (Q3)",
      "revenue": 450500000,
      "gross_profit": 52300000,
      "operating_income": 13800000,
      "net_income": 1900000,
      "opex": 436700000,
      "cogs": 398200000,
      "rd": null,
      "sga": 28300000,
      "fcf": 7400000,
      "ocf": 16300000,
      "capex": -8900000,
      "gross_margin": 0.11609322974472808,
      "op_margin": 0.030632630410654827,
      "fcf_margin": 0.016426193118756937,
      "op_leverage_ratio": Infinity,
      "fcf_margin_change": 0.00559942146521363
    },
    {
      "date": "2021-12-31T00:00:00",
      "quarter_label": "2021-12 (Q4)",
      "revenue": 489800000,
      "gross_profit": 60700000,
      "operating_income": 27600000,
      "net_income": 9500000,
      "opex": 462100000,
      "cogs": 429100000,
      "rd": null,
      "sga": 30400000,
      "fcf": 23500000,
      "ocf": 32000000,
      "capex": -8500000,
      "gross_margin": 0.12392813393221723,
      "op_margin": 0.05634953042057983,
      "fcf_margin": 0.04797876684360964,
      "incr_op_margin_yoy": -0.3864864864864865,
      "rev_growth_yoy": 0.08171378091872791,
      "op_leverage_ratio": 1.499847937986664,
      "fcf_margin_change": 0.031552573724852706
    },
    {
      "date": "2022-03-31T00:00:00",
      "quarter_label": "2022-03 (Q1)",
      "revenue": 488200000,
      "gross_profit": 66200000,
      "operating_income": 32900000,
      "net_income": 16600000,
      "opex": 455300000,
      "cogs": 422000000,
      "rd": null,
      "sga": 32800000,
      "fcf": 33200000,
      "ocf": 41100000,
      "capex": -7900000,
      "gross_margin": 0.1356001638672675,
      "op_margin": 0.06739041376485047,
      "fcf_margin": 0.0680049160180254,
      "incr_op_margin_yoy": 0.09309791332263243,
      "rev_growth_yoy": 0.14627846912420756,
      "rev_growth_yoy_accel": 0.06456468820547964,
      "fcf_margin_change": 0.02002614917441576
    },
    {
      "date": "2022-06-30T00:00:00",
      "quarter_label": "2022-06 (Q2)",
      "revenue": 526400000,
      "gross_profit": 71200000,
      "operating_income": 31500000,
      "net_income": 14700000,
      "opex": 494900000,
      "cogs": 455200000,
      "rd": null,
      "sga": 33900000,
      "fcf": 73100000,
      "ocf": 78500000,
      "capex": -5400000,
      "gross_margin": 0.135258358662614,
      "op_margin": 0.0598404255319149,
      "fcf_margin": 0.1388677811550152,
      "incr_op_margin_yoy": 0.7341666666666666,
      "rev_growth_yoy": 0.2952755905511811,
      "rev_growth_yoy_accel": 0.14899712142697352,
      "op_leverage_ratio": 0.8996385402571392,
      "fcf_margin_change": 0.07086286513698979
    },
    {
      "date": "2022-09-30T00:00:00",
      "quarter_label": "2022-09 (Q3)",
      "revenue": 538800000,
      "gross_profit": 84000000,
      "operating_income": 48900000,
      "net_income": 20600000,
      "opex": 489900000,
      "cogs": 454800000,
      "rd": null,
      "sga": 32900000,
      "fcf": 6600000,
      "ocf": 13300000,
      "capex": -6700000,
      "gross_margin": 0.155902004454343,
      "op_margin": 0.09075723830734966,
      "fcf_margin": 0.012249443207126948,
      "incr_op_margin_yoy": 0.39750849377123443,
      "rev_growth_yoy": 0.19600443951165372,
      "rev_growth_yoy_accel": -0.09927115103952736,
      "op_leverage_ratio": Infinity,
      "fcf_margin_change": -0.12661833794788824
    },
    {
      "date": "2022-12-31T00:00:00",
      "quarter_label": "2022-12 (Q4)",
      "revenue": 526800000,
      "gross_profit": 35400000,
      "operating_income": 600000,
      "net_income": -5900000,
      "opex": 526200000,
      "cogs": 491400000,
      "rd": null,
      "sga": 33400000,
      "fcf": 3800000,
      "ocf": 17400000,
      "capex": -13600000,
      "gross_margin": 0.06719817767653759,
      "op_margin": 0.0011389521640091116,
      "fcf_margin": 0.00721336370539104,
      "incr_op_margin_yoy": -0.7297297297297297,
      "rev_growth_yoy": 0.07554103715802368,
      "rev_growth_yoy_accel": -0.12046340235363004,
      "fcf_margin_change": -0.005036079501735908
    },
    {
      "date": "2023-03-31T00:00:00",
      "quarter_label": "2023-03 (Q1)",
      "revenue": 525400000,
      "gross_profit": 64200000,
      "operating_income": 39800000,
      "net_income": 23800000,
      "opex": 485600000,
      "cogs": 448500000,
      "rd": null,
      "sga": 36000000,
      "fcf": -30600000,
      "ocf": -9100000,
      "capex": -21500000,
      "gross_margin": 0.12219261515036163,
      "op_margin": 0.07575180814617434,
      "fcf_margin": -0.05824133993148078,
      "incr_op_margin_yoy": 0.18548387096774194,
      "rev_growth_yoy": 0.07619827939369112,
      "rev_growth_yoy_accel": 0.0006572422356674323,
      "fcf_margin_change": -0.06545470363687182
    },
    {
      "date": "2023-06-30T00:00:00",
      "quarter_label": "2023-06 (Q2)",
      "revenue": 524600000,
      "gross_profit": 49900000,
      "operating_income": 47300000,
      "net_income": 29700000,
      "opex": 477300000,
      "cogs": 438700000,
      "rd": null,
      "sga": 39100000,
      "fcf": 33200000,
      "ocf": 46000000,
      "capex": -12800000,
      "gross_margin": 0.0951200914982844,
      "op_margin": 0.09016393442622951,
      "fcf_margin": 0.06328631338162409,
      "incr_op_margin_yoy": -8.777777777777779,
      "rev_growth_yoy": -0.003419452887537994,
      "rev_growth_yoy_accel": -0.0796177322812291,
      "fcf_margin_change": 0.12152765331310486
    },
    {
      "date": "2023-09-30T00:00:00",
      "quarter_label": "2023-09 (Q3)",
      "revenue": 519900000,
      "gross_profit": 50700000,
      "operating_income": 54400000,
      "net_income": 36600000,
      "opex": 465500000,
      "cogs": 427400000,
      "rd": null,
      "sga": 36400000,
      "fcf": 74000000,
      "ocf": 88200000,
      "capex": -14200000,
      "gross_margin": 0.09751875360646278,
      "op_margin": 0.1046355068282362,
      "fcf_margin": 0.14233506443546837,
      "incr_op_margin_yoy": -0.291005291005291,
      "rev_growth_yoy": -0.03507795100222717,
      "rev_growth_yoy_accel": -0.03165849811468918,
      "fcf_margin_change": 0.07904875105384428
    },
    {
      "date": "2023-12-31T00:00:00",
      "quarter_label": "2023-12 (Q4)",
      "revenue": 268600000,
      "gross_profit": 35900000,
      "operating_income": 35600000,
      "net_income": 17600000,
      "opex": 477200000,
      "cogs": 437400000,
      "rd": null,
      "sga": 36800000,
      "fcf": 40500000,
      "ocf": 65700000,
      "capex": -25200000,
      "gross_margin": 0.1336559940431869,
      "op_margin": 0.1325390915860015,
      "fcf_margin": 0.1507818317200298,
      "incr_op_margin_yoy": -0.13555383423702555,
      "rev_growth_yoy": -0.49012908124525434,
      "rev_growth_yoy_accel": -0.4550511302430272,
      "fcf_margin_change": 0.008446767284561424
    },
    {
      "date": "2024-03-31T00:00:00",
      "quarter_label": "2024-03 (Q1)",
      "revenue": 496200000,
      "gross_profit": 33300000,
      "operating_income": 30400000,
      "net_income": 17200000,
      "opex": 465800000,
      "cogs": 421600000,
      "rd": null,
      "sga": 36200000,
      "fcf": 40700000,
      "ocf": 59200000,
      "capex": -18500000,
      "gross_margin": 0.06711003627569528,
      "op_margin": 0.06126561870213623,
      "fcf_margin": 0.08202337767029423,
      "incr_op_margin_yoy": 0.3219178082191781,
      "rev_growth_yoy": -0.055576703464027405,
      "rev_growth_yoy_accel": 0.4345523777812269,
      "op_leverage_ratio": Infinity,
      "fcf_margin_change": -0.06875845404973556
    },
    {
      "date": "2024-06-30T00:00:00",
      "quarter_label": "2024-06 (Q2)",
      "revenue": 586400000,
      "gross_profit": -2000000,
      "operating_income": -19500000,
      "net_income": -25800000,
      "opex": 605900000,
      "cogs": 550800000,
      "rd": null,
      "sga": 38000000,
      "fcf": 3000000,
      "ocf": 21100000,
      "capex": -18100000,
      "gross_margin": -0.0034106412005457027,
      "op_margin": -0.0332537517053206,
      "fcf_margin": 0.005115961800818554,
      "incr_op_margin_yoy": -1.080906148867314,
      "rev_growth_yoy": 0.11780404117422798,
      "rev_growth_yoy_accel": 0.17338074463825537,
      "op_leverage_ratio": 0.6043814503430929,
      "fcf_margin_change": -0.07690741586947568
    },
    {
      "date": "2024-09-30T00:00:00",
      "quarter_label": "2024-09 (Q3)",
      "revenue": 393300000,
      "gross_profit": 30100000,
      "operating_income": -1200000,
      "net_income": 5800000,
      "opex": 394500000,
      "cogs": 363200000,
      "rd": null,
      "sga": 31600000,
      "fcf": -30800000,
      "ocf": 16200000,
      "capex": -47000000,
      "gross_margin": 0.07653190948385456,
      "op_margin": -0.0030511060259344014,
      "fcf_margin": -0.0783117213323163,
      "incr_op_margin_yoy": 0.4391785150078989,
      "rev_growth_yoy": -0.24350836699365264,
      "rev_growth_yoy_accel": -0.3613124081678806,
      "fcf_margin_change": -0.08342768313313485
    },
    {
      "date": "2024-12-31T00:00:00",
      "quarter_label": "2024-12 (Q4)",
      "revenue": 387100000,
      "gross_profit": 14700000,
      "operating_income": -15600000,
      "net_income": 199100000,
      "opex": 402700000,
      "cogs": 372400000,
      "rd": null,
      "sga": 26700000,
      "fcf": -68100000,
      "ocf": -35100000,
      "capex": -33000000,
      "gross_margin": 0.0379746835443038,
      "op_margin": -0.04029966416946525,
      "fcf_margin": -0.17592353397055024,
      "incr_op_margin_yoy": -0.4320675105485232,
      "rev_growth_yoy": 0.4411764705882353,
      "rev_growth_yoy_accel": 0.6846848375818879,
      "fcf_margin_change": -0.09761181263823394
    },
    {
      "date": "2025-03-31T00:00:00",
      "quarter_label": "2025-03 (Q1)",
      "revenue": 378200000,
      "gross_profit": 36700000,
      "operating_income": -4000000,
      "net_income": -6300000,
      "opex": 382200000,
      "cogs": 341500000,
      "rd": null,
      "sga": 28900000,
      "fcf": -31200000,
      "ocf": 1500000,
      "capex": -32700000,
      "gross_margin": 0.0970386039132734,
      "op_margin": -0.010576414595452142,
      "fcf_margin": -0.08249603384452671,
      "incr_op_margin_yoy": 0.29152542372881357,
      "rev_growth_yoy": -0.237807335751713,
      "rev_growth_yoy_accel": -0.6789838063399483,
      "fcf_margin_change": 0.09342750012602354
    },
    {
      "date": "2025-06-30T00:00:00",
      "quarter_label": "2025-06 (Q2)",
      "revenue": 391800000,
      "gross_profit": 43000000,
      "operating_income": 9800000,
      "net_income": 2700000,
      "opex": 382100000,
      "cogs": 348800000,
      "rd": null,
      "sga": 26100000,
      "fcf": -51100000,
      "ocf": -28200000,
      "capex": -22900000,
      "gross_margin": 0.10974987238386932,
      "op_margin": 0.025012761613067893,
      "fcf_margin": -0.130423685553854,
      "incr_op_margin_yoy": -0.15056526207605345,
      "rev_growth_yoy": -0.33185538881309684,
      "rev_growth_yoy_accel": -0.09404805306138384,
      "op_leverage_ratio": Infinity,
      "fcf_margin_change": -0.04792765170932729
    },
    {
      "date": "2025-09-30T00:00:00",
      "quarter_label": "2025-09 (Q3)",
      "revenue": 399000000,
      "gross_profit": 18700000,
      "operating_income": -55400000,
      "net_income": -53300000,
      "opex": 454400000,
      "cogs": 380300000,
      "rd": null,
      "sga": 24700000,
      "fcf": 15700000,
      "ocf": 34000000,
      "capex": -18300000,
      "gross_margin": 0.0468671679197995,
      "op_margin": -0.13884711779448622,
      "fcf_margin": 0.0393483709273183,
      "incr_op_margin_yoy": -9.508771929824562,
      "rev_growth_yoy": 0.014492753623188406,
      "rev_growth_yoy_accel": 0.34634814243628526,
      "op_leverage_ratio": 0.0971195821392488,
      "fcf_margin_change": 0.1697720564811723
    }
  ],
  "signals": [
    {
      "quarter": "2025-09 (Q3)",
      "signal": "FCF TURNED POSITIVE",
      "detail": "FCF margin: -13.0% -> +3.9%",
      "severity": "HIGH"
    },
    {
      "quarter": "2025-09 (Q3)",
      "signal": "YoY REVENUE GROWTH ACCELERATION",
      "detail": "YoY growth: +1.4% vs prior quarter YoY: -33.2% (accel: +34.6%)",
      "severity": "HIGH"
    },
    {
      "quarter": "2025-06 (Q2)",
      "signal": "YoY REVENUE GROWTH DECELERATION",
      "detail": "YoY growth: -33.2% vs prior quarter YoY: -23.8% (decel: -9.4%)",
      "severity": "WARNING"
    },
    {
      "quarter": "2025-06 (Q2)",
      "signal": "OP MARGIN TURNED POSITIVE (YoY)",
      "detail": "Op margin: -3.3% (year-ago) -> +2.5%",
      "severity": "HIGH"
    },
    {
      "quarter": "2025-06 (Q2)",
      "signal": "OP MARGIN TURNED POSITIVE (QoQ)",
      "detail": "Op margin: -1.1% -> +2.5%",
      "severity": "HIGH"
    },
    {
      "quarter": "2025-03 (Q1)",
      "signal": "FCF MARGIN EXPANSION",
      "detail": "FCF margin: -17.6% -> -8.2% (+9.3%)",
      "severity": "MEDIUM"
    },
    {
      "quarter": "2025-03 (Q1)",
      "signal": "GROSS MARGIN INFLECTION",
      "detail": "GM: +7.7% -> +3.8% -> +9.7% (reversal +5.9%)",
      "severity": "HIGH"
    },
    {
      "quarter": "2025-03 (Q1)",
      "signal": "YoY REVENUE GROWTH DECELERATION",
      "detail": "YoY growth: -23.8% vs prior quarter YoY: +44.1% (decel: -67.9%)",
      "severity": "WARNING"
    },
    {
      "quarter": "2024-12 (Q4)",
      "signal": "YoY REVENUE GROWTH ACCELERATION",
      "detail": "YoY growth: +44.1% vs prior quarter YoY: -24.4% (accel: +68.5%)",
      "severity": "HIGH"
    },
    {
      "quarter": "2024-09 (Q3)",
      "signal": "GROSS MARGIN INFLECTION",
      "detail": "GM: +6.7% -> -0.3% -> +7.7% (reversal +8.0%)",
      "severity": "HIGH"
    },
    {
      "quarter": "2024-09 (Q3)",
      "signal": "YoY REVENUE GROWTH DECELERATION",
      "detail": "YoY growth: -24.4% vs prior quarter YoY: +11.8% (decel: -36.1%)",
      "severity": "WARNING"
    },
    {
      "quarter": "2024-06 (Q2)",
      "signal": "YoY REVENUE GROWTH ACCELERATION",
      "detail": "YoY growth: +11.8% vs prior quarter YoY: -5.6% (accel: +17.3%)",
      "severity": "HIGH"
    },
    {
      "quarter": "2024-03 (Q1)",
      "signal": "YoY REVENUE GROWTH ACCELERATION",
      "detail": "YoY growth: -5.6% vs prior quarter YoY: -49.0% (accel: +43.5%)",
      "severity": "HIGH"
    },
    {
      "quarter": "2024-03 (Q1)",
      "signal": "INCREMENTAL MARGIN (YoY)",
      "detail": "YoY Incr OPM: +32.2% vs year-ago OPM: +7.6%",
      "severity": "HIGH"
    },
    {
      "quarter": "2023-12 (Q4)",
      "signal": "YoY REVENUE GROWTH DECELERATION",
      "detail": "YoY growth: -49.0% vs prior quarter YoY: -3.5% (decel: -45.5%)",
      "severity": "WARNING"
    },
    {
      "quarter": "2023-09 (Q3)",
      "signal": "FCF MARGIN EXPANSION",
      "detail": "FCF margin: +6.3% -> +14.2% (+7.9%)",
      "severity": "MEDIUM"
    },
    {
      "quarter": "2023-06 (Q2)",
      "signal": "FCF TURNED POSITIVE",
      "detail": "FCF margin: -5.8% -> +6.3%",
      "severity": "HIGH"
    },
    {
      "quarter": "2023-06 (Q2)",
      "signal": "YoY REVENUE GROWTH DECELERATION",
      "detail": "YoY growth: -0.3% vs prior quarter YoY: +7.6% (decel: -8.0%)",
      "severity": "WARNING"
    },
    {
      "quarter": "2023-03 (Q1)",
      "signal": "GROSS MARGIN INFLECTION",
      "detail": "GM: +15.6% -> +6.7% -> +12.2% (reversal +5.5%)",
      "severity": "HIGH"
    },
    {
      "quarter": "2023-03 (Q1)",
      "signal": "INCREMENTAL MARGIN (YoY)",
      "detail": "YoY Incr OPM: +18.5% vs year-ago OPM: +6.7%",
      "severity": "MEDIUM"
    },
    {
      "quarter": "2022-12 (Q4)",
      "signal": "YoY REVENUE GROWTH DECELERATION",
      "detail": "YoY growth: +7.6% vs prior quarter YoY: +19.6% (decel: -12.0%)",
      "severity": "WARNING"
    },
    {
      "quarter": "2022-09 (Q3)",
      "signal": "GROSS MARGIN INFLECTION",
      "detail": "GM: +13.6% -> +13.5% -> +15.6% (reversal +2.1%)",
      "severity": "MEDIUM"
    },
    {
      "quarter": "2022-09 (Q3)",
      "signal": "YoY REVENUE GROWTH DECELERATION",
      "detail": "YoY growth: +19.6% vs prior quarter YoY: +29.5% (decel: -9.9%)",
      "severity": "WARNING"
    },
    {
      "quarter": "2022-09 (Q3)",
      "signal": "INCREMENTAL MARGIN (YoY)",
      "detail": "YoY Incr OPM: +39.8% vs year-ago OPM: +3.1%",
      "severity": "HIGH"
    },
    {
      "quarter": "2022-06 (Q2)",
      "signal": "FCF MARGIN EXPANSION",
      "detail": "FCF margin: +6.8% -> +13.9% (+7.1%)",
      "severity": "MEDIUM"
    },
    {
      "quarter": "2022-06 (Q2)",
      "signal": "YoY REVENUE GROWTH ACCELERATION",
      "detail": "YoY growth: +29.5% vs prior quarter YoY: +14.6% (accel: +14.9%)",
      "severity": "MEDIUM"
    },
    {
      "quarter": "2022-06 (Q2)",
      "signal": "OP MARGIN TURNED POSITIVE (YoY)",
      "detail": "Op margin: -13.9% (year-ago) -> +6.0%",
      "severity": "HIGH"
    },
    {
      "quarter": "2022-03 (Q1)",
      "signal": "YoY REVENUE GROWTH ACCELERATION",
      "detail": "YoY growth: +14.6% vs prior quarter YoY: +8.2% (accel: +6.5%)",
      "severity": "MEDIUM"
    },
    {
      "quarter": "2021-09 (Q3)",
      "signal": "GROSS MARGIN INFLECTION",
      "detail": "GM: +13.0% -> +3.5% -> +11.6% (reversal +8.1%)",
      "severity": "HIGH"
    },
    {
      "quarter": "2021-09 (Q3)",
      "signal": "OP MARGIN TURNED POSITIVE (QoQ)",
      "detail": "Op margin: -13.9% -> +3.1%",
      "severity": "HIGH"
    }
  ],
  "data_quality": {
    "n_quarters": 20,
    "coverage": {
      "revenue": [
        20,
        20
      ],
      "gross_profit": [
        20,
        20
      ],
      "op_income": [
        20,
        20
      ],
      "fcf": [
        20,
        20
      ]
    },
    "gaps": [],
    "warnings": []
  },
  "market_cap": null,
  "source": "SEC EDGAR",
  "last_updated": "2026-02-02T22:49:13.316086",
  "sector": "Basic Materials",
  "industry": "Paper & Paper Products"
}