{
  "ticker": "CMBM",
  "name": "CAMBIUM NETWORKS CORP",
  "quarters": [
    {
      "date": "2019-12-31T00:00:00",
      "quarter_label": "2019-12 (Q4)",
      "revenue": 64062000,
      "gross_profit": 33295000,
      "operating_income": 1887000,
      "net_income": -1049000,
      "opex": 31408000,
      "cogs": 30767000,
      "rd": 12126000,
      "sga": null,
      "fcf": 5678000,
      "ocf": 6145000,
      "capex": -467000,
      "gross_margin": 0.5197308857044738,
      "op_margin": 0.029455839655333896,
      "fcf_margin": 0.08863288689082452
    },
    {
      "date": "2020-03-31T00:00:00",
      "quarter_label": "2020-03 (Q1)",
      "revenue": 60429000,
      "gross_profit": 30632000,
      "operating_income": 373000,
      "net_income": -838000,
      "opex": 30259000,
      "cogs": 29797000,
      "rd": 11814000,
      "sga": null,
      "fcf": -1844000,
      "ocf": -791000,
      "capex": -1053000,
      "gross_margin": 0.5069089344520015,
      "op_margin": 0.006172533055321121,
      "fcf_margin": -0.030515150010756425,
      "fcf_margin_change": -0.11914803690158095
    },
    {
      "date": "2020-06-30T00:00:00",
      "quarter_label": "2020-06 (Q2)",
      "revenue": 62254000,
      "gross_profit": 30472000,
      "operating_income": 4813000,
      "net_income": 3312000,
      "opex": 25659000,
      "cogs": 31782000,
      "rd": 9299000,
      "sga": null,
      "fcf": 25736000,
      "ocf": 26225000,
      "capex": -489000,
      "gross_margin": 0.4894785877212709,
      "op_margin": 0.07731230121759244,
      "fcf_margin": 0.4134031548173611,
      "op_leverage_ratio": Infinity,
      "fcf_margin_change": 0.44391830482811756
    },
    {
      "date": "2020-09-30T00:00:00",
      "quarter_label": "2020-09 (Q3)",
      "revenue": 72971000,
      "gross_profit": 36069000,
      "operating_income": 7316000,
      "net_income": 5595000,
      "opex": 28753000,
      "cogs": 36902000,
      "rd": 10213000,
      "sga": null,
      "fcf": 15495000,
      "ocf": 16385000,
      "capex": -890000,
      "gross_margin": 0.4942922530868427,
      "op_margin": 0.10025900700278192,
      "fcf_margin": 0.2123446300585164,
      "op_leverage_ratio": 1.4276619561926056,
      "fcf_margin_change": -0.20105852475884473
    },
    {
      "date": "2020-12-31T00:00:00",
      "quarter_label": "2020-12 (Q4)",
      "revenue": 82805000,
      "gross_profit": 42237000,
      "operating_income": 11446000,
      "net_income": 10506000,
      "opex": 30791000,
      "cogs": 40568000,
      "rd": 11862000,
      "sga": null,
      "fcf": 14107000,
      "ocf": 15082000,
      "capex": -975000,
      "gross_margin": 0.5100778938469899,
      "op_margin": 0.13822836785218284,
      "fcf_margin": 0.1703641084475575,
      "incr_op_margin_yoy": 0.5100037347276316,
      "rev_growth_yoy": 0.29257594205613313,
      "op_leverage_ratio": 1.9013360853732355,
      "fcf_margin_change": -0.04198052161095889
    },
    {
      "date": "2021-03-31T00:00:00",
      "quarter_label": "2021-03 (Q1)",
      "revenue": 88515000,
      "gross_profit": 44170000,
      "operating_income": 13403000,
      "net_income": 19860000,
      "opex": 30767000,
      "cogs": 44345000,
      "rd": 11603000,
      "sga": null,
      "fcf": -8376000,
      "ocf": -7562000,
      "capex": -814000,
      "gross_margin": 0.49901146698299725,
      "op_margin": 0.1514206631644354,
      "fcf_margin": -0.0946280291476021,
      "incr_op_margin_yoy": 0.4639322082176173,
      "rev_growth_yoy": 0.46477684555428683,
      "rev_growth_yoy_accel": 0.1722009034981537,
      "op_leverage_ratio": Infinity,
      "fcf_margin_change": -0.2649921375951596
    },
    {
      "date": "2021-06-30T00:00:00",
      "quarter_label": "2021-06 (Q2)",
      "revenue": 92709000,
      "gross_profit": 46092000,
      "operating_income": 14297000,
      "net_income": 11517000,
      "opex": 31795000,
      "cogs": 46617000,
      "rd": 12617000,
      "sga": null,
      "fcf": 18988000,
      "ocf": 20138000,
      "capex": -1150000,
      "gross_margin": 0.4971685596867618,
      "op_margin": 0.15421372250806287,
      "fcf_margin": 0.20481290921054052,
      "incr_op_margin_yoy": 0.3114102774585454,
      "rev_growth_yoy": 0.48920551289876957,
      "rev_growth_yoy_accel": 0.024428667344482735,
      "op_leverage_ratio": 1.418089329975728,
      "fcf_margin_change": 0.2994409383581426
    },
    {
      "date": "2021-09-30T00:00:00",
      "quarter_label": "2021-09 (Q3)",
      "revenue": 75920000,
      "gross_profit": 36020000,
      "operating_income": 5812000,
      "net_income": 4617000,
      "opex": 30208000,
      "cogs": 39900000,
      "rd": 12082000,
      "sga": null,
      "fcf": 9586000,
      "ocf": 11819000,
      "capex": -2233000,
      "gross_margin": 0.4744467860906217,
      "op_margin": 0.07655426765015806,
      "fcf_margin": 0.1262644889357218,
      "incr_op_margin_yoy": -0.5100033909799933,
      "rev_growth_yoy": 0.04041331487851338,
      "rev_growth_yoy_accel": -0.44879219802025616,
      "fcf_margin_change": -0.0785484202748187
    },
    {
      "date": "2021-12-31T00:00:00",
      "quarter_label": "2021-12 (Q4)",
      "revenue": 78710000,
      "gross_profit": 34514000,
      "operating_income": 2907000,
      "net_income": 1427000,
      "opex": 31607000,
      "cogs": 44196000,
      "rd": 11627000,
      "sga": null,
      "fcf": 3503000,
      "ocf": 5565000,
      "capex": -2062000,
      "gross_margin": 0.4384957438699022,
      "op_margin": 0.03693304535637149,
      "fcf_margin": 0.04450514547071528,
      "incr_op_margin_yoy": 2.0852258852258854,
      "rev_growth_yoy": -0.049453535414528106,
      "rev_growth_yoy_accel": -0.08986685029304148,
      "op_leverage_ratio": 0.7935097401350205,
      "fcf_margin_change": -0.08175934346500653
    },
    {
      "date": "2022-03-31T00:00:00",
      "quarter_label": "2022-03 (Q1)",
      "revenue": 61896000,
      "gross_profit": 29166000,
      "operating_income": -2195000,
      "net_income": -1568000,
      "opex": 31361000,
      "cogs": 32730000,
      "rd": 12102000,
      "sga": null,
      "fcf": -19939000,
      "ocf": -19225000,
      "capex": -714000,
      "gross_margin": 0.4712097712291586,
      "op_margin": -0.035462711645340574,
      "fcf_margin": -0.3221371332557839,
      "incr_op_margin_yoy": 0.5859724257109583,
      "rev_growth_yoy": -0.30072869005253344,
      "rev_growth_yoy_accel": -0.2512751546380053,
      "fcf_margin_change": -0.3666422787264992
    },
    {
      "date": "2022-06-30T00:00:00",
      "quarter_label": "2022-06 (Q2)",
      "revenue": 69296000,
      "gross_profit": 33439000,
      "operating_income": 2665000,
      "net_income": 2322000,
      "opex": 30774000,
      "cogs": 35857000,
      "rd": 10576000,
      "sga": null,
      "fcf": 8432000,
      "ocf": 9986000,
      "capex": -1554000,
      "gross_margin": 0.48255310551835606,
      "op_margin": 0.03845820826598938,
      "fcf_margin": 0.12168090510274764,
      "incr_op_margin_yoy": 0.4968180070900782,
      "rev_growth_yoy": -0.2525429030622701,
      "rev_growth_yoy_accel": 0.048185786990263324,
      "op_leverage_ratio": Infinity,
      "fcf_margin_change": 0.44381803835853156
    },
    {
      "date": "2022-09-30T00:00:00",
      "quarter_label": "2022-09 (Q3)",
      "revenue": 81200000,
      "gross_profit": 41166000,
      "operating_income": 9960000,
      "net_income": 9435000,
      "opex": 31206000,
      "cogs": 40034000,
      "rd": 11747000,
      "sga": null,
      "fcf": 1185000,
      "ocf": 2159000,
      "capex": -974000,
      "gross_margin": 0.5069704433497537,
      "op_margin": 0.12266009852216748,
      "fcf_margin": 0.0145935960591133,
      "incr_op_margin_yoy": 0.7856060606060606,
      "rev_growth_yoy": 0.06954689146469968,
      "rev_growth_yoy_accel": 0.3220897945269698,
      "op_leverage_ratio": 12.237281613176325,
      "fcf_margin_change": -0.10708730904363434
    },
    {
      "date": "2022-12-31T00:00:00",
      "quarter_label": "2022-12 (Q4)",
      "revenue": 84507000,
      "gross_profit": 41369000,
      "operating_income": 9450000,
      "net_income": 10011000,
      "opex": 31919000,
      "cogs": 43138000,
      "rd": 15440000,
      "sga": null,
      "fcf": 2694000,
      "ocf": 4026000,
      "capex": -1332000,
      "gross_margin": 0.48953341143337237,
      "op_margin": 0.11182505591252796,
      "fcf_margin": 0.03187901593950797,
      "incr_op_margin_yoy": 1.1286872520269104,
      "rev_growth_yoy": 0.0736501079913607,
      "rev_growth_yoy_accel": 0.004103216526661013,
      "op_leverage_ratio": 1.7824885138076125,
      "fcf_margin_change": 0.01728541988039467
    },
    {
      "date": "2023-03-31T00:00:00",
      "quarter_label": "2023-03 (Q1)",
      "revenue": 77401000,
      "gross_profit": 39660000,
      "operating_income": 5565000,
      "net_income": 4276000,
      "opex": 34095000,
      "cogs": 37741000,
      "rd": 14262000,
      "sga": null,
      "fcf": -7528000,
      "ocf": -5959000,
      "capex": -1569000,
      "gross_margin": 0.5123964806656245,
      "op_margin": 0.07189829588765002,
      "fcf_margin": -0.09725972532654617,
      "incr_op_margin_yoy": 0.5004837149306676,
      "rev_growth_yoy": 0.25050084011890916,
      "rev_growth_yoy_accel": 0.17685073212754848,
      "fcf_margin_change": -0.12913874126605412
    },
    {
      "date": "2023-06-30T00:00:00",
      "quarter_label": "2023-06 (Q2)",
      "revenue": 59542000,
      "gross_profit": 29242000,
      "operating_income": -2703000,
      "net_income": -2642000,
      "opex": 31945000,
      "cogs": 30300000,
      "rd": 13008000,
      "sga": null,
      "fcf": -5188000,
      "ocf": -4521000,
      "capex": -667000,
      "gross_margin": 0.49111551509858586,
      "op_margin": -0.04539652682140338,
      "fcf_margin": -0.08713177253031473,
      "incr_op_margin_yoy": 0.550338322739389,
      "rev_growth_yoy": -0.14075848533825908,
      "rev_growth_yoy_accel": -0.39125932545716824,
      "fcf_margin_change": 0.010127952796231438
    },
    {
      "date": "2023-09-30T00:00:00",
      "quarter_label": "2023-09 (Q3)",
      "revenue": 43046000,
      "gross_profit": 10959000,
      "operating_income": -22100000,
      "net_income": -26200000,
      "opex": 33059000,
      "cogs": 32087000,
      "rd": 13151000,
      "sga": null,
      "fcf": -1371000,
      "ocf": -246000,
      "capex": -1125000,
      "gross_margin": 0.25458811503972495,
      "op_margin": -0.5134042652046648,
      "fcf_margin": -0.03184964921247038,
      "incr_op_margin_yoy": 0.8402788698432667,
      "rev_growth_yoy": -0.4698768472906404,
      "rev_growth_yoy_accel": -0.3291183619523813,
      "fcf_margin_change": 0.05528212331784435
    },
    {
      "date": "2023-12-31T00:00:00",
      "quarter_label": "2023-12 (Q4)",
      "revenue": 40206000,
      "gross_profit": -11030000,
      "operating_income": -41616000,
      "net_income": -52854000,
      "opex": 30586000,
      "cogs": 51236000,
      "rd": 13057000,
      "sga": null,
      "fcf": -7454000,
      "ocf": -6226000,
      "capex": -1228000,
      "gross_margin": -0.2743371636074218,
      "op_margin": -1.035069392627966,
      "fcf_margin": -0.18539521464458042,
      "incr_op_margin_yoy": 1.152705356538227,
      "rev_growth_yoy": -0.5242287621143811,
      "rev_growth_yoy_accel": -0.05435191482374069,
      "fcf_margin_change": -0.15354556543211004
    },
    {
      "date": "2024-03-31T00:00:00",
      "quarter_label": "2024-03 (Q1)",
      "revenue": 42337000,
      "gross_profit": 8685000,
      "operating_income": -20978000,
      "net_income": -26447000,
      "opex": 29663000,
      "cogs": 33652000,
      "rd": 10799000,
      "sga": null,
      "fcf": -17414000,
      "ocf": -15647000,
      "capex": -1767000,
      "gross_margin": 0.20513971230838274,
      "op_margin": -0.49550038973002336,
      "fcf_margin": -0.4113187046791223,
      "incr_op_margin_yoy": 0.7569872233629934,
      "rev_growth_yoy": -0.45301740287593184,
      "rev_growth_yoy_accel": 0.07121135923844923,
      "op_leverage_ratio": Infinity,
      "fcf_margin_change": -0.22592349003454187
    },
    {
      "date": "2024-06-30T00:00:00",
      "quarter_label": "2024-06 (Q2)",
      "revenue": 45946000,
      "gross_profit": 14410000,
      "operating_income": -12102000,
      "net_income": -9143000,
      "opex": 26512000,
      "cogs": 31536000,
      "rd": 9149000,
      "sga": null,
      "fcf": 87000,
      "ocf": 2401000,
      "capex": -2314000,
      "gross_margin": 0.31362904278936143,
      "op_margin": -0.2633961607103992,
      "fcf_margin": 0.0018935271840856659,
      "incr_op_margin_yoy": 0.691306266548985,
      "rev_growth_yoy": -0.22834301837358503,
      "rev_growth_yoy_accel": 0.2246743845023468,
      "op_leverage_ratio": Infinity,
      "fcf_margin_change": 0.41321223186320793
    },
    {
      "date": "2024-09-30T00:00:00",
      "quarter_label": "2024-09 (Q3)",
      "revenue": 43726000,
      "gross_profit": 17445000,
      "operating_income": -8059000,
      "net_income": -9676000,
      "opex": 25504000,
      "cogs": 26281000,
      "rd": 9275000,
      "sga": null,
      "fcf": 6769000,
      "ocf": 8897000,
      "capex": -2128000,
      "gross_margin": 0.39896171614142617,
      "op_margin": -0.18430681974111512,
      "fcf_margin": 0.1548049215569684,
      "rev_growth_yoy": 0.015797054313989686,
      "rev_growth_yoy_accel": 0.2441400726875747,
      "fcf_margin_change": 0.15291139437288273
    }
  ],
  "signals": [
    {
      "quarter": "2024-09 (Q3)",
      "signal": "FCF MARGIN EXPANSION",
      "detail": "FCF margin: +0.2% -> +15.5% (+15.3%)",
      "severity": "MEDIUM"
    },
    {
      "quarter": "2024-09 (Q3)",
      "signal": "YoY REVENUE GROWTH ACCELERATION",
      "detail": "YoY growth: +1.6% vs prior quarter YoY: -22.8% (accel: +24.4%)",
      "severity": "HIGH"
    },
    {
      "quarter": "2024-06 (Q2)",
      "signal": "FCF TURNED POSITIVE",
      "detail": "FCF margin: -41.1% -> +0.2%",
      "severity": "HIGH"
    },
    {
      "quarter": "2024-06 (Q2)",
      "signal": "YoY REVENUE GROWTH ACCELERATION",
      "detail": "YoY growth: -22.8% vs prior quarter YoY: -45.3% (accel: +22.5%)",
      "severity": "HIGH"
    },
    {
      "quarter": "2024-03 (Q1)",
      "signal": "GROSS MARGIN INFLECTION",
      "detail": "GM: +25.5% -> -27.4% -> +20.5% (reversal +47.9%)",
      "severity": "HIGH"
    },
    {
      "quarter": "2024-03 (Q1)",
      "signal": "YoY REVENUE GROWTH ACCELERATION",
      "detail": "YoY growth: -45.3% vs prior quarter YoY: -52.4% (accel: +7.1%)",
      "severity": "MEDIUM"
    },
    {
      "quarter": "2023-12 (Q4)",
      "signal": "YoY REVENUE GROWTH DECELERATION",
      "detail": "YoY growth: -52.4% vs prior quarter YoY: -47.0% (decel: -5.4%)",
      "severity": "WARNING"
    },
    {
      "quarter": "2023-09 (Q3)",
      "signal": "FCF MARGIN EXPANSION",
      "detail": "FCF margin: -8.7% -> -3.2% (+5.5%)",
      "severity": "MEDIUM"
    },
    {
      "quarter": "2023-09 (Q3)",
      "signal": "YoY REVENUE GROWTH DECELERATION",
      "detail": "YoY growth: -47.0% vs prior quarter YoY: -14.1% (decel: -32.9%)",
      "severity": "WARNING"
    },
    {
      "quarter": "2023-06 (Q2)",
      "signal": "YoY REVENUE GROWTH DECELERATION",
      "detail": "YoY growth: -14.1% vs prior quarter YoY: +25.1% (decel: -39.1%)",
      "severity": "WARNING"
    },
    {
      "quarter": "2023-03 (Q1)",
      "signal": "GROSS MARGIN INFLECTION",
      "detail": "GM: +50.7% -> +49.0% -> +51.2% (reversal +2.3%)",
      "severity": "MEDIUM"
    },
    {
      "quarter": "2023-03 (Q1)",
      "signal": "YoY REVENUE GROWTH ACCELERATION",
      "detail": "YoY growth: +25.1% vs prior quarter YoY: +7.4% (accel: +17.7%)",
      "severity": "HIGH"
    },
    {
      "quarter": "2023-03 (Q1)",
      "signal": "OP MARGIN TURNED POSITIVE (YoY)",
      "detail": "Op margin: -3.5% (year-ago) -> +7.2%",
      "severity": "HIGH"
    },
    {
      "quarter": "2022-12 (Q4)",
      "signal": "OPERATING LEVERAGE",
      "detail": "Rev growth +4.1% vs OpEx growth +2.3% (leverage: 1.8x)",
      "severity": "MEDIUM"
    },
    {
      "quarter": "2022-12 (Q4)",
      "signal": "INCREMENTAL MARGIN (YoY)",
      "detail": "YoY Incr OPM: +112.9% vs year-ago OPM: +3.7%",
      "severity": "HIGH"
    },
    {
      "quarter": "2022-09 (Q3)",
      "signal": "OPERATING LEVERAGE",
      "detail": "Rev growth +17.2% vs OpEx growth +1.4% (leverage: 12.2x)",
      "severity": "MEDIUM"
    },
    {
      "quarter": "2022-09 (Q3)",
      "signal": "YoY REVENUE GROWTH ACCELERATION",
      "detail": "YoY growth: +7.0% vs prior quarter YoY: -25.3% (accel: +32.2%)",
      "severity": "HIGH"
    },
    {
      "quarter": "2022-09 (Q3)",
      "signal": "INCREMENTAL MARGIN (YoY)",
      "detail": "YoY Incr OPM: +78.6% vs year-ago OPM: +7.7%",
      "severity": "HIGH"
    },
    {
      "quarter": "2022-06 (Q2)",
      "signal": "FCF TURNED POSITIVE",
      "detail": "FCF margin: -32.2% -> +12.2%",
      "severity": "HIGH"
    },
    {
      "quarter": "2022-06 (Q2)",
      "signal": "INCREMENTAL MARGIN (YoY)",
      "detail": "YoY Incr OPM: +49.7% vs year-ago OPM: +15.4%",
      "severity": "HIGH"
    },
    {
      "quarter": "2022-06 (Q2)",
      "signal": "OP MARGIN TURNED POSITIVE (QoQ)",
      "detail": "Op margin: -3.5% -> +3.8%",
      "severity": "HIGH"
    },
    {
      "quarter": "2022-03 (Q1)",
      "signal": "GROSS MARGIN INFLECTION",
      "detail": "GM: +47.4% -> +43.8% -> +47.1% (reversal +3.3%)",
      "severity": "MEDIUM"
    },
    {
      "quarter": "2022-03 (Q1)",
      "signal": "YoY REVENUE GROWTH DECELERATION",
      "detail": "YoY growth: -30.1% vs prior quarter YoY: -4.9% (decel: -25.1%)",
      "severity": "WARNING"
    },
    {
      "quarter": "2021-12 (Q4)",
      "signal": "YoY REVENUE GROWTH DECELERATION",
      "detail": "YoY growth: -4.9% vs prior quarter YoY: +4.0% (decel: -9.0%)",
      "severity": "WARNING"
    },
    {
      "quarter": "2021-12 (Q4)",
      "signal": "INCREMENTAL MARGIN (YoY)",
      "detail": "YoY Incr OPM: +208.5% vs year-ago OPM: +13.8%",
      "severity": "HIGH"
    },
    {
      "quarter": "2021-09 (Q3)",
      "signal": "YoY REVENUE GROWTH DECELERATION",
      "detail": "YoY growth: +4.0% vs prior quarter YoY: +48.9% (decel: -44.9%)",
      "severity": "WARNING"
    },
    {
      "quarter": "2021-06 (Q2)",
      "signal": "FCF TURNED POSITIVE",
      "detail": "FCF margin: -9.5% -> +20.5%",
      "severity": "HIGH"
    },
    {
      "quarter": "2021-06 (Q2)",
      "signal": "INCREMENTAL MARGIN (YoY)",
      "detail": "YoY Incr OPM: +31.1% vs year-ago OPM: +7.7%",
      "severity": "HIGH"
    },
    {
      "quarter": "2021-03 (Q1)",
      "signal": "YoY REVENUE GROWTH ACCELERATION",
      "detail": "YoY growth: +46.5% vs prior quarter YoY: +29.3% (accel: +17.2%)",
      "severity": "HIGH"
    },
    {
      "quarter": "2021-03 (Q1)",
      "signal": "INCREMENTAL MARGIN (YoY)",
      "detail": "YoY Incr OPM: +46.4% vs year-ago OPM: +0.6%",
      "severity": "HIGH"
    },
    {
      "quarter": "2020-12 (Q4)",
      "signal": "OPERATING LEVERAGE",
      "detail": "Rev growth +13.5% vs OpEx growth +7.1% (leverage: 1.9x)",
      "severity": "MEDIUM"
    },
    {
      "quarter": "2020-12 (Q4)",
      "signal": "INCREMENTAL MARGIN (YoY)",
      "detail": "YoY Incr OPM: +51.0% vs year-ago OPM: +2.9%",
      "severity": "HIGH"
    },
    {
      "quarter": "2020-06 (Q2)",
      "signal": "FCF TURNED POSITIVE",
      "detail": "FCF margin: -3.1% -> +41.3%",
      "severity": "HIGH"
    }
  ],
  "data_quality": {
    "n_quarters": 20,
    "coverage": {
      "revenue": [
        20,
        20
      ],
      "gross_profit": [
        20,
        20
      ],
      "op_income": [
        20,
        20
      ],
      "fcf": [
        20,
        20
      ]
    },
    "gaps": [],
    "warnings": []
  },
  "market_cap": null,
  "source": "SEC EDGAR",
  "last_updated": "2026-02-02T23:41:22.491842"
}