{
  "ticker": "CMCO",
  "name": "Columbus McKinnon Corporation",
  "sector": "Industrials",
  "industry": "Farm & Heavy Construction Machinery",
  "quarters": [
    {
      "date": "2021-03-31T00:00:00",
      "quarter_label": "2021-03 (Q1)",
      "revenue": 186235000,
      "gross_profit": 64088000,
      "operating_income": 14199000,
      "net_income": null,
      "opex": 49889000,
      "cogs": 122147000,
      "rd": 3702000,
      "sga": null,
      "fcf": 26942000,
      "ocf": 26942000,
      "capex": null,
      "gross_margin": 0.34412435900877925,
      "op_margin": 0.07624238193680027,
      "fcf_margin": 0.14466668456519988
    },
    {
      "date": "2021-06-30T00:00:00",
      "quarter_label": "2021-06 (Q2)",
      "revenue": 213464000,
      "gross_profit": 74063000,
      "operating_income": 10746000,
      "net_income": null,
      "opex": 63317000,
      "cogs": 139401000,
      "rd": 3583000,
      "sga": null,
      "fcf": -11044000,
      "ocf": -7396000,
      "capex": -3648000,
      "gross_margin": 0.34695780084698125,
      "op_margin": 0.050341041112318706,
      "fcf_margin": -0.05173706105010681,
      "op_leverage_ratio": 0.5432051201737351,
      "fcf_margin_change": -0.19640374561530669
    },
    {
      "date": "2021-09-30T00:00:00",
      "quarter_label": "2021-09 (Q3)",
      "revenue": 223635000,
      "gross_profit": 81135000,
      "operating_income": 23660000,
      "net_income": null,
      "opex": 57475000,
      "cogs": 142500000,
      "rd": 3825000,
      "sga": null,
      "fcf": 22234000,
      "ocf": 25338000,
      "capex": -3104000,
      "gross_margin": 0.3628009926889798,
      "op_margin": 0.105797393073535,
      "fcf_margin": 0.09942093142844367,
      "op_leverage_ratio": null,
      "fcf_margin_change": 0.1511579924785505
    },
    {
      "date": "2021-12-31T00:00:00",
      "quarter_label": "2021-12 (Q4)",
      "revenue": 216088000,
      "gross_profit": 75057000,
      "operating_income": 15316000,
      "net_income": null,
      "opex": 59741000,
      "cogs": 141031000,
      "rd": 3875000,
      "sga": null,
      "fcf": 3031000,
      "ocf": 5785000,
      "capex": -2754000,
      "gross_margin": 0.34734460034800635,
      "op_margin": 0.07087853096886454,
      "fcf_margin": 0.014026692828847507,
      "fcf_margin_change": -0.08539423859959616
    },
    {
      "date": "2022-03-31T00:00:00",
      "quarter_label": "2022-03 (Q1)",
      "revenue": 253368000,
      "gross_profit": 85475000,
      "operating_income": 24059000,
      "net_income": null,
      "opex": 61416000,
      "cogs": 167893000,
      "rd": 4068000,
      "sga": null,
      "fcf": 21556000,
      "ocf": 25154000,
      "capex": -3598000,
      "gross_margin": 0.3373551514003347,
      "op_margin": 0.09495674276151685,
      "fcf_margin": 0.08507783145464305,
      "incr_op_margin_yoy": 0.14687262598126108,
      "rev_growth_yoy": 0.3604746691008672,
      "op_leverage_ratio": 6.153226905345915,
      "fcf_margin_change": 0.07105113862579554
    },
    {
      "date": "2022-06-30T00:00:00",
      "quarter_label": "2022-06 (Q2)",
      "revenue": 220287000,
      "gross_profit": 82519000,
      "operating_income": 22817000,
      "net_income": 8391000,
      "opex": 59702000,
      "cogs": 137768000,
      "rd": 5130000,
      "sga": null,
      "fcf": -14130000,
      "ocf": -11177000,
      "capex": -2953000,
      "gross_margin": 0.37459768393050885,
      "op_margin": 0.10357851348468135,
      "fcf_margin": -0.06414359449263915,
      "incr_op_margin_yoy": 1.7691631247251942,
      "rev_growth_yoy": 0.03196323501855114,
      "rev_growth_yoy_accel": -0.32851143408231603,
      "fcf_margin_change": -0.14922142594728222
    },
    {
      "date": "2022-09-30T00:00:00",
      "quarter_label": "2022-09 (Q3)",
      "revenue": 231740000,
      "gross_profit": 86310000,
      "operating_income": 27372000,
      "net_income": 14114000,
      "opex": 58938000,
      "cogs": 145430000,
      "rd": 5461000,
      "sga": null,
      "fcf": 14991000,
      "ocf": 17326000,
      "capex": -2335000,
      "gross_margin": 0.3724432553724001,
      "op_margin": 0.1181151290239061,
      "fcf_margin": 0.06468887546388194,
      "incr_op_margin_yoy": 0.4579888957433683,
      "rev_growth_yoy": 0.03624209090705838,
      "rev_growth_yoy_accel": 0.004278855888507238,
      "op_leverage_ratio": null,
      "fcf_margin_change": 0.1288324699565211
    },
    {
      "date": "2022-12-31T00:00:00",
      "quarter_label": "2022-12 (Q4)",
      "revenue": 230370000,
      "gross_profit": 82044000,
      "operating_income": 20179000,
      "net_income": 12029000,
      "opex": 61865000,
      "cogs": 148326000,
      "rd": 4839000,
      "sga": null,
      "fcf": 6530000,
      "ocf": 10753000,
      "capex": -4223000,
      "gross_margin": 0.35614012241177234,
      "op_margin": 0.08759387072969571,
      "fcf_margin": 0.028345704735859702,
      "incr_op_margin_yoy": 0.3404985296177006,
      "rev_growth_yoy": 0.06609344341194329,
      "rev_growth_yoy_accel": 0.02985135250488491,
      "fcf_margin_change": -0.036343170728022234
    },
    {
      "date": "2023-03-31T00:00:00",
      "quarter_label": "2023-03 (Q1)",
      "revenue": 253843000,
      "gross_profit": 91218000,
      "operating_income": 27469000,
      "net_income": 13895000,
      "opex": 63749000,
      "cogs": 162625000,
      "rd": 5506000,
      "sga": null,
      "fcf": 63613000,
      "ocf": 66734000,
      "capex": -3121000,
      "gross_margin": 0.3593481009915578,
      "op_margin": 0.10821255658024842,
      "fcf_margin": 0.2505997801790871,
      "rev_growth_yoy": 0.001874743456158631,
      "rev_growth_yoy_accel": -0.06421869995578465,
      "op_leverage_ratio": 3.3458525295824764,
      "fcf_margin_change": 0.22225407544322737
    },
    {
      "date": "2023-06-30T00:00:00",
      "quarter_label": "2023-06 (Q2)",
      "revenue": 235492000,
      "gross_profit": 86649000,
      "operating_income": 21448000,
      "net_income": 9275000,
      "opex": 65201000,
      "cogs": 148843000,
      "rd": 5900000,
      "sga": null,
      "fcf": -22520000,
      "ocf": -17247000,
      "capex": -5273000,
      "gross_margin": 0.3679488050549488,
      "op_margin": 0.09107740390331731,
      "fcf_margin": -0.09562957552698181,
      "incr_op_margin_yoy": -0.09003617231173956,
      "rev_growth_yoy": 0.06902359195050094,
      "rev_growth_yoy_accel": 0.0671488484943423,
      "fcf_margin_change": -0.3462293557060689
    },
    {
      "date": "2023-09-30T00:00:00",
      "quarter_label": "2023-09 (Q3)",
      "revenue": 258400000,
      "gross_profit": 99976000,
      "operating_income": 33351000,
      "net_income": 15813000,
      "opex": 66625000,
      "cogs": 158424000,
      "rd": 6541000,
      "sga": null,
      "fcf": 11643000,
      "ocf": 16689000,
      "capex": -5046000,
      "gross_margin": 0.38690402476780184,
      "op_margin": 0.1290673374613003,
      "fcf_margin": 0.04505804953560372,
      "incr_op_margin_yoy": 0.22426856714178545,
      "rev_growth_yoy": 0.11504272028998015,
      "rev_growth_yoy_accel": 0.046019128339479215,
      "op_leverage_ratio": 4.454052006728633,
      "fcf_margin_change": 0.14068762506258553
    },
    {
      "date": "2023-12-31T00:00:00",
      "quarter_label": "2023-12 (Q4)",
      "revenue": 254143000,
      "gross_profit": 93897000,
      "operating_income": 26912000,
      "net_income": 9728000,
      "opex": 66985000,
      "cogs": 160246000,
      "rd": 6692000,
      "sga": null,
      "fcf": 23134000,
      "ocf": 29149000,
      "capex": -6015000,
      "gross_margin": 0.3694652223354568,
      "op_margin": 0.10589313890211416,
      "fcf_margin": 0.09102749239601327,
      "incr_op_margin_yoy": 0.2832204601859252,
      "rev_growth_yoy": 0.10319486044189782,
      "rev_growth_yoy_accel": -0.011847859848082329,
      "fcf_margin_change": 0.04596944286040955
    },
    {
      "date": "2024-03-31T00:00:00",
      "quarter_label": "2024-03 (Q1)",
      "revenue": 265504000,
      "gross_profit": 94315000,
      "operating_income": 25437000,
      "net_income": 11809000,
      "opex": 68878000,
      "cogs": 171189000,
      "rd": 7059000,
      "sga": null,
      "fcf": 30128000,
      "ocf": 38607000,
      "capex": -8479000,
      "gross_margin": 0.3552300530312161,
      "op_margin": 0.09580646619259973,
      "fcf_margin": 0.11347474990960588,
      "incr_op_margin_yoy": -0.17425606723265585,
      "rev_growth_yoy": 0.045937843470176445,
      "rev_growth_yoy_accel": -0.05725701697172138,
      "op_leverage_ratio": 1.5818502059620738,
      "fcf_margin_change": 0.02244725751359261
    },
    {
      "date": "2024-06-30T00:00:00",
      "quarter_label": "2024-06 (Q2)",
      "revenue": 239726000,
      "gross_profit": 89030000,
      "operating_income": 21147000,
      "net_income": 8629000,
      "opex": 67883000,
      "cogs": 150696000,
      "rd": 6166000,
      "sga": null,
      "fcf": -15387000,
      "ocf": -10758000,
      "capex": -4629000,
      "gross_margin": 0.37138232815798033,
      "op_margin": 0.08821321008150973,
      "fcf_margin": -0.064185778764089,
      "incr_op_margin_yoy": -0.07109116674539442,
      "rev_growth_yoy": 0.0179793793419734,
      "rev_growth_yoy_accel": -0.027958464128203044,
      "fcf_margin_change": -0.17766052867369486
    },
    {
      "date": "2024-09-30T00:00:00",
      "quarter_label": "2024-09 (Q3)",
      "revenue": 242274000,
      "gross_profit": 74743000,
      "operating_income": 10805000,
      "net_income": -15043000,
      "opex": 63938000,
      "cogs": 167531000,
      "rd": 6102000,
      "sga": null,
      "fcf": 3949000,
      "ocf": 9388000,
      "capex": -5439000,
      "gross_margin": 0.30850607163789756,
      "op_margin": 0.044598264774594054,
      "fcf_margin": 0.01629972675565682,
      "incr_op_margin_yoy": 1.398114845590971,
      "rev_growth_yoy": -0.062407120743034054,
      "rev_growth_yoy_accel": -0.08038650008500746,
      "op_leverage_ratio": null,
      "fcf_margin_change": 0.08048550551974581
    },
    {
      "date": "2024-12-31T00:00:00",
      "quarter_label": "2024-12 (Q4)",
      "revenue": 234138000,
      "gross_profit": 82097000,
      "operating_income": 17690000,
      "net_income": 3960000,
      "opex": 64407000,
      "cogs": 152041000,
      "rd": 5325000,
      "sga": null,
      "fcf": 6172000,
      "ocf": 11370000,
      "capex": -5198000,
      "gross_margin": 0.35063509554194533,
      "op_margin": 0.07555373326841436,
      "fcf_margin": 0.026360522426944793,
      "incr_op_margin_yoy": 0.46098475381154713,
      "rev_growth_yoy": -0.07871552629818646,
      "rev_growth_yoy_accel": -0.0163084055551524,
      "fcf_margin_change": 0.010060795671287974
    },
    {
      "date": "2025-03-31T00:00:00",
      "quarter_label": "2025-03 (Q1)",
      "revenue": 246889000,
      "gross_profit": 79810000,
      "operating_income": 4931000,
      "net_income": -2684000,
      "opex": 74879000,
      "cogs": 167079000,
      "rd": 6276000,
      "sga": null,
      "fcf": 29467000,
      "ocf": 35612000,
      "capex": -6145000,
      "gross_margin": 0.32326268079987364,
      "op_margin": 0.0199725382661844,
      "fcf_margin": 0.11935323161420719,
      "incr_op_margin_yoy": 1.1015847434864356,
      "rev_growth_yoy": -0.07011193804989756,
      "rev_growth_yoy_accel": 0.008603588248288899,
      "op_leverage_ratio": 0.3349467580547931,
      "fcf_margin_change": 0.09299270918726239
    },
    {
      "date": "2025-06-30T00:00:00",
      "quarter_label": "2025-06 (Q2)",
      "revenue": 235920000,
      "gross_profit": 77222000,
      "operating_income": 5492000,
      "net_income": -1898000,
      "opex": 71730000,
      "cogs": 158698000,
      "rd": 4821000,
      "sga": null,
      "fcf": -21355000,
      "ocf": -18153000,
      "capex": -3202000,
      "gross_margin": 0.32732282129535434,
      "op_margin": 0.023279077653441844,
      "fcf_margin": -0.09051797219396406,
      "incr_op_margin_yoy": 4.1132422490803995,
      "rev_growth_yoy": -0.015876458957309596,
      "rev_growth_yoy_accel": 0.05423547909258796,
      "fcf_margin_change": -0.20987120380817126
    },
    {
      "date": "2025-09-30T00:00:00",
      "quarter_label": "2025-09 (Q3)",
      "revenue": 261047000,
      "gross_profit": 90160000,
      "operating_income": 12188000,
      "net_income": 4595000,
      "opex": 77972000,
      "cogs": 170887000,
      "rd": 4781000,
      "sga": null,
      "fcf": 15080000,
      "ocf": 18401000,
      "capex": -3321000,
      "gross_margin": 0.3453784184457205,
      "op_margin": 0.046688910426091856,
      "fcf_margin": 0.05776737522361874,
      "incr_op_margin_yoy": 0.07366963191818036,
      "rev_growth_yoy": 0.07748664734969497,
      "rev_growth_yoy_accel": 0.09336310630700456,
      "op_leverage_ratio": 1.2239197607321908,
      "fcf_margin_change": 0.14828534741758279
    },
    {
      "date": "2025-12-31T00:00:00",
      "quarter_label": "2025-12 (Q4)",
      "revenue": 258655000,
      "gross_profit": 89157000,
      "operating_income": 16168000,
      "net_income": 5998000,
      "opex": 72989000,
      "cogs": 169498000,
      "rd": 4442000,
      "sga": null,
      "fcf": 16523000,
      "ocf": 20347000,
      "capex": -3824000,
      "gross_margin": 0.34469467050704605,
      "op_margin": 0.06250797394212368,
      "fcf_margin": 0.06388045852583557,
      "incr_op_margin_yoy": -0.062079373495941594,
      "rev_growth_yoy": 0.10471175118946946,
      "rev_growth_yoy_accel": 0.027225103839774487,
      "fcf_margin_change": 0.006113083302216833
    }
  ],
  "signals": [
    {
      "quarter": "2025-09 (Q3)",
      "signal": "FCF TURNED POSITIVE",
      "detail": "FCF margin: -9.1% -> +5.8%",
      "severity": "HIGH"
    },
    {
      "quarter": "2025-09 (Q3)",
      "signal": "YoY REVENUE GROWTH ACCELERATION",
      "detail": "YoY growth: +7.7% vs prior quarter YoY: -1.6% (accel: +9.3%)",
      "severity": "MEDIUM"
    },
    {
      "quarter": "2025-06 (Q2)",
      "signal": "YoY REVENUE GROWTH ACCELERATION",
      "detail": "YoY growth: -1.6% vs prior quarter YoY: -7.0% (accel: +5.4%)",
      "severity": "MEDIUM"
    },
    {
      "quarter": "2025-06 (Q2)",
      "signal": "INCREMENTAL MARGIN (YoY)",
      "detail": "YoY Incr OPM: +411.3% vs year-ago OPM: +8.8%",
      "severity": "HIGH"
    },
    {
      "quarter": "2025-03 (Q1)",
      "signal": "FCF MARGIN EXPANSION",
      "detail": "FCF margin: +2.6% -> +11.9% (+9.3%)",
      "severity": "MEDIUM"
    },
    {
      "quarter": "2025-03 (Q1)",
      "signal": "INCREMENTAL MARGIN (YoY)",
      "detail": "YoY Incr OPM: +110.2% vs year-ago OPM: +9.6%",
      "severity": "HIGH"
    },
    {
      "quarter": "2024-12 (Q4)",
      "signal": "GROSS MARGIN INFLECTION",
      "detail": "GM: +37.1% -> +30.9% -> +35.1% (reversal +4.2%)",
      "severity": "MEDIUM"
    },
    {
      "quarter": "2024-12 (Q4)",
      "signal": "INCREMENTAL MARGIN (YoY)",
      "detail": "YoY Incr OPM: +46.1% vs year-ago OPM: +10.6%",
      "severity": "HIGH"
    },
    {
      "quarter": "2024-09 (Q3)",
      "signal": "FCF TURNED POSITIVE",
      "detail": "FCF margin: -6.4% -> +1.6%",
      "severity": "HIGH"
    },
    {
      "quarter": "2024-09 (Q3)",
      "signal": "YoY REVENUE GROWTH DECELERATION",
      "detail": "YoY growth: -6.2% vs prior quarter YoY: +1.8% (decel: -8.0%)",
      "severity": "WARNING"
    },
    {
      "quarter": "2024-09 (Q3)",
      "signal": "INCREMENTAL MARGIN (YoY)",
      "detail": "YoY Incr OPM: +139.8% vs year-ago OPM: +12.9%",
      "severity": "HIGH"
    },
    {
      "quarter": "2024-03 (Q1)",
      "signal": "OPERATING LEVERAGE",
      "detail": "Rev growth +4.5% vs OpEx growth +2.8% (leverage: 1.6x)",
      "severity": "MEDIUM"
    },
    {
      "quarter": "2024-03 (Q1)",
      "signal": "YoY REVENUE GROWTH DECELERATION",
      "detail": "YoY growth: +4.6% vs prior quarter YoY: +10.3% (decel: -5.7%)",
      "severity": "WARNING"
    },
    {
      "quarter": "2023-12 (Q4)",
      "signal": "INCREMENTAL MARGIN (YoY)",
      "detail": "YoY Incr OPM: +28.3% vs year-ago OPM: +8.8%",
      "severity": "MEDIUM"
    },
    {
      "quarter": "2023-09 (Q3)",
      "signal": "FCF TURNED POSITIVE",
      "detail": "FCF margin: -9.6% -> +4.5%",
      "severity": "HIGH"
    },
    {
      "quarter": "2023-09 (Q3)",
      "signal": "OPERATING LEVERAGE",
      "detail": "Rev growth +9.7% vs OpEx growth +2.2% (leverage: 4.5x)",
      "severity": "MEDIUM"
    },
    {
      "quarter": "2023-09 (Q3)",
      "signal": "INCREMENTAL MARGIN (YoY)",
      "detail": "YoY Incr OPM: +22.4% vs year-ago OPM: +11.8%",
      "severity": "MEDIUM"
    },
    {
      "quarter": "2023-06 (Q2)",
      "signal": "YoY REVENUE GROWTH ACCELERATION",
      "detail": "YoY growth: +6.9% vs prior quarter YoY: +0.2% (accel: +6.7%)",
      "severity": "MEDIUM"
    },
    {
      "quarter": "2023-03 (Q1)",
      "signal": "FCF MARGIN EXPANSION",
      "detail": "FCF margin: +2.8% -> +25.1% (+22.2%)",
      "severity": "MEDIUM"
    },
    {
      "quarter": "2023-03 (Q1)",
      "signal": "OPERATING LEVERAGE",
      "detail": "Rev growth +10.2% vs OpEx growth +3.0% (leverage: 3.3x)",
      "severity": "MEDIUM"
    },
    {
      "quarter": "2023-03 (Q1)",
      "signal": "YoY REVENUE GROWTH DECELERATION",
      "detail": "YoY growth: +0.2% vs prior quarter YoY: +6.6% (decel: -6.4%)",
      "severity": "WARNING"
    },
    {
      "quarter": "2022-12 (Q4)",
      "signal": "INCREMENTAL MARGIN (YoY)",
      "detail": "YoY Incr OPM: +34.0% vs year-ago OPM: +7.1%",
      "severity": "HIGH"
    },
    {
      "quarter": "2022-09 (Q3)",
      "signal": "FCF TURNED POSITIVE",
      "detail": "FCF margin: -6.4% -> +6.5%",
      "severity": "HIGH"
    },
    {
      "quarter": "2022-09 (Q3)",
      "signal": "INCREMENTAL MARGIN (YoY)",
      "detail": "YoY Incr OPM: +45.8% vs year-ago OPM: +10.6%",
      "severity": "HIGH"
    },
    {
      "quarter": "2022-06 (Q2)",
      "signal": "GROSS MARGIN INFLECTION",
      "detail": "GM: +34.7% -> +33.7% -> +37.5% (reversal +3.7%)",
      "severity": "MEDIUM"
    },
    {
      "quarter": "2022-06 (Q2)",
      "signal": "YoY REVENUE GROWTH DECELERATION",
      "detail": "YoY growth: +3.2% vs prior quarter YoY: +36.0% (decel: -32.9%)",
      "severity": "WARNING"
    },
    {
      "quarter": "2022-06 (Q2)",
      "signal": "INCREMENTAL MARGIN (YoY)",
      "detail": "YoY Incr OPM: +176.9% vs year-ago OPM: +5.0%",
      "severity": "HIGH"
    },
    {
      "quarter": "2022-03 (Q1)",
      "signal": "FCF MARGIN EXPANSION",
      "detail": "FCF margin: +1.4% -> +8.5% (+7.1%)",
      "severity": "MEDIUM"
    },
    {
      "quarter": "2022-03 (Q1)",
      "signal": "OPERATING LEVERAGE",
      "detail": "Rev growth +17.3% vs OpEx growth +2.8% (leverage: 6.2x)",
      "severity": "MEDIUM"
    },
    {
      "quarter": "2021-09 (Q3)",
      "signal": "FCF TURNED POSITIVE",
      "detail": "FCF margin: -5.2% -> +9.9%",
      "severity": "HIGH"
    }
  ],
  "data_quality": {
    "n_quarters": 20,
    "coverage": {
      "revenue": [
        20,
        20
      ],
      "gross_profit": [
        20,
        20
      ],
      "op_income": [
        20,
        20
      ],
      "fcf": [
        20,
        20
      ]
    },
    "gaps": [],
    "warnings": []
  },
  "market_cap": null,
  "source": "SEC EDGAR",
  "last_updated": "2026-02-24T11:08:43.541687"
}