{
  "ticker": "CMI",
  "name": "CUMMINS INC.",
  "sector": "Industrials",
  "industry": "Specialty Industrial Machinery",
  "quarters": [
    {
      "date": "2021-04-04T00:00:00",
      "quarter_label": "2021-04 (Q2)",
      "revenue": 6092000000,
      "gross_profit": 1486000000,
      "operating_income": 810000000,
      "net_income": null,
      "opex": 676000000,
      "cogs": 4606000000,
      "rd": 260000000,
      "sga": 574000000,
      "fcf": 252000000,
      "ocf": 339000000,
      "capex": -87000000,
      "gross_margin": 0.24392646093237033,
      "op_margin": 0.1329612606697308,
      "fcf_margin": 0.04136572554169402
    },
    {
      "date": "2021-07-04T00:00:00",
      "quarter_label": "2021-07 (Q3)",
      "revenue": 6111000000,
      "gross_profit": 1478000000,
      "operating_income": 735000000,
      "net_income": null,
      "opex": 743000000,
      "cogs": 4633000000,
      "rd": 276000000,
      "sga": 600000000,
      "fcf": 491000000,
      "ocf": 616000000,
      "capex": -125000000,
      "gross_margin": 0.24185894288987073,
      "op_margin": 0.12027491408934708,
      "fcf_margin": 0.0803469153984618,
      "fcf_margin_change": 0.038981189856767774
    },
    {
      "date": "2021-10-03T00:00:00",
      "quarter_label": "2021-10 (Q4)",
      "revenue": 5968000000,
      "gross_profit": 1414000000,
      "operating_income": 666000000,
      "net_income": null,
      "opex": 748000000,
      "cogs": 4554000000,
      "rd": 266000000,
      "sga": 571000000,
      "fcf": 419000000,
      "ocf": 569000000,
      "capex": -150000000,
      "gross_margin": 0.2369302949061662,
      "op_margin": 0.11159517426273459,
      "fcf_margin": 0.07020777479892762,
      "fcf_margin_change": -0.010139140599534177
    },
    {
      "date": "2021-12-31T00:00:00",
      "quarter_label": "2021-12 (Q4)",
      "revenue": 5850000000,
      "gross_profit": 1317000000,
      "operating_income": 495000000,
      "net_income": null,
      "opex": 822000000,
      "cogs": 4533000000,
      "rd": 288000000,
      "sga": 629000000,
      "fcf": 360000000,
      "ocf": 732000000,
      "capex": -372000000,
      "gross_margin": 0.22512820512820514,
      "op_margin": 0.08461538461538462,
      "fcf_margin": 0.06153846153846154,
      "fcf_margin_change": -0.008669313260466077
    },
    {
      "date": "2022-03-31T00:00:00",
      "quarter_label": "2022-03 (Q1)",
      "revenue": 6385000000,
      "gross_profit": 1532000000,
      "operating_income": 604000000,
      "net_income": null,
      "opex": 928000000,
      "cogs": 4853000000,
      "rd": 298000000,
      "sga": 615000000,
      "fcf": 60000000,
      "ocf": 164000000,
      "capex": -104000000,
      "gross_margin": 0.2399373531714957,
      "op_margin": 0.09459671104150352,
      "fcf_margin": 0.009397024275646046,
      "incr_op_margin_yoy": -0.7030716723549488,
      "rev_growth_yoy": 0.04809586342744583,
      "op_leverage_ratio": 0.7091920657958393,
      "fcf_margin_change": -0.0521414372628155
    },
    {
      "date": "2022-06-30T00:00:00",
      "quarter_label": "2022-06 (Q2)",
      "revenue": 6586000000,
      "gross_profit": 1726000000,
      "operating_income": 897000000,
      "net_income": null,
      "opex": 829000000,
      "cogs": 4860000000,
      "rd": 299000000,
      "sga": 622000000,
      "fcf": 452000000,
      "ocf": 599000000,
      "capex": -147000000,
      "gross_margin": 0.2620710598238688,
      "op_margin": 0.13619799574855754,
      "fcf_margin": 0.06863042818098998,
      "incr_op_margin_yoy": 0.3410526315789474,
      "rev_growth_yoy": 0.07772868597610866,
      "rev_growth_yoy_accel": 0.029632822548662827,
      "op_leverage_ratio": null,
      "fcf_margin_change": 0.059233403905343936
    },
    {
      "date": "2022-09-30T00:00:00",
      "quarter_label": "2022-09 (Q3)",
      "revenue": 7333000000,
      "gross_profit": 1642000000,
      "operating_income": 626000000,
      "net_income": null,
      "opex": 1016000000,
      "cogs": 5691000000,
      "rd": 348000000,
      "sga": 708000000,
      "fcf": 180000000,
      "ocf": 382000000,
      "capex": -202000000,
      "gross_margin": 0.22391926905768444,
      "op_margin": 0.08536751670530479,
      "fcf_margin": 0.02454657029864994,
      "incr_op_margin_yoy": -0.029304029304029304,
      "rev_growth_yoy": 0.22871983914209115,
      "rev_growth_yoy_accel": 0.1509911531659825,
      "op_leverage_ratio": 0.5028191383115375,
      "fcf_margin_change": -0.04408385788234004
    },
    {
      "date": "2022-12-31T00:00:00",
      "quarter_label": "2022-12 (Q4)",
      "revenue": 7770000000,
      "gross_profit": 1819000000,
      "operating_income": 802000000,
      "net_income": null,
      "opex": 1017000000,
      "cogs": 5951000000,
      "rd": 333000000,
      "sga": 742000000,
      "fcf": 354000000,
      "ocf": 817000000,
      "capex": -463000000,
      "gross_margin": 0.2341055341055341,
      "op_margin": 0.10321750321750321,
      "fcf_margin": 0.04555984555984556,
      "incr_op_margin_yoy": 0.15989583333333332,
      "rev_growth_yoy": 0.3282051282051282,
      "rev_growth_yoy_accel": 0.09948528906303705,
      "op_leverage_ratio": null,
      "fcf_margin_change": 0.021013275261195622
    },
    {
      "date": "2023-03-31T00:00:00",
      "quarter_label": "2023-03 (Q1)",
      "revenue": 8453000000,
      "gross_profit": 2029000000,
      "operating_income": 1026000000,
      "net_income": null,
      "opex": 1003000000,
      "cogs": 6424000000,
      "rd": 350000000,
      "sga": 753000000,
      "fcf": 302000000,
      "ocf": 495000000,
      "capex": -193000000,
      "gross_margin": 0.2400331243345558,
      "op_margin": 0.12137702590796166,
      "fcf_margin": 0.035726960842304506,
      "incr_op_margin_yoy": 0.20406189555125726,
      "rev_growth_yoy": 0.32388410336726703,
      "rev_growth_yoy_accel": -0.004321024837861176,
      "op_leverage_ratio": null,
      "fcf_margin_change": -0.009832884717541054
    },
    {
      "date": "2023-06-30T00:00:00",
      "quarter_label": "2023-06 (Q2)",
      "revenue": 8638000000,
      "gross_profit": 2148000000,
      "operating_income": 997000000,
      "net_income": null,
      "opex": 1151000000,
      "cogs": 6490000000,
      "rd": 384000000,
      "sga": 873000000,
      "fcf": 262000000,
      "ocf": 483000000,
      "capex": -221000000,
      "gross_margin": 0.24866867330400555,
      "op_margin": 0.11542023616577912,
      "fcf_margin": 0.03033109516091688,
      "incr_op_margin_yoy": 0.04873294346978557,
      "rev_growth_yoy": 0.3115699969632554,
      "rev_growth_yoy_accel": -0.012314106404011649,
      "op_leverage_ratio": 0.14832012303324263,
      "fcf_margin_change": -0.005395865681387627
    },
    {
      "date": "2023-09-30T00:00:00",
      "quarter_label": "2023-09 (Q3)",
      "revenue": 8431000000,
      "gross_profit": 2071000000,
      "operating_income": 950000000,
      "net_income": null,
      "opex": 1121000000,
      "cogs": 6360000000,
      "rd": 376000000,
      "sga": 831000000,
      "fcf": 1249000000,
      "ocf": 1529000000,
      "capex": -280000000,
      "gross_margin": 0.2456410864666113,
      "op_margin": 0.1126793974617483,
      "fcf_margin": 0.14814375518918277,
      "incr_op_margin_yoy": 0.29508196721311475,
      "rev_growth_yoy": 0.14973407882176462,
      "rev_growth_yoy_accel": -0.16183591814149076,
      "fcf_margin_change": 0.11781266002826589
    },
    {
      "date": "2023-12-31T00:00:00",
      "quarter_label": "2023-12 (Q4)",
      "revenue": 8543000000,
      "gross_profit": 2001000000,
      "operating_income": -1212000000,
      "net_income": null,
      "opex": 3213000000,
      "cogs": 6542000000,
      "rd": 390000000,
      "sga": 876000000,
      "fcf": 940000000,
      "ocf": 1459000000,
      "capex": -519000000,
      "gross_margin": 0.23422685239377267,
      "op_margin": -0.14187053728198526,
      "fcf_margin": 0.11003160482266183,
      "incr_op_margin_yoy": -2.6054333764553688,
      "rev_growth_yoy": 0.09948519948519949,
      "rev_growth_yoy_accel": -0.05024887933656513,
      "op_leverage_ratio": 0.00711840782435213,
      "fcf_margin_change": -0.038112150366520936
    },
    {
      "date": "2024-03-31T00:00:00",
      "quarter_label": "2024-03 (Q1)",
      "revenue": 8403000000,
      "gross_profit": 2041000000,
      "operating_income": 923000000,
      "net_income": null,
      "opex": 1118000000,
      "cogs": 6362000000,
      "rd": 369000000,
      "sga": 839000000,
      "fcf": 107000000,
      "ocf": 276000000,
      "capex": -169000000,
      "gross_margin": 0.2428894442461026,
      "op_margin": 0.10984172319409735,
      "fcf_margin": 0.01273354754254433,
      "incr_op_margin_yoy": 2.06,
      "rev_growth_yoy": -0.0059150597421033955,
      "rev_growth_yoy_accel": -0.10540025922730288,
      "fcf_margin_change": -0.0972980572801175
    },
    {
      "date": "2024-06-30T00:00:00",
      "quarter_label": "2024-06 (Q2)",
      "revenue": 8796000000,
      "gross_profit": 2193000000,
      "operating_income": 1045000000,
      "net_income": null,
      "opex": 1148000000,
      "cogs": 6603000000,
      "rd": 379000000,
      "sga": 828000000,
      "fcf": -1091000000,
      "ocf": -851000000,
      "capex": -240000000,
      "gross_margin": 0.24931787175989087,
      "op_margin": 0.11880400181900864,
      "fcf_margin": -0.12403365165984538,
      "incr_op_margin_yoy": 0.3037974683544304,
      "rev_growth_yoy": 0.018291271127575826,
      "rev_growth_yoy_accel": 0.024206330869679223,
      "op_leverage_ratio": 1.7429251457812687,
      "fcf_margin_change": -0.13676719920238972
    },
    {
      "date": "2024-09-30T00:00:00",
      "quarter_label": "2024-09 (Q3)",
      "revenue": 8456000000,
      "gross_profit": 2171000000,
      "operating_income": 1050000000,
      "net_income": null,
      "opex": 1121000000,
      "cogs": 6285000000,
      "rd": 359000000,
      "sga": 807000000,
      "fcf": 381000000,
      "ocf": 640000000,
      "capex": -259000000,
      "gross_margin": 0.25674077578051085,
      "op_margin": 0.12417218543046357,
      "fcf_margin": 0.04505676442762536,
      "incr_op_margin_yoy": 4.0,
      "rev_growth_yoy": 0.0029652473016249553,
      "rev_growth_yoy_accel": -0.015326023825950871,
      "fcf_margin_change": 0.16909041608747075
    },
    {
      "date": "2024-12-31T00:00:00",
      "quarter_label": "2024-12 (Q4)",
      "revenue": 8447000000,
      "gross_profit": 2034000000,
      "operating_income": 732000000,
      "net_income": null,
      "opex": 1302000000,
      "cogs": 6413000000,
      "rd": 356000000,
      "sga": 801000000,
      "fcf": 882000000,
      "ocf": 1422000000,
      "capex": -540000000,
      "gross_margin": 0.2407955487155203,
      "op_margin": 0.08665798508346158,
      "fcf_margin": 0.10441576891203978,
      "incr_op_margin_yoy": -20.25,
      "rev_growth_yoy": -0.011237270279761208,
      "rev_growth_yoy_accel": -0.014202517581386163,
      "fcf_margin_change": 0.059359004484414425
    },
    {
      "date": "2025-03-31T00:00:00",
      "quarter_label": "2025-03 (Q1)",
      "revenue": 8174000000,
      "gross_profit": 2155000000,
      "operating_income": 1134000000,
      "net_income": null,
      "opex": 1021000000,
      "cogs": 6019000000,
      "rd": 344000000,
      "sga": 771000000,
      "fcf": -165000000,
      "ocf": -3000000,
      "capex": -162000000,
      "gross_margin": 0.2636408123317837,
      "op_margin": 0.13873256667482262,
      "fcf_margin": -0.020185955468558846,
      "incr_op_margin_yoy": -0.9213973799126638,
      "rev_growth_yoy": -0.027252171843389267,
      "rev_growth_yoy_accel": -0.01601490156362806,
      "fcf_margin_change": -0.12460172438059863
    },
    {
      "date": "2025-06-30T00:00:00",
      "quarter_label": "2025-06 (Q2)",
      "revenue": 8643000000,
      "gross_profit": 2281000000,
      "operating_income": 1226000000,
      "net_income": null,
      "opex": 1055000000,
      "cogs": 6362000000,
      "rd": 357000000,
      "sga": 779000000,
      "fcf": 554000000,
      "ocf": 785000000,
      "capex": -231000000,
      "gross_margin": 0.26391299317366657,
      "op_margin": 0.14184889505958578,
      "fcf_margin": 0.064098114080759,
      "incr_op_margin_yoy": -1.1830065359477124,
      "rev_growth_yoy": -0.017394270122783082,
      "rev_growth_yoy_accel": 0.009857901720606185,
      "op_leverage_ratio": 1.7229990356798457,
      "fcf_margin_change": 0.08428406954931784
    },
    {
      "date": "2025-09-30T00:00:00",
      "quarter_label": "2025-09 (Q3)",
      "revenue": 8317000000,
      "gross_profit": 2129000000,
      "operating_income": 852000000,
      "net_income": null,
      "opex": 1277000000,
      "cogs": 6188000000,
      "rd": 345000000,
      "sga": 789000000,
      "fcf": 1007000000,
      "ocf": 1305000000,
      "capex": -298000000,
      "gross_margin": 0.25598172417939163,
      "op_margin": 0.10244078393651557,
      "fcf_margin": 0.12107731153059997,
      "incr_op_margin_yoy": 1.4244604316546763,
      "rev_growth_yoy": -0.01643803216650899,
      "rev_growth_yoy_accel": 0.0009562379562740933,
      "fcf_margin_change": 0.05697919744984098
    },
    {
      "date": "2025-12-31T00:00:00",
      "quarter_label": "2025-12 (Q4)",
      "revenue": 8536000000,
      "gross_profit": 1951000000,
      "operating_income": 813000000,
      "net_income": null,
      "opex": 1138000000,
      "cogs": 6585000000,
      "rd": 350000000,
      "sga": 786000000,
      "fcf": 990000000,
      "ocf": 1534000000,
      "capex": -544000000,
      "gross_margin": 0.2285613870665417,
      "op_margin": 0.09524367385192127,
      "fcf_margin": 0.11597938144329897,
      "incr_op_margin_yoy": 0.9101123595505618,
      "rev_growth_yoy": 0.010536285071623061,
      "rev_growth_yoy_accel": 0.02697431723813205,
      "op_leverage_ratio": null,
      "fcf_margin_change": -0.005097930087301
    }
  ],
  "signals": [
    {
      "quarter": "2025-12 (Q4)",
      "signal": "INCREMENTAL MARGIN (YoY)",
      "detail": "YoY Incr OPM: +91.0% vs year-ago OPM: +8.7%",
      "severity": "HIGH"
    },
    {
      "quarter": "2025-09 (Q3)",
      "signal": "FCF MARGIN EXPANSION",
      "detail": "FCF margin: +6.4% -> +12.1% (+5.7%)",
      "severity": "MEDIUM"
    },
    {
      "quarter": "2025-09 (Q3)",
      "signal": "INCREMENTAL MARGIN (YoY)",
      "detail": "YoY Incr OPM: +142.4% vs year-ago OPM: +12.4%",
      "severity": "HIGH"
    },
    {
      "quarter": "2025-06 (Q2)",
      "signal": "FCF TURNED POSITIVE",
      "detail": "FCF margin: -2.0% -> +6.4%",
      "severity": "HIGH"
    },
    {
      "quarter": "2025-06 (Q2)",
      "signal": "OPERATING LEVERAGE",
      "detail": "Rev growth +5.7% vs OpEx growth +3.3% (leverage: 1.7x)",
      "severity": "MEDIUM"
    },
    {
      "quarter": "2025-03 (Q1)",
      "signal": "GROSS MARGIN INFLECTION",
      "detail": "GM: +25.7% -> +24.1% -> +26.4% (reversal +2.3%)",
      "severity": "MEDIUM"
    },
    {
      "quarter": "2024-12 (Q4)",
      "signal": "FCF MARGIN EXPANSION",
      "detail": "FCF margin: +4.5% -> +10.4% (+5.9%)",
      "severity": "MEDIUM"
    },
    {
      "quarter": "2024-12 (Q4)",
      "signal": "OP MARGIN TURNED POSITIVE (YoY)",
      "detail": "Op margin: -14.2% (year-ago) -> +8.7%",
      "severity": "HIGH"
    },
    {
      "quarter": "2024-09 (Q3)",
      "signal": "FCF TURNED POSITIVE",
      "detail": "FCF margin: -12.4% -> +4.5%",
      "severity": "HIGH"
    },
    {
      "quarter": "2024-09 (Q3)",
      "signal": "INCREMENTAL MARGIN (YoY)",
      "detail": "YoY Incr OPM: +400.0% vs year-ago OPM: +11.3%",
      "severity": "HIGH"
    },
    {
      "quarter": "2024-06 (Q2)",
      "signal": "OPERATING LEVERAGE",
      "detail": "Rev growth +4.7% vs OpEx growth +2.7% (leverage: 1.7x)",
      "severity": "MEDIUM"
    },
    {
      "quarter": "2024-06 (Q2)",
      "signal": "INCREMENTAL MARGIN (YoY)",
      "detail": "YoY Incr OPM: +30.4% vs year-ago OPM: +11.5%",
      "severity": "MEDIUM"
    },
    {
      "quarter": "2024-03 (Q1)",
      "signal": "YoY REVENUE GROWTH DECELERATION",
      "detail": "YoY growth: -0.6% vs prior quarter YoY: +9.9% (decel: -10.5%)",
      "severity": "WARNING"
    },
    {
      "quarter": "2024-03 (Q1)",
      "signal": "INCREMENTAL MARGIN (YoY)",
      "detail": "YoY Incr OPM: +206.0% vs year-ago OPM: +12.1%",
      "severity": "HIGH"
    },
    {
      "quarter": "2024-03 (Q1)",
      "signal": "OP MARGIN TURNED POSITIVE (QoQ)",
      "detail": "Op margin: -14.2% -> +11.0%",
      "severity": "HIGH"
    },
    {
      "quarter": "2023-12 (Q4)",
      "signal": "YoY REVENUE GROWTH DECELERATION",
      "detail": "YoY growth: +9.9% vs prior quarter YoY: +15.0% (decel: -5.0%)",
      "severity": "WARNING"
    },
    {
      "quarter": "2023-09 (Q3)",
      "signal": "FCF MARGIN EXPANSION",
      "detail": "FCF margin: +3.0% -> +14.8% (+11.8%)",
      "severity": "MEDIUM"
    },
    {
      "quarter": "2023-09 (Q3)",
      "signal": "YoY REVENUE GROWTH DECELERATION",
      "detail": "YoY growth: +15.0% vs prior quarter YoY: +31.2% (decel: -16.2%)",
      "severity": "WARNING"
    },
    {
      "quarter": "2023-09 (Q3)",
      "signal": "INCREMENTAL MARGIN (YoY)",
      "detail": "YoY Incr OPM: +29.5% vs year-ago OPM: +8.5%",
      "severity": "HIGH"
    },
    {
      "quarter": "2023-03 (Q1)",
      "signal": "INCREMENTAL MARGIN (YoY)",
      "detail": "YoY Incr OPM: +20.4% vs year-ago OPM: +9.5%",
      "severity": "MEDIUM"
    },
    {
      "quarter": "2022-12 (Q4)",
      "signal": "OPERATING LEVERAGE",
      "detail": "Rev growth +6.0% vs OpEx growth +0.1% (leverage: 60.5x)",
      "severity": "MEDIUM"
    },
    {
      "quarter": "2022-12 (Q4)",
      "signal": "YoY REVENUE GROWTH ACCELERATION",
      "detail": "YoY growth: +32.8% vs prior quarter YoY: +22.9% (accel: +9.9%)",
      "severity": "MEDIUM"
    },
    {
      "quarter": "2022-09 (Q3)",
      "signal": "YoY REVENUE GROWTH ACCELERATION",
      "detail": "YoY growth: +22.9% vs prior quarter YoY: +7.8% (accel: +15.1%)",
      "severity": "HIGH"
    },
    {
      "quarter": "2022-06 (Q2)",
      "signal": "FCF MARGIN EXPANSION",
      "detail": "FCF margin: +0.9% -> +6.9% (+5.9%)",
      "severity": "MEDIUM"
    },
    {
      "quarter": "2022-06 (Q2)",
      "signal": "INCREMENTAL MARGIN (YoY)",
      "detail": "YoY Incr OPM: +34.1% vs year-ago OPM: +12.0%",
      "severity": "HIGH"
    }
  ],
  "data_quality": {
    "n_quarters": 20,
    "coverage": {
      "revenue": [
        20,
        20
      ],
      "gross_profit": [
        20,
        20
      ],
      "op_income": [
        20,
        20
      ],
      "fcf": [
        20,
        20
      ]
    },
    "gaps": [],
    "warnings": []
  },
  "market_cap": null,
  "source": "SEC EDGAR",
  "last_updated": "2026-02-13T11:45:44.847050"
}