{
  "ticker": "CMP",
  "name": "Compass Minerals International, Inc.",
  "sector": "Basic Materials",
  "industry": "Other Industrial Metals & Mining",
  "quarters": [
    {
      "date": "2021-03-31T00:00:00",
      "quarter_label": "2021-03 (Q1)",
      "revenue": 426000000,
      "gross_profit": 96000000,
      "operating_income": 63600000,
      "net_income": -223600000,
      "opex": 32400000,
      "cogs": null,
      "rd": null,
      "sga": 32400000,
      "fcf": 200200000,
      "ocf": 200200000,
      "capex": null,
      "gross_margin": 0.22535211267605634,
      "op_margin": 0.14929577464788732,
      "fcf_margin": 0.4699530516431925
    },
    {
      "date": "2021-06-30T00:00:00",
      "quarter_label": "2021-06 (Q2)",
      "revenue": 199400000,
      "gross_profit": 30200000,
      "operating_income": 900000,
      "net_income": 57100000,
      "opex": 29300000,
      "cogs": null,
      "rd": null,
      "sga": 29300000,
      "fcf": 10200000,
      "ocf": 10200000,
      "capex": null,
      "gross_margin": 0.1514543630892678,
      "op_margin": 0.004513540621865597,
      "fcf_margin": 0.05115346038114343,
      "fcf_margin_change": -0.4187995912620491
    },
    {
      "date": "2021-09-30T00:00:00",
      "quarter_label": "2021-09 (Q3)",
      "revenue": 211700000,
      "gross_profit": 33100000,
      "operating_income": 2100000,
      "net_income": -56000000,
      "opex": 31000000,
      "cogs": null,
      "rd": null,
      "sga": 31000000,
      "fcf": -55700000,
      "ocf": -55700000,
      "capex": null,
      "gross_margin": 0.15635333018422296,
      "op_margin": 0.009919697685403874,
      "fcf_margin": -0.26310817194142655,
      "op_leverage_ratio": 1.063160068440616,
      "fcf_margin_change": -0.31426163232257
    },
    {
      "date": "2021-12-31T00:00:00",
      "quarter_label": "2021-12 (Q4)",
      "revenue": 331500000,
      "gross_profit": 59900000,
      "operating_income": 20400000,
      "net_income": 2400000,
      "opex": 39500000,
      "cogs": null,
      "rd": null,
      "sga": 39500000,
      "fcf": -14300000,
      "ocf": -14300000,
      "capex": null,
      "gross_margin": 0.18069381598793363,
      "op_margin": 0.06153846153846154,
      "fcf_margin": -0.043137254901960784,
      "op_leverage_ratio": 2.0638528439245327,
      "fcf_margin_change": 0.21997091703946575
    },
    {
      "date": "2022-03-31T00:00:00",
      "quarter_label": "2022-03 (Q1)",
      "revenue": 448500000,
      "gross_profit": 64600000,
      "operating_income": 20000000,
      "net_income": -12100000,
      "opex": 44600000,
      "cogs": null,
      "rd": null,
      "sga": 44600000,
      "fcf": 160200000,
      "ocf": 160200000,
      "capex": null,
      "gross_margin": 0.1440356744704571,
      "op_margin": 0.044593088071348944,
      "fcf_margin": 0.35719063545150503,
      "incr_op_margin_yoy": -1.9377777777777778,
      "rev_growth_yoy": 0.0528169014084507,
      "op_leverage_ratio": 2.7335640138408306,
      "fcf_margin_change": 0.40032789035346583
    },
    {
      "date": "2022-06-30T00:00:00",
      "quarter_label": "2022-06 (Q2)",
      "revenue": 214700000,
      "gross_profit": 33900000,
      "operating_income": -3500000,
      "net_income": -7900000,
      "opex": 37400000,
      "cogs": null,
      "rd": null,
      "sga": 37400000,
      "fcf": 3000000,
      "ocf": 3000000,
      "capex": null,
      "gross_margin": 0.15789473684210525,
      "op_margin": -0.016301816488122962,
      "fcf_margin": 0.013972985561248253,
      "incr_op_margin_yoy": -0.2875816993464052,
      "rev_growth_yoy": 0.07673019057171515,
      "rev_growth_yoy_accel": 0.023913289163264448,
      "fcf_margin_change": -0.34321764989025677
    },
    {
      "date": "2022-09-30T00:00:00",
      "quarter_label": "2022-09 (Q3)",
      "revenue": 249400000,
      "gross_profit": 38400000,
      "operating_income": 6000000,
      "net_income": -7500000,
      "opex": 32400000,
      "cogs": null,
      "rd": null,
      "sga": 32400000,
      "fcf": -28500000,
      "ocf": -28500000,
      "capex": null,
      "gross_margin": 0.15396952686447474,
      "op_margin": 0.024057738572574178,
      "fcf_margin": -0.11427425821972735,
      "incr_op_margin_yoy": 0.10344827586206896,
      "rev_growth_yoy": 0.1780821917808219,
      "rev_growth_yoy_accel": 0.10135200120910676,
      "op_leverage_ratio": null,
      "fcf_margin_change": -0.1282472437809756
    },
    {
      "date": "2022-12-31T00:00:00",
      "quarter_label": "2022-12 (Q4)",
      "revenue": 352400000,
      "gross_profit": 70000000,
      "operating_income": 27900000,
      "net_income": -300000,
      "opex": 42100000,
      "cogs": null,
      "rd": null,
      "sga": 42100000,
      "fcf": 2100000,
      "ocf": 2100000,
      "capex": null,
      "gross_margin": 0.19863791146424517,
      "op_margin": 0.07917139614074915,
      "fcf_margin": 0.005959137343927355,
      "incr_op_margin_yoy": 0.3588516746411483,
      "rev_growth_yoy": 0.06304675716440422,
      "rev_growth_yoy_accel": -0.11503543461641769,
      "op_leverage_ratio": 1.379475690109872,
      "fcf_margin_change": 0.1202333955636547
    },
    {
      "date": "2023-03-31T00:00:00",
      "quarter_label": "2023-03 (Q1)",
      "revenue": 411100000,
      "gross_profit": 85200000,
      "operating_income": 47900000,
      "net_income": -21600000,
      "opex": 37300000,
      "cogs": null,
      "rd": null,
      "sga": 37300000,
      "fcf": 147400000,
      "ocf": 147400000,
      "capex": null,
      "gross_margin": 0.2072488445633666,
      "op_margin": 0.11651666261250304,
      "fcf_margin": 0.3585502310873267,
      "incr_op_margin_yoy": -0.7459893048128342,
      "rev_growth_yoy": -0.08338907469342252,
      "rev_growth_yoy_accel": -0.14643583185782674,
      "op_leverage_ratio": null,
      "fcf_margin_change": 0.35259109374339936
    },
    {
      "date": "2023-06-30T00:00:00",
      "quarter_label": "2023-06 (Q2)",
      "revenue": 207600000,
      "gross_profit": 34600000,
      "operating_income": -600000,
      "net_income": 39900000,
      "opex": 35200000,
      "cogs": null,
      "rd": null,
      "sga": 35200000,
      "fcf": -22600000,
      "ocf": -22600000,
      "capex": null,
      "gross_margin": 0.16666666666666666,
      "op_margin": -0.002890173410404624,
      "fcf_margin": -0.10886319845857419,
      "incr_op_margin_yoy": -0.4084507042253521,
      "rev_growth_yoy": -0.03306939916162087,
      "rev_growth_yoy_accel": 0.05031967553180165,
      "fcf_margin_change": -0.46741342954590087
    },
    {
      "date": "2023-09-30T00:00:00",
      "quarter_label": "2023-09 (Q3)",
      "revenue": 233600000,
      "gross_profit": 42200000,
      "operating_income": 3900000,
      "net_income": -4000000,
      "opex": 38300000,
      "cogs": null,
      "rd": null,
      "sga": 40200000,
      "fcf": -20900000,
      "ocf": -20900000,
      "capex": null,
      "gross_margin": 0.18065068493150685,
      "op_margin": 0.016695205479452056,
      "fcf_margin": -0.08946917808219178,
      "incr_op_margin_yoy": 0.13291139240506328,
      "rev_growth_yoy": -0.06335204490777867,
      "rev_growth_yoy_accel": -0.0302826457461578,
      "op_leverage_ratio": 1.422089626452856,
      "fcf_margin_change": 0.01939402037638241
    },
    {
      "date": "2023-12-31T00:00:00",
      "quarter_label": "2023-12 (Q4)",
      "revenue": 341700000,
      "gross_profit": 70600000,
      "operating_income": -55300000,
      "net_income": -75100000,
      "opex": 125900000,
      "cogs": null,
      "rd": null,
      "sga": 45700000,
      "fcf": -52300000,
      "ocf": -52300000,
      "capex": null,
      "gross_margin": 0.20661398887913374,
      "op_margin": -0.16183786947614867,
      "fcf_margin": -0.1530582382206614,
      "incr_op_margin_yoy": 7.775700934579439,
      "rev_growth_yoy": -0.03036322360953462,
      "rev_growth_yoy_accel": 0.03298882129824405,
      "op_leverage_ratio": 0.2023240562644649,
      "fcf_margin_change": -0.06358906013846961
    },
    {
      "date": "2024-03-31T00:00:00",
      "quarter_label": "2024-03 (Q1)",
      "revenue": 364000000,
      "gross_profit": 72900000,
      "operating_income": -45800000,
      "net_income": -48000000,
      "opex": 118700000,
      "cogs": null,
      "rd": null,
      "sga": 33300000,
      "fcf": 86200000,
      "ocf": 86200000,
      "capex": null,
      "gross_margin": 0.20027472527472528,
      "op_margin": -0.12582417582417582,
      "fcf_margin": 0.2368131868131868,
      "incr_op_margin_yoy": 1.989384288747346,
      "rev_growth_yoy": -0.11457066407200195,
      "rev_growth_yoy_accel": -0.08420744046246734,
      "op_leverage_ratio": null,
      "fcf_margin_change": 0.3898714250338482
    },
    {
      "date": "2024-06-30T00:00:00",
      "quarter_label": "2024-06 (Q2)",
      "revenue": 202900000,
      "gross_profit": 32600000,
      "operating_income": 5900000,
      "net_income": -43600000,
      "opex": 26700000,
      "cogs": null,
      "rd": null,
      "sga": 27500000,
      "fcf": -6800000,
      "ocf": -6800000,
      "capex": null,
      "gross_margin": 0.16067028092656482,
      "op_margin": 0.029078363725973385,
      "fcf_margin": -0.03351404632824051,
      "incr_op_margin_yoy": -1.3829787234042554,
      "rev_growth_yoy": -0.022639691714836225,
      "rev_growth_yoy_accel": 0.09193097235716573,
      "fcf_margin_change": -0.2703272331414273
    },
    {
      "date": "2024-09-30T00:00:00",
      "quarter_label": "2024-09 (Q3)",
      "revenue": 208800000,
      "gross_profit": 19500000,
      "operating_income": -29800000,
      "net_income": -48300000,
      "opex": 49300000,
      "cogs": null,
      "rd": null,
      "sga": 31300000,
      "fcf": -12700000,
      "ocf": -12700000,
      "capex": null,
      "gross_margin": 0.09339080459770115,
      "op_margin": -0.14272030651340997,
      "fcf_margin": -0.06082375478927203,
      "incr_op_margin_yoy": 1.3588709677419355,
      "rev_growth_yoy": -0.10616438356164383,
      "rev_growth_yoy_accel": -0.08352469184680761,
      "op_leverage_ratio": 0.034353642101039354,
      "fcf_margin_change": -0.02730970846103152
    },
    {
      "date": "2024-12-31T00:00:00",
      "quarter_label": "2024-12 (Q4)",
      "revenue": 307200000,
      "gross_profit": 34300000,
      "operating_income": 500000,
      "net_income": -23600000,
      "opex": 33800000,
      "cogs": null,
      "rd": null,
      "sga": 33300000,
      "fcf": -4100000,
      "ocf": -4100000,
      "capex": null,
      "gross_margin": 0.11165364583333333,
      "op_margin": 0.0016276041666666667,
      "fcf_margin": -0.013346354166666666,
      "incr_op_margin_yoy": -1.617391304347826,
      "rev_growth_yoy": -0.1009657594381036,
      "rev_growth_yoy_accel": 0.0051986241235402325,
      "op_leverage_ratio": null,
      "fcf_margin_change": 0.047477400622605366
    },
    {
      "date": "2025-03-31T00:00:00",
      "quarter_label": "2025-03 (Q1)",
      "revenue": 494600000,
      "gross_profit": 76800000,
      "operating_income": -3100000,
      "net_income": -32000000,
      "opex": 79900000,
      "cogs": null,
      "rd": null,
      "sga": 29600000,
      "fcf": 186900000,
      "ocf": 186900000,
      "capex": null,
      "gross_margin": 0.15527699150828952,
      "op_margin": -0.006267691063485645,
      "fcf_margin": 0.3778811160533765,
      "incr_op_margin_yoy": 0.32695252679938747,
      "rev_growth_yoy": 0.3587912087912088,
      "rev_growth_yoy_accel": 0.4597569682293124,
      "op_leverage_ratio": 0.4472642127621113,
      "fcf_margin_change": 0.39122747022004317
    },
    {
      "date": "2025-06-30T00:00:00",
      "quarter_label": "2025-06 (Q2)",
      "revenue": 214600000,
      "gross_profit": 41200000,
      "operating_income": 15900000,
      "net_income": -17000000,
      "opex": 25300000,
      "cogs": null,
      "rd": null,
      "sga": 24000000,
      "fcf": 21800000,
      "ocf": 21800000,
      "capex": null,
      "gross_margin": 0.19198508853681268,
      "op_margin": 0.07409133271202237,
      "fcf_margin": 0.1015843429636533,
      "incr_op_margin_yoy": 0.8547008547008547,
      "rev_growth_yoy": 0.05766387382947265,
      "rev_growth_yoy_accel": -0.30112733496173616,
      "fcf_margin_change": -0.27629677308972317
    },
    {
      "date": "2025-09-30T00:00:00",
      "quarter_label": "2025-09 (Q3)",
      "revenue": 227500000,
      "gross_profit": 38400000,
      "operating_income": 12000000,
      "net_income": -7200000,
      "opex": 26400000,
      "cogs": null,
      "rd": null,
      "sga": 26400000,
      "fcf": -6900000,
      "ocf": -6900000,
      "capex": null,
      "gross_margin": 0.1687912087912088,
      "op_margin": 0.05274725274725275,
      "fcf_margin": -0.03032967032967033,
      "incr_op_margin_yoy": 2.235294117647059,
      "rev_growth_yoy": 0.08955938697318008,
      "rev_growth_yoy_accel": 0.031895513143707435,
      "op_leverage_ratio": 1.3825722273998136,
      "fcf_margin_change": -0.13191401329332364
    },
    {
      "date": "2025-12-31T00:00:00",
      "quarter_label": "2025-12 (Q4)",
      "revenue": 396100000,
      "gross_profit": 63200000,
      "operating_income": 36600000,
      "net_income": 18600000,
      "opex": 26600000,
      "cogs": null,
      "rd": null,
      "sga": 26600000,
      "fcf": -37000000,
      "ocf": -37000000,
      "capex": null,
      "gross_margin": 0.1595556677606665,
      "op_margin": 0.09240090886139864,
      "fcf_margin": -0.09341075485988387,
      "incr_op_margin_yoy": 0.40607424071991,
      "rev_growth_yoy": 0.2893880208333333,
      "rev_growth_yoy_accel": 0.19982863386015323,
      "op_leverage_ratio": 97.82505494505494,
      "fcf_margin_change": -0.06308108453021355
    }
  ],
  "signals": [
    {
      "quarter": "2025-12 (Q4)",
      "signal": "OPERATING LEVERAGE",
      "detail": "Rev growth +74.1% vs OpEx growth +0.8% (leverage: 97.8x)",
      "severity": "MEDIUM"
    },
    {
      "quarter": "2025-12 (Q4)",
      "signal": "YoY REVENUE GROWTH ACCELERATION",
      "detail": "YoY growth: +28.9% vs prior quarter YoY: +9.0% (accel: +20.0%)",
      "severity": "HIGH"
    },
    {
      "quarter": "2025-12 (Q4)",
      "signal": "INCREMENTAL MARGIN (YoY)",
      "detail": "YoY Incr OPM: +40.6% vs year-ago OPM: +0.2%",
      "severity": "HIGH"
    },
    {
      "quarter": "2025-09 (Q3)",
      "signal": "OP MARGIN TURNED POSITIVE (YoY)",
      "detail": "Op margin: -14.3% (year-ago) -> +5.3%",
      "severity": "HIGH"
    },
    {
      "quarter": "2025-06 (Q2)",
      "signal": "YoY REVENUE GROWTH DECELERATION",
      "detail": "YoY growth: +5.8% vs prior quarter YoY: +35.9% (decel: -30.1%)",
      "severity": "WARNING"
    },
    {
      "quarter": "2025-06 (Q2)",
      "signal": "INCREMENTAL MARGIN (YoY)",
      "detail": "YoY Incr OPM: +85.5% vs year-ago OPM: +2.9%",
      "severity": "HIGH"
    },
    {
      "quarter": "2025-06 (Q2)",
      "signal": "OP MARGIN TURNED POSITIVE (QoQ)",
      "detail": "Op margin: -0.6% -> +7.4%",
      "severity": "HIGH"
    },
    {
      "quarter": "2025-03 (Q1)",
      "signal": "FCF TURNED POSITIVE",
      "detail": "FCF margin: -1.3% -> +37.8%",
      "severity": "HIGH"
    },
    {
      "quarter": "2025-03 (Q1)",
      "signal": "YoY REVENUE GROWTH ACCELERATION",
      "detail": "YoY growth: +35.9% vs prior quarter YoY: -10.1% (accel: +46.0%)",
      "severity": "HIGH"
    },
    {
      "quarter": "2024-12 (Q4)",
      "signal": "OP MARGIN TURNED POSITIVE (YoY)",
      "detail": "Op margin: -16.2% (year-ago) -> +0.2%",
      "severity": "HIGH"
    },
    {
      "quarter": "2024-12 (Q4)",
      "signal": "OP MARGIN TURNED POSITIVE (QoQ)",
      "detail": "Op margin: -14.3% -> +0.2%",
      "severity": "HIGH"
    },
    {
      "quarter": "2024-09 (Q3)",
      "signal": "YoY REVENUE GROWTH DECELERATION",
      "detail": "YoY growth: -10.6% vs prior quarter YoY: -2.3% (decel: -8.4%)",
      "severity": "WARNING"
    },
    {
      "quarter": "2024-06 (Q2)",
      "signal": "YoY REVENUE GROWTH ACCELERATION",
      "detail": "YoY growth: -2.3% vs prior quarter YoY: -11.5% (accel: +9.2%)",
      "severity": "MEDIUM"
    },
    {
      "quarter": "2024-06 (Q2)",
      "signal": "OP MARGIN TURNED POSITIVE (YoY)",
      "detail": "Op margin: -0.3% (year-ago) -> +2.9%",
      "severity": "HIGH"
    },
    {
      "quarter": "2024-06 (Q2)",
      "signal": "OP MARGIN TURNED POSITIVE (QoQ)",
      "detail": "Op margin: -12.6% -> +2.9%",
      "severity": "HIGH"
    },
    {
      "quarter": "2024-03 (Q1)",
      "signal": "FCF TURNED POSITIVE",
      "detail": "FCF margin: -15.3% -> +23.7%",
      "severity": "HIGH"
    },
    {
      "quarter": "2024-03 (Q1)",
      "signal": "YoY REVENUE GROWTH DECELERATION",
      "detail": "YoY growth: -11.5% vs prior quarter YoY: -3.0% (decel: -8.4%)",
      "severity": "WARNING"
    },
    {
      "quarter": "2023-09 (Q3)",
      "signal": "INCREMENTAL MARGIN (YoY)",
      "detail": "YoY Incr OPM: +13.3% vs year-ago OPM: +2.4%",
      "severity": "MEDIUM"
    },
    {
      "quarter": "2023-09 (Q3)",
      "signal": "OP MARGIN TURNED POSITIVE (QoQ)",
      "detail": "Op margin: -0.3% -> +1.7%",
      "severity": "HIGH"
    },
    {
      "quarter": "2023-06 (Q2)",
      "signal": "YoY REVENUE GROWTH ACCELERATION",
      "detail": "YoY growth: -3.3% vs prior quarter YoY: -8.3% (accel: +5.0%)",
      "severity": "MEDIUM"
    },
    {
      "quarter": "2023-03 (Q1)",
      "signal": "FCF MARGIN EXPANSION",
      "detail": "FCF margin: +0.6% -> +35.9% (+35.3%)",
      "severity": "MEDIUM"
    },
    {
      "quarter": "2023-03 (Q1)",
      "signal": "YoY REVENUE GROWTH DECELERATION",
      "detail": "YoY growth: -8.3% vs prior quarter YoY: +6.3% (decel: -14.6%)",
      "severity": "WARNING"
    },
    {
      "quarter": "2022-12 (Q4)",
      "signal": "FCF TURNED POSITIVE",
      "detail": "FCF margin: -11.4% -> +0.6%",
      "severity": "HIGH"
    },
    {
      "quarter": "2022-12 (Q4)",
      "signal": "GROSS MARGIN INFLECTION",
      "detail": "GM: +15.8% -> +15.4% -> +19.9% (reversal +4.5%)",
      "severity": "MEDIUM"
    },
    {
      "quarter": "2022-12 (Q4)",
      "signal": "YoY REVENUE GROWTH DECELERATION",
      "detail": "YoY growth: +6.3% vs prior quarter YoY: +17.8% (decel: -11.5%)",
      "severity": "WARNING"
    },
    {
      "quarter": "2022-12 (Q4)",
      "signal": "INCREMENTAL MARGIN (YoY)",
      "detail": "YoY Incr OPM: +35.9% vs year-ago OPM: +6.2%",
      "severity": "HIGH"
    },
    {
      "quarter": "2022-09 (Q3)",
      "signal": "YoY REVENUE GROWTH ACCELERATION",
      "detail": "YoY growth: +17.8% vs prior quarter YoY: +7.7% (accel: +10.1%)",
      "severity": "MEDIUM"
    },
    {
      "quarter": "2022-09 (Q3)",
      "signal": "OP MARGIN TURNED POSITIVE (QoQ)",
      "detail": "Op margin: -1.6% -> +2.4%",
      "severity": "HIGH"
    },
    {
      "quarter": "2022-03 (Q1)",
      "signal": "FCF TURNED POSITIVE",
      "detail": "FCF margin: -4.3% -> +35.7%",
      "severity": "HIGH"
    },
    {
      "quarter": "2022-03 (Q1)",
      "signal": "OPERATING LEVERAGE",
      "detail": "Rev growth +35.3% vs OpEx growth +12.9% (leverage: 2.7x)",
      "severity": "MEDIUM"
    },
    {
      "quarter": "2021-12 (Q4)",
      "signal": "FCF MARGIN EXPANSION",
      "detail": "FCF margin: -26.3% -> -4.3% (+22.0%)",
      "severity": "MEDIUM"
    },
    {
      "quarter": "2021-12 (Q4)",
      "signal": "OPERATING LEVERAGE",
      "detail": "Rev growth +56.6% vs OpEx growth +27.4% (leverage: 2.1x)",
      "severity": "MEDIUM"
    }
  ],
  "data_quality": {
    "n_quarters": 20,
    "coverage": {
      "revenue": [
        20,
        20
      ],
      "gross_profit": [
        20,
        20
      ],
      "op_income": [
        20,
        20
      ],
      "fcf": [
        20,
        20
      ]
    },
    "gaps": [],
    "warnings": []
  },
  "market_cap": null,
  "source": "SEC EDGAR",
  "last_updated": "2026-02-09T19:07:23.678709"
}