{
  "ticker": "CMPR",
  "name": "Cimpress plc",
  "quarters": [
    {
      "date": "2021-03-31T00:00:00",
      "quarter_label": "2021-03 (Q1)",
      "revenue": 578851000,
      "gross_profit": 276829000,
      "operating_income": -15697000,
      "net_income": -39050000,
      "opex": 292526000,
      "cogs": 302022000,
      "rd": null,
      "sga": null,
      "fcf": -43166000,
      "ocf": -37220000,
      "capex": -5946000,
      "gross_margin": 0.4782387868380637,
      "op_margin": -0.027117513833439,
      "fcf_margin": -0.07457186737174161
    },
    {
      "date": "2021-06-30T00:00:00",
      "quarter_label": "2021-06 (Q2)",
      "revenue": 641017000,
      "gross_profit": 311421000,
      "operating_income": 9027000,
      "net_income": -60193000,
      "opex": 302394000,
      "cogs": 329596000,
      "rd": null,
      "sga": null,
      "fcf": 30485000,
      "ocf": 46273000,
      "capex": -15788000,
      "gross_margin": 0.48582330889820396,
      "op_margin": 0.014082309829536501,
      "fcf_margin": 0.04755724107160964,
      "op_leverage_ratio": 3.1836217863340734,
      "fcf_margin_change": 0.12212910844335126
    },
    {
      "date": "2021-09-30T00:00:00",
      "quarter_label": "2021-09 (Q3)",
      "revenue": 657599000,
      "gross_profit": 318610000,
      "operating_income": 16939000,
      "net_income": 2329000,
      "opex": 301671000,
      "cogs": 338989000,
      "rd": null,
      "sga": null,
      "fcf": 27943000,
      "ocf": 36567000,
      "capex": -8624000,
      "gross_margin": 0.4845049946852109,
      "op_margin": 0.02575885912235268,
      "fcf_margin": 0.042492461211163644,
      "op_leverage_ratio": Infinity,
      "fcf_margin_change": -0.005064779860445998
    },
    {
      "date": "2021-12-31T00:00:00",
      "quarter_label": "2021-12 (Q4)",
      "revenue": 849716000,
      "gross_profit": 425779000,
      "operating_income": 85981000,
      "net_income": 54789000,
      "opex": 339798000,
      "cogs": 423937000,
      "rd": null,
      "sga": null,
      "fcf": 125429000,
      "ocf": 143344000,
      "capex": -17915000,
      "gross_margin": 0.5010838915590621,
      "op_margin": 0.10118792631891126,
      "fcf_margin": 0.14761284946970518,
      "op_leverage_ratio": 2.31156218233613,
      "fcf_margin_change": 0.10512038825854153
    },
    {
      "date": "2022-03-31T00:00:00",
      "quarter_label": "2022-03 (Q1)",
      "revenue": 657412000,
      "gross_profit": 309960000,
      "operating_income": -28437000,
      "net_income": -71817000,
      "opex": 338397000,
      "cogs": 347452000,
      "rd": null,
      "sga": null,
      "fcf": -63798000,
      "ocf": -48195000,
      "capex": -15603000,
      "gross_margin": 0.47148515694876275,
      "op_margin": -0.04325597950752344,
      "fcf_margin": -0.0970441671280719,
      "incr_op_margin_yoy": -0.16216697852624076,
      "rev_growth_yoy": 0.13571886374904768,
      "fcf_margin_change": -0.24465701659777708
    },
    {
      "date": "2022-06-30T00:00:00",
      "quarter_label": "2022-06 (Q2)",
      "revenue": 722828000,
      "gross_profit": 340480000,
      "operating_income": -27185000,
      "net_income": -30605000,
      "opex": 367665000,
      "cogs": 382348000,
      "rd": null,
      "sga": null,
      "fcf": 75922000,
      "ocf": 87820000,
      "capex": -11898000,
      "gross_margin": 0.4710387533410438,
      "op_margin": -0.037609223771076936,
      "fcf_margin": 0.10503466938192765,
      "incr_op_margin_yoy": -0.4426299641857452,
      "rev_growth_yoy": 0.12762688041034792,
      "rev_growth_yoy_accel": -0.00809198333869976,
      "op_leverage_ratio": 1.1504819660524948,
      "fcf_margin_change": 0.20207883650999955
    },
    {
      "date": "2022-09-30T00:00:00",
      "quarter_label": "2022-09 (Q3)",
      "revenue": 703415000,
      "gross_profit": 325680000,
      "operating_income": -17967000,
      "net_income": -25441000,
      "opex": 343647000,
      "cogs": 377735000,
      "rd": null,
      "sga": null,
      "fcf": -37009000,
      "ocf": -25251000,
      "capex": -11758000,
      "gross_margin": 0.46299837222692153,
      "op_margin": -0.025542531791332285,
      "fcf_margin": -0.052613322149797775,
      "incr_op_margin_yoy": -0.7618735812816483,
      "rev_growth_yoy": 0.06967163879507116,
      "rev_growth_yoy_accel": -0.057955241615276765,
      "fcf_margin_change": -0.15764799153172543
    },
    {
      "date": "2022-12-31T00:00:00",
      "quarter_label": "2022-12 (Q4)",
      "revenue": 845202000,
      "gross_profit": 389809000,
      "operating_income": 33578000,
      "net_income": -140000000,
      "opex": 356231000,
      "cogs": 455393000,
      "rd": null,
      "sga": null,
      "fcf": 66394000,
      "ocf": 81126000,
      "capex": -14732000,
      "gross_margin": 0.4612021741548174,
      "op_margin": 0.039727781051157,
      "fcf_margin": 0.07855400247514795,
      "incr_op_margin_yoy": 11.608994240141781,
      "rev_growth_yoy": -0.0053123631895833434,
      "rev_growth_yoy_accel": -0.0749840019846545,
      "op_leverage_ratio": 5.504509627943114,
      "fcf_margin_change": 0.13116732462494574
    },
    {
      "date": "2023-03-31T00:00:00",
      "quarter_label": "2023-03 (Q1)",
      "revenue": 742164000,
      "gross_profit": 347256000,
      "operating_income": -12197000,
      "net_income": -49326000,
      "opex": 359453000,
      "cogs": 394908000,
      "rd": null,
      "sga": null,
      "fcf": 1603000,
      "ocf": 12599000,
      "capex": -10996000,
      "gross_margin": 0.46789658350445457,
      "op_margin": -0.01643437299572601,
      "fcf_margin": 0.0021598999682010986,
      "incr_op_margin_yoy": 0.1916178969227865,
      "rev_growth_yoy": 0.1289176346035667,
      "rev_growth_yoy_accel": 0.13422999779315004,
      "fcf_margin_change": -0.07639410250694685
    },
    {
      "date": "2023-06-30T00:00:00",
      "quarter_label": "2023-06 (Q2)",
      "revenue": 788846000,
      "gross_profit": 376257000,
      "operating_income": 53895000,
      "net_income": 28789000,
      "opex": 322362000,
      "cogs": 412589000,
      "rd": null,
      "sga": null,
      "fcf": 45529000,
      "ocf": 61815000,
      "capex": -16286000,
      "gross_margin": 0.47697142408023874,
      "op_margin": 0.06832132000415797,
      "fcf_margin": 0.05771595469838219,
      "incr_op_margin_yoy": 1.228149898512527,
      "rev_growth_yoy": 0.09133293120908433,
      "rev_growth_yoy_accel": -0.037584703394482374,
      "op_leverage_ratio": Infinity,
      "fcf_margin_change": 0.0555560547301811
    },
    {
      "date": "2023-09-30T00:00:00",
      "quarter_label": "2023-09 (Q3)",
      "revenue": 757294000,
      "gross_profit": 358511000,
      "operating_income": 34100000,
      "net_income": 4554000,
      "opex": 324411000,
      "cogs": 398783000,
      "rd": null,
      "sga": null,
      "fcf": 19689000,
      "ocf": 42254000,
      "capex": -22565000,
      "gross_margin": 0.47341059086695525,
      "op_margin": 0.04502874709161832,
      "fcf_margin": 0.025999149603720614,
      "incr_op_margin_yoy": 0.966369086285937,
      "rev_growth_yoy": 0.07659631938471599,
      "rev_growth_yoy_accel": -0.014736611824368334,
      "fcf_margin_change": -0.03171680509466158
    },
    {
      "date": "2023-12-31T00:00:00",
      "quarter_label": "2023-12 (Q4)",
      "revenue": 921363000,
      "gross_profit": 457940000,
      "operating_income": 107679000,
      "net_income": 58105000,
      "opex": 350261000,
      "cogs": 463423000,
      "rd": null,
      "sga": null,
      "fcf": 163556000,
      "ocf": 174946000,
      "capex": -11390000,
      "gross_margin": 0.4970245169384922,
      "op_margin": 0.11686924697431957,
      "fcf_margin": 0.17751526814078708,
      "incr_op_margin_yoy": 0.9729520358188575,
      "rev_growth_yoy": 0.0901098199010414,
      "rev_growth_yoy_accel": 0.01351350051632541,
      "op_leverage_ratio": 2.7189238192021565,
      "fcf_margin_change": 0.15151611853706648
    },
    {
      "date": "2024-03-31T00:00:00",
      "quarter_label": "2024-03 (Q1)",
      "revenue": 780588000,
      "gross_profit": 375920000,
      "operating_income": 39238000,
      "net_income": -3978000,
      "opex": 336682000,
      "cogs": 404668000,
      "rd": null,
      "sga": null,
      "fcf": -2043000,
      "ocf": 8427000,
      "capex": -10470000,
      "gross_margin": 0.4815856764387872,
      "op_margin": 0.05026723444377828,
      "fcf_margin": -0.0026172577595351197,
      "incr_op_margin_yoy": 1.3386164896939412,
      "rev_growth_yoy": 0.05177292350477792,
      "rev_growth_yoy_accel": -0.03833689639626348,
      "fcf_margin_change": -0.1801325259003222
    },
    {
      "date": "2024-06-30T00:00:00",
      "quarter_label": "2024-06 (Q2)",
      "revenue": 832611000,
      "gross_profit": 404423000,
      "operating_income": 66334000,
      "net_income": 115001000,
      "opex": 338089000,
      "cogs": 428188000,
      "rd": null,
      "sga": null,
      "fcf": 114593000,
      "ocf": 125095000,
      "capex": -10502000,
      "gross_margin": 0.48572862957611657,
      "op_margin": 0.07966985783276945,
      "fcf_margin": 0.13763089846278753,
      "incr_op_margin_yoy": 0.2842225522677939,
      "rev_growth_yoy": 0.0554797767878648,
      "rev_growth_yoy_accel": 0.0037068532830868833,
      "op_leverage_ratio": 15.947746487495627,
      "fcf_margin_change": 0.14024815622232265
    },
    {
      "date": "2024-09-30T00:00:00",
      "quarter_label": "2024-09 (Q3)",
      "revenue": 804969000,
      "gross_profit": 382233000,
      "operating_income": 39339000,
      "net_income": -12549000,
      "opex": 342894000,
      "cogs": 422736000,
      "rd": null,
      "sga": null,
      "fcf": -12617000,
      "ocf": 4384000,
      "capex": -17001000,
      "gross_margin": 0.47484188832116514,
      "op_margin": 0.048870204939569103,
      "fcf_margin": -0.015673895516473305,
      "incr_op_margin_yoy": 0.10988987939171474,
      "rev_growth_yoy": 0.06295441400565699,
      "rev_growth_yoy_accel": 0.007474637217792186,
      "fcf_margin_change": -0.15330479397926083
    },
    {
      "date": "2024-12-31T00:00:00",
      "quarter_label": "2024-12 (Q4)",
      "revenue": 939159000,
      "gross_profit": 449903000,
      "operating_income": 80949000,
      "net_income": 61057000,
      "opex": 368954000,
      "cogs": 489256000,
      "rd": null,
      "sga": null,
      "fcf": 150101000,
      "ocf": 176519000,
      "capex": -26418000,
      "gross_margin": 0.47904880856170257,
      "op_margin": 0.08619307273848198,
      "fcf_margin": 0.15982490717759187,
      "incr_op_margin_yoy": -1.502022926500337,
      "rev_growth_yoy": 0.01931486287163691,
      "rev_growth_yoy_accel": -0.04363955113402008,
      "op_leverage_ratio": 2.193443599116515,
      "fcf_margin_change": 0.17549880269406518
    },
    {
      "date": "2025-03-31T00:00:00",
      "quarter_label": "2025-03 (Q1)",
      "revenue": 789468000,
      "gross_profit": 372508000,
      "operating_income": 40541000,
      "net_income": -8238000,
      "opex": 331967000,
      "cogs": 416960000,
      "rd": null,
      "sga": null,
      "fcf": -15097000,
      "ocf": 9695000,
      "capex": -24792000,
      "gross_margin": 0.4718468639640872,
      "op_margin": 0.051352303069915436,
      "fcf_margin": -0.019123004352298002,
      "incr_op_margin_yoy": 0.14673423423423423,
      "rev_growth_yoy": 0.011376039600916233,
      "rev_growth_yoy_accel": -0.007938823270720678,
      "fcf_margin_change": -0.17894791152988987
    },
    {
      "date": "2025-06-30T00:00:00",
      "quarter_label": "2025-06 (Q2)",
      "revenue": 869483000,
      "gross_profit": 412800000,
      "operating_income": 65441000,
      "net_income": -25318000,
      "opex": 347359000,
      "cogs": 456683000,
      "rd": null,
      "sga": null,
      "fcf": 86659000,
      "ocf": 107472000,
      "capex": -20813000,
      "gross_margin": 0.4747648890202569,
      "op_margin": 0.07526426623637265,
      "fcf_margin": 0.09966727354071328,
      "incr_op_margin_yoy": -0.024218919505315687,
      "rev_growth_yoy": 0.04428478605255035,
      "rev_growth_yoy_accel": 0.03290874645163412,
      "op_leverage_ratio": 2.1859324512699554,
      "fcf_margin_change": 0.11879027789301128
    },
    {
      "date": "2025-09-30T00:00:00",
      "quarter_label": "2025-09 (Q3)",
      "revenue": 863277000,
      "gross_profit": 402801000,
      "operating_income": 48971000,
      "net_income": 7637000,
      "opex": 353830000,
      "cogs": 460476000,
      "rd": null,
      "sga": null,
      "fcf": -1294000,
      "ocf": 25059000,
      "capex": -26353000,
      "gross_margin": 0.46659531065926696,
      "op_margin": 0.05672686750602646,
      "fcf_margin": -0.0014989395060913241,
      "incr_op_margin_yoy": 0.16519174041297935,
      "rev_growth_yoy": 0.07243508756237818,
      "rev_growth_yoy_accel": 0.02815030150982783,
      "fcf_margin_change": -0.1011662130468046
    },
    {
      "date": "2025-12-31T00:00:00",
      "quarter_label": "2025-12 (Q4)",
      "revenue": 1042202000,
      "gross_profit": 487718000,
      "operating_income": 88096000,
      "net_income": 49344000,
      "opex": 399622000,
      "cogs": 554484000,
      "rd": null,
      "sga": null,
      "fcf": 139481000,
      "ocf": 164661000,
      "capex": -25180000,
      "gross_margin": 0.4679687814838198,
      "op_margin": 0.08452871900073114,
      "fcf_margin": 0.13383298055463336,
      "incr_op_margin_yoy": 0.06935939365119416,
      "rev_growth_yoy": 0.10971837569570222,
      "rev_growth_yoy_accel": 0.037283288133324044,
      "op_leverage_ratio": 1.601496138871278,
      "fcf_margin_change": 0.13533192006072467
    }
  ],
  "signals": [
    {
      "quarter": "2025-12 (Q4)",
      "signal": "FCF TURNED POSITIVE",
      "detail": "FCF margin: -0.1% -> +13.4%",
      "severity": "HIGH"
    },
    {
      "quarter": "2025-12 (Q4)",
      "signal": "OPERATING LEVERAGE",
      "detail": "Rev growth +20.7% vs OpEx growth +12.9% (leverage: 1.6x)",
      "severity": "MEDIUM"
    },
    {
      "quarter": "2025-09 (Q3)",
      "signal": "INCREMENTAL MARGIN (YoY)",
      "detail": "YoY Incr OPM: +16.5% vs year-ago OPM: +4.9%",
      "severity": "MEDIUM"
    },
    {
      "quarter": "2025-06 (Q2)",
      "signal": "FCF TURNED POSITIVE",
      "detail": "FCF margin: -1.9% -> +10.0%",
      "severity": "HIGH"
    },
    {
      "quarter": "2025-06 (Q2)",
      "signal": "OPERATING LEVERAGE",
      "detail": "Rev growth +10.1% vs OpEx growth +4.6% (leverage: 2.2x)",
      "severity": "MEDIUM"
    },
    {
      "quarter": "2024-12 (Q4)",
      "signal": "FCF TURNED POSITIVE",
      "detail": "FCF margin: -1.6% -> +16.0%",
      "severity": "HIGH"
    },
    {
      "quarter": "2024-12 (Q4)",
      "signal": "OPERATING LEVERAGE",
      "detail": "Rev growth +16.7% vs OpEx growth +7.6% (leverage: 2.2x)",
      "severity": "MEDIUM"
    },
    {
      "quarter": "2024-06 (Q2)",
      "signal": "FCF TURNED POSITIVE",
      "detail": "FCF margin: -0.3% -> +13.8%",
      "severity": "HIGH"
    },
    {
      "quarter": "2024-06 (Q2)",
      "signal": "OPERATING LEVERAGE",
      "detail": "Rev growth +6.7% vs OpEx growth +0.4% (leverage: 15.9x)",
      "severity": "MEDIUM"
    },
    {
      "quarter": "2024-06 (Q2)",
      "signal": "INCREMENTAL MARGIN (YoY)",
      "detail": "YoY Incr OPM: +28.4% vs year-ago OPM: +6.8%",
      "severity": "HIGH"
    },
    {
      "quarter": "2024-03 (Q1)",
      "signal": "OP MARGIN TURNED POSITIVE (YoY)",
      "detail": "Op margin: -1.6% (year-ago) -> +5.0%",
      "severity": "HIGH"
    },
    {
      "quarter": "2023-12 (Q4)",
      "signal": "FCF MARGIN EXPANSION",
      "detail": "FCF margin: +2.6% -> +17.8% (+15.2%)",
      "severity": "MEDIUM"
    },
    {
      "quarter": "2023-12 (Q4)",
      "signal": "OPERATING LEVERAGE",
      "detail": "Rev growth +21.7% vs OpEx growth +8.0% (leverage: 2.7x)",
      "severity": "MEDIUM"
    },
    {
      "quarter": "2023-12 (Q4)",
      "signal": "GROSS MARGIN INFLECTION",
      "detail": "GM: +47.7% -> +47.3% -> +49.7% (reversal +2.4%)",
      "severity": "MEDIUM"
    },
    {
      "quarter": "2023-12 (Q4)",
      "signal": "INCREMENTAL MARGIN (YoY)",
      "detail": "YoY Incr OPM: +97.3% vs year-ago OPM: +4.0%",
      "severity": "HIGH"
    },
    {
      "quarter": "2023-09 (Q3)",
      "signal": "OP MARGIN TURNED POSITIVE (YoY)",
      "detail": "Op margin: -2.6% (year-ago) -> +4.5%",
      "severity": "HIGH"
    },
    {
      "quarter": "2023-06 (Q2)",
      "signal": "FCF MARGIN EXPANSION",
      "detail": "FCF margin: +0.2% -> +5.8% (+5.6%)",
      "severity": "MEDIUM"
    },
    {
      "quarter": "2023-06 (Q2)",
      "signal": "OP MARGIN TURNED POSITIVE (YoY)",
      "detail": "Op margin: -3.8% (year-ago) -> +6.8%",
      "severity": "HIGH"
    },
    {
      "quarter": "2023-06 (Q2)",
      "signal": "OP MARGIN TURNED POSITIVE (QoQ)",
      "detail": "Op margin: -1.6% -> +6.8%",
      "severity": "HIGH"
    },
    {
      "quarter": "2023-03 (Q1)",
      "signal": "YoY REVENUE GROWTH ACCELERATION",
      "detail": "YoY growth: +12.9% vs prior quarter YoY: -0.5% (accel: +13.4%)",
      "severity": "MEDIUM"
    },
    {
      "quarter": "2022-12 (Q4)",
      "signal": "FCF TURNED POSITIVE",
      "detail": "FCF margin: -5.3% -> +7.9%",
      "severity": "HIGH"
    },
    {
      "quarter": "2022-12 (Q4)",
      "signal": "OPERATING LEVERAGE",
      "detail": "Rev growth +20.2% vs OpEx growth +3.7% (leverage: 5.5x)",
      "severity": "MEDIUM"
    },
    {
      "quarter": "2022-12 (Q4)",
      "signal": "YoY REVENUE GROWTH DECELERATION",
      "detail": "YoY growth: -0.5% vs prior quarter YoY: +7.0% (decel: -7.5%)",
      "severity": "WARNING"
    },
    {
      "quarter": "2022-12 (Q4)",
      "signal": "INCREMENTAL MARGIN (YoY)",
      "detail": "YoY Incr OPM: +1160.9% vs year-ago OPM: +10.1%",
      "severity": "HIGH"
    },
    {
      "quarter": "2022-12 (Q4)",
      "signal": "OP MARGIN TURNED POSITIVE (QoQ)",
      "detail": "Op margin: -2.6% -> +4.0%",
      "severity": "HIGH"
    },
    {
      "quarter": "2022-09 (Q3)",
      "signal": "YoY REVENUE GROWTH DECELERATION",
      "detail": "YoY growth: +7.0% vs prior quarter YoY: +12.8% (decel: -5.8%)",
      "severity": "WARNING"
    },
    {
      "quarter": "2022-06 (Q2)",
      "signal": "FCF TURNED POSITIVE",
      "detail": "FCF margin: -9.7% -> +10.5%",
      "severity": "HIGH"
    },
    {
      "quarter": "2021-12 (Q4)",
      "signal": "FCF MARGIN EXPANSION",
      "detail": "FCF margin: +4.2% -> +14.8% (+10.5%)",
      "severity": "MEDIUM"
    },
    {
      "quarter": "2021-12 (Q4)",
      "signal": "OPERATING LEVERAGE",
      "detail": "Rev growth +29.2% vs OpEx growth +12.6% (leverage: 2.3x)",
      "severity": "MEDIUM"
    },
    {
      "quarter": "2021-06 (Q2)",
      "signal": "FCF TURNED POSITIVE",
      "detail": "FCF margin: -7.5% -> +4.8%",
      "severity": "HIGH"
    },
    {
      "quarter": "2021-06 (Q2)",
      "signal": "OPERATING LEVERAGE",
      "detail": "Rev growth +10.7% vs OpEx growth +3.4% (leverage: 3.2x)",
      "severity": "MEDIUM"
    },
    {
      "quarter": "2021-06 (Q2)",
      "signal": "OP MARGIN TURNED POSITIVE (QoQ)",
      "detail": "Op margin: -2.7% -> +1.4%",
      "severity": "HIGH"
    }
  ],
  "data_quality": {
    "n_quarters": 20,
    "coverage": {
      "revenue": [
        20,
        20
      ],
      "gross_profit": [
        20,
        20
      ],
      "op_income": [
        20,
        20
      ],
      "fcf": [
        20,
        20
      ]
    },
    "gaps": [],
    "warnings": []
  },
  "market_cap": null,
  "source": "SEC EDGAR",
  "last_updated": "2026-02-02T21:38:05.046226"
}