{
  "ticker": "CMT",
  "name": "CORE MOLDING TECHNOLOGIES, INC.",
  "quarters": [
    {
      "date": "2020-12-31T00:00:00",
      "quarter_label": "2020-12 (Q4)",
      "revenue": 60654000,
      "gross_profit": 9967000,
      "operating_income": 3014000,
      "net_income": -867000,
      "opex": 6953000,
      "cogs": 50690000,
      "rd": null,
      "sga": 6948000,
      "fcf": -3855000,
      "ocf": -2888000,
      "capex": -967000,
      "gross_margin": 0.16432551851485475,
      "op_margin": 0.04969169387014871,
      "fcf_margin": -0.06355722623404887
    },
    {
      "date": "2021-03-31T00:00:00",
      "quarter_label": "2021-03 (Q1)",
      "revenue": 72829000,
      "gross_profit": 12718000,
      "operating_income": 5346000,
      "net_income": 3456000,
      "opex": 7372000,
      "cogs": 60111000,
      "rd": null,
      "sga": 7372000,
      "fcf": -2948000,
      "ocf": -512000,
      "capex": -2436000,
      "gross_margin": 0.17462823875104697,
      "op_margin": 0.07340482500102981,
      "fcf_margin": -0.040478380864765406,
      "op_leverage_ratio": 3.330947052623618,
      "fcf_margin_change": 0.023078845369283466
    },
    {
      "date": "2021-06-30T00:00:00",
      "quarter_label": "2021-06 (Q2)",
      "revenue": 80461000,
      "gross_profit": 13736000,
      "operating_income": 6173000,
      "net_income": 4086000,
      "opex": 7563000,
      "cogs": 66725000,
      "rd": null,
      "sga": 7563000,
      "fcf": 6057000,
      "ocf": 9008000,
      "capex": -2951000,
      "gross_margin": 0.17071624762307205,
      "op_margin": 0.07672039870247697,
      "fcf_margin": 0.07527870645405849,
      "op_leverage_ratio": 4.04469682586456,
      "fcf_margin_change": 0.11575708731882389
    },
    {
      "date": "2021-09-30T00:00:00",
      "quarter_label": "2021-09 (Q3)",
      "revenue": 81025000,
      "gross_profit": 6415000,
      "operating_income": -2393000,
      "net_income": -3312000,
      "opex": 8808000,
      "cogs": 74610000,
      "rd": null,
      "sga": 8808000,
      "fcf": -6362000,
      "ocf": -3448000,
      "capex": -2914000,
      "gross_margin": 0.07917309472385066,
      "op_margin": -0.02953409441530392,
      "fcf_margin": -0.07851897562480716,
      "fcf_margin_change": -0.15379768207886563
    },
    {
      "date": "2021-12-31T00:00:00",
      "quarter_label": "2021-12 (Q4)",
      "revenue": 73168000,
      "gross_profit": 8475000,
      "operating_income": 1942000,
      "net_income": 441000,
      "opex": 6533000,
      "cogs": 64693000,
      "rd": null,
      "sga": 6532000,
      "fcf": 4230000,
      "ocf": 7498000,
      "capex": -3268000,
      "gross_margin": 0.11582932429477368,
      "op_margin": 0.026541657555215394,
      "fcf_margin": 0.0578121583205773,
      "incr_op_margin_yoy": -0.08566405625699217,
      "rev_growth_yoy": 0.20631780261812907,
      "fcf_margin_change": 0.13633113394538446
    },
    {
      "date": "2022-03-31T00:00:00",
      "quarter_label": "2022-03 (Q1)",
      "revenue": 90592000,
      "gross_profit": 14507000,
      "operating_income": 6012000,
      "net_income": 3864000,
      "opex": 8495000,
      "cogs": 76085000,
      "rd": null,
      "sga": 8495000,
      "fcf": -4139000,
      "ocf": -1657000,
      "capex": -2482000,
      "gross_margin": 0.160135552808195,
      "op_margin": 0.06636347580360297,
      "fcf_margin": -0.045688361003179086,
      "incr_op_margin_yoy": 0.03749366661036987,
      "rev_growth_yoy": 0.24390009474247895,
      "rev_growth_yoy_accel": 0.03758229212434988,
      "op_leverage_ratio": 0.7929400128797469,
      "fcf_margin_change": -0.1035005193237564
    },
    {
      "date": "2022-06-30T00:00:00",
      "quarter_label": "2022-06 (Q2)",
      "revenue": 98735000,
      "gross_profit": 13045000,
      "operating_income": 4385000,
      "net_income": 2188000,
      "opex": 8660000,
      "cogs": 85690000,
      "rd": null,
      "sga": 8660000,
      "fcf": -1538000,
      "ocf": 4603000,
      "capex": -6141000,
      "gross_margin": 0.13212133488631184,
      "op_margin": 0.04441180938876792,
      "fcf_margin": -0.015577049678432167,
      "incr_op_margin_yoy": -0.09784393126846887,
      "rev_growth_yoy": 0.22711624265171948,
      "rev_growth_yoy_accel": -0.01678385209075947,
      "op_leverage_ratio": 4.627794079081168,
      "fcf_margin_change": 0.03011131132474692
    },
    {
      "date": "2022-09-30T00:00:00",
      "quarter_label": "2022-09 (Q3)",
      "revenue": 101606000,
      "gross_profit": 13303000,
      "operating_income": 4632000,
      "net_income": 1319000,
      "opex": 8671000,
      "cogs": 88303000,
      "rd": null,
      "sga": 8671000,
      "fcf": 1882000,
      "ocf": 5543000,
      "capex": -3661000,
      "gross_margin": 0.13092730744247386,
      "op_margin": 0.045587858984705625,
      "fcf_margin": 0.01852252819715371,
      "incr_op_margin_yoy": 0.3413342403187406,
      "rev_growth_yoy": 0.2540080222153656,
      "rev_growth_yoy_accel": 0.026891779563646134,
      "op_leverage_ratio": 22.892186154858965,
      "fcf_margin_change": 0.034099577875585874
    },
    {
      "date": "2022-12-31T00:00:00",
      "quarter_label": "2022-12 (Q4)",
      "revenue": 86443000,
      "gross_profit": 11547000,
      "operating_income": 2974000,
      "net_income": 4832000,
      "opex": 8573000,
      "cogs": 74959000,
      "rd": null,
      "sga": 8510000,
      "fcf": 6189000,
      "ocf": 10493000,
      "capex": -4304000,
      "gross_margin": 0.13357935286836412,
      "op_margin": 0.03440417384866328,
      "fcf_margin": 0.07159631202063788,
      "incr_op_margin_yoy": 0.07774011299435028,
      "rev_growth_yoy": 0.18143177345287556,
      "rev_growth_yoy_accel": -0.07257624876249005,
      "fcf_margin_change": 0.05307378382348417
    },
    {
      "date": "2023-03-31T00:00:00",
      "quarter_label": "2023-03 (Q1)",
      "revenue": 99507000,
      "gross_profit": 17743000,
      "operating_income": 8075000,
      "net_income": 5852000,
      "opex": 9668000,
      "cogs": 81764000,
      "rd": null,
      "sga": 9668000,
      "fcf": 2520000,
      "ocf": 4647000,
      "capex": -2127000,
      "gross_margin": 0.17830906368396193,
      "op_margin": 0.08115006984433255,
      "fcf_margin": 0.02532485151798366,
      "incr_op_margin_yoy": 0.23140773976444196,
      "rev_growth_yoy": 0.09840824796891558,
      "rev_growth_yoy_accel": -0.08302352548395998,
      "op_leverage_ratio": 1.1832187568158647,
      "fcf_margin_change": -0.04627146050265422
    },
    {
      "date": "2023-06-30T00:00:00",
      "quarter_label": "2023-06 (Q2)",
      "revenue": 97725000,
      "gross_profit": 20562000,
      "operating_income": 10070000,
      "net_income": 7936000,
      "opex": 10492000,
      "cogs": 77163000,
      "rd": null,
      "sga": 10492000,
      "fcf": 11873000,
      "ocf": 14257000,
      "capex": -2384000,
      "gross_margin": 0.21040675364543363,
      "op_margin": 0.1030442568431824,
      "fcf_margin": 0.12149398823228447,
      "incr_op_margin_yoy": -5.628712871287129,
      "rev_growth_yoy": -0.010229401934471059,
      "rev_growth_yoy_accel": -0.10863764990338663,
      "fcf_margin_change": 0.0961691367143008
    },
    {
      "date": "2023-09-30T00:00:00",
      "quarter_label": "2023-09 (Q3)",
      "revenue": 86728000,
      "gross_profit": 15278000,
      "operating_income": 5875000,
      "net_income": 4354000,
      "opex": 9403000,
      "cogs": 71450000,
      "rd": null,
      "sga": 9403000,
      "fcf": 4953000,
      "ocf": 7245000,
      "capex": -2292000,
      "gross_margin": 0.1761599483442487,
      "op_margin": 0.06774052209205793,
      "fcf_margin": 0.057109583986717095,
      "incr_op_margin_yoy": -0.08354617556123135,
      "rev_growth_yoy": -0.14642836052988997,
      "rev_growth_yoy_accel": -0.13619895859541892,
      "fcf_margin_change": -0.06438440424556738
    },
    {
      "date": "2023-12-31T00:00:00",
      "quarter_label": "2023-12 (Q4)",
      "revenue": 73778000,
      "gross_profit": 10937000,
      "operating_income": 2517000,
      "net_income": 2182000,
      "opex": 8420000,
      "cogs": 62838000,
      "rd": null,
      "sga": 8421000,
      "fcf": 6396000,
      "ocf": 8693000,
      "capex": -2297000,
      "gross_margin": 0.1482420233673995,
      "op_margin": 0.03411586109680392,
      "fcf_margin": 0.08669250996231939,
      "incr_op_margin_yoy": 0.03608369522305566,
      "rev_growth_yoy": -0.146512730932522,
      "rev_growth_yoy_accel": -8.43704026320391e-05,
      "fcf_margin_change": 0.029582925975602296
    },
    {
      "date": "2024-03-31T00:00:00",
      "quarter_label": "2024-03 (Q1)",
      "revenue": 78145000,
      "gross_profit": 13305000,
      "operating_income": 4732000,
      "net_income": 3759000,
      "opex": 8573000,
      "cogs": 64840000,
      "rd": null,
      "sga": 8573000,
      "fcf": 3179000,
      "ocf": 5072000,
      "capex": -1893000,
      "gross_margin": 0.17026041333418646,
      "op_margin": 0.06055409815087338,
      "fcf_margin": 0.04068078571885597,
      "incr_op_margin_yoy": 0.15649283774927442,
      "rev_growth_yoy": -0.21467836433617735,
      "rev_growth_yoy_accel": -0.06816563340365533,
      "op_leverage_ratio": 3.2574441218019015,
      "fcf_margin_change": -0.04601172424346342
    },
    {
      "date": "2024-06-30T00:00:00",
      "quarter_label": "2024-06 (Q2)",
      "revenue": 88743000,
      "gross_profit": 17725000,
      "operating_income": 7489000,
      "net_income": 6419000,
      "opex": 10236000,
      "cogs": 71018000,
      "rd": null,
      "sga": 10236000,
      "fcf": 12959000,
      "ocf": 15871000,
      "capex": -2912000,
      "gross_margin": 0.19973406353177153,
      "op_margin": 0.08438975468487656,
      "fcf_margin": 0.1460284191429183,
      "incr_op_margin_yoy": 0.2873524827432643,
      "rev_growth_yoy": -0.09191097467382962,
      "rev_growth_yoy_accel": 0.12276738966234772,
      "op_leverage_ratio": 0.6991386219559542,
      "fcf_margin_change": 0.10534763342406234
    },
    {
      "date": "2024-09-30T00:00:00",
      "quarter_label": "2024-09 (Q3)",
      "revenue": 72992000,
      "gross_profit": 12345000,
      "operating_income": 3605000,
      "net_income": 3160000,
      "opex": 8740000,
      "cogs": 60647000,
      "rd": null,
      "sga": 8740000,
      "fcf": 6979000,
      "ocf": 9219000,
      "capex": -2240000,
      "gross_margin": 0.16912812362998686,
      "op_margin": 0.049388974134151685,
      "fcf_margin": 0.09561321788689171,
      "incr_op_margin_yoy": 0.16525917297612114,
      "rev_growth_yoy": -0.1583802232266396,
      "rev_growth_yoy_accel": -0.06646924855280999,
      "fcf_margin_change": -0.050415201256026596
    },
    {
      "date": "2024-12-31T00:00:00",
      "quarter_label": "2024-12 (Q4)",
      "revenue": 62498000,
      "gross_profit": 9885000,
      "operating_income": 869000,
      "net_income": -39000,
      "opex": 9016000,
      "cogs": 52613000,
      "rd": null,
      "sga": 9015000,
      "fcf": 509000,
      "ocf": 4989000,
      "capex": -4480000,
      "gross_margin": 0.15816506128196103,
      "op_margin": 0.013904444942238152,
      "fcf_margin": 0.008144260616339723,
      "incr_op_margin_yoy": 0.14609929078014183,
      "rev_growth_yoy": -0.15289110574968148,
      "rev_growth_yoy_accel": 0.0054891174769581275,
      "fcf_margin_change": -0.08746895727055198
    },
    {
      "date": "2025-03-31T00:00:00",
      "quarter_label": "2025-03 (Q1)",
      "revenue": 61447000,
      "gross_profit": 11783000,
      "operating_income": 2839000,
      "net_income": 2183000,
      "opex": 8944000,
      "cogs": 49664000,
      "rd": null,
      "sga": 8944000,
      "fcf": 4327000,
      "ocf": 6099000,
      "capex": -1772000,
      "gross_margin": 0.19175875144433413,
      "op_margin": 0.04620241834426416,
      "fcf_margin": 0.07041840936091266,
      "incr_op_margin_yoy": 0.11336687028386633,
      "rev_growth_yoy": -0.21367969799731268,
      "rev_growth_yoy_accel": -0.060788592247631196,
      "fcf_margin_change": 0.06227414874457294
    },
    {
      "date": "2025-06-30T00:00:00",
      "quarter_label": "2025-06 (Q2)",
      "revenue": 79239000,
      "gross_profit": 14314000,
      "operating_income": 5214000,
      "net_income": 4052000,
      "opex": 9100000,
      "cogs": 64925000,
      "rd": null,
      "sga": 9100000,
      "fcf": 880000,
      "ocf": 3495000,
      "capex": -2615000,
      "gross_margin": 0.1806433700576736,
      "op_margin": 0.0658009313595578,
      "fcf_margin": 0.011105642423554059,
      "incr_op_margin_yoy": 0.23937289562289563,
      "rev_growth_yoy": -0.1070957709340455,
      "rev_growth_yoy_accel": 0.10658392706326718,
      "op_leverage_ratio": 16.600886400746443,
      "fcf_margin_change": -0.0593127669373586
    },
    {
      "date": "2025-09-30T00:00:00",
      "quarter_label": "2025-09 (Q3)",
      "revenue": 58435000,
      "gross_profit": 10145000,
      "operating_income": 2573000,
      "net_income": 1877000,
      "opex": 7572000,
      "cogs": 48290000,
      "rd": null,
      "sga": 7572000,
      "fcf": -346000,
      "ocf": 4572000,
      "capex": -4918000,
      "gross_margin": 0.1736117053135963,
      "op_margin": 0.04403183023872679,
      "fcf_margin": -0.0059211089244459655,
      "incr_op_margin_yoy": 0.070893728103318,
      "rev_growth_yoy": -0.19943281455501974,
      "rev_growth_yoy_accel": -0.09233704362097424,
      "fcf_margin_change": -0.017026751348000024
    }
  ],
  "signals": [
    {
      "quarter": "2025-09 (Q3)",
      "signal": "YoY REVENUE GROWTH DECELERATION",
      "detail": "YoY growth: -19.9% vs prior quarter YoY: -10.7% (decel: -9.2%)",
      "severity": "WARNING"
    },
    {
      "quarter": "2025-06 (Q2)",
      "signal": "OPERATING LEVERAGE",
      "detail": "Rev growth +29.0% vs OpEx growth +1.7% (leverage: 16.6x)",
      "severity": "MEDIUM"
    },
    {
      "quarter": "2025-06 (Q2)",
      "signal": "YoY REVENUE GROWTH ACCELERATION",
      "detail": "YoY growth: -10.7% vs prior quarter YoY: -21.4% (accel: +10.7%)",
      "severity": "MEDIUM"
    },
    {
      "quarter": "2025-06 (Q2)",
      "signal": "INCREMENTAL MARGIN (YoY)",
      "detail": "YoY Incr OPM: +23.9% vs year-ago OPM: +8.4%",
      "severity": "MEDIUM"
    },
    {
      "quarter": "2025-03 (Q1)",
      "signal": "FCF MARGIN EXPANSION",
      "detail": "FCF margin: +0.8% -> +7.0% (+6.2%)",
      "severity": "MEDIUM"
    },
    {
      "quarter": "2025-03 (Q1)",
      "signal": "GROSS MARGIN INFLECTION",
      "detail": "GM: +16.9% -> +15.8% -> +19.2% (reversal +3.4%)",
      "severity": "MEDIUM"
    },
    {
      "quarter": "2025-03 (Q1)",
      "signal": "YoY REVENUE GROWTH DECELERATION",
      "detail": "YoY growth: -21.4% vs prior quarter YoY: -15.3% (decel: -6.1%)",
      "severity": "WARNING"
    },
    {
      "quarter": "2024-12 (Q4)",
      "signal": "INCREMENTAL MARGIN (YoY)",
      "detail": "YoY Incr OPM: +14.6% vs year-ago OPM: +3.4%",
      "severity": "MEDIUM"
    },
    {
      "quarter": "2024-09 (Q3)",
      "signal": "YoY REVENUE GROWTH DECELERATION",
      "detail": "YoY growth: -15.8% vs prior quarter YoY: -9.2% (decel: -6.6%)",
      "severity": "WARNING"
    },
    {
      "quarter": "2024-06 (Q2)",
      "signal": "FCF MARGIN EXPANSION",
      "detail": "FCF margin: +4.1% -> +14.6% (+10.5%)",
      "severity": "MEDIUM"
    },
    {
      "quarter": "2024-06 (Q2)",
      "signal": "YoY REVENUE GROWTH ACCELERATION",
      "detail": "YoY growth: -9.2% vs prior quarter YoY: -21.5% (accel: +12.3%)",
      "severity": "MEDIUM"
    },
    {
      "quarter": "2024-06 (Q2)",
      "signal": "INCREMENTAL MARGIN (YoY)",
      "detail": "YoY Incr OPM: +28.7% vs year-ago OPM: +10.3%",
      "severity": "MEDIUM"
    },
    {
      "quarter": "2024-03 (Q1)",
      "signal": "OPERATING LEVERAGE",
      "detail": "Rev growth +5.9% vs OpEx growth +1.8% (leverage: 3.3x)",
      "severity": "MEDIUM"
    },
    {
      "quarter": "2024-03 (Q1)",
      "signal": "GROSS MARGIN INFLECTION",
      "detail": "GM: +17.6% -> +14.8% -> +17.0% (reversal +2.2%)",
      "severity": "MEDIUM"
    },
    {
      "quarter": "2024-03 (Q1)",
      "signal": "YoY REVENUE GROWTH DECELERATION",
      "detail": "YoY growth: -21.5% vs prior quarter YoY: -14.7% (decel: -6.8%)",
      "severity": "WARNING"
    },
    {
      "quarter": "2023-09 (Q3)",
      "signal": "YoY REVENUE GROWTH DECELERATION",
      "detail": "YoY growth: -14.6% vs prior quarter YoY: -1.0% (decel: -13.6%)",
      "severity": "WARNING"
    },
    {
      "quarter": "2023-06 (Q2)",
      "signal": "FCF MARGIN EXPANSION",
      "detail": "FCF margin: +2.5% -> +12.1% (+9.6%)",
      "severity": "MEDIUM"
    },
    {
      "quarter": "2023-06 (Q2)",
      "signal": "YoY REVENUE GROWTH DECELERATION",
      "detail": "YoY growth: -1.0% vs prior quarter YoY: +9.8% (decel: -10.9%)",
      "severity": "WARNING"
    },
    {
      "quarter": "2023-03 (Q1)",
      "signal": "YoY REVENUE GROWTH DECELERATION",
      "detail": "YoY growth: +9.8% vs prior quarter YoY: +18.1% (decel: -8.3%)",
      "severity": "WARNING"
    },
    {
      "quarter": "2023-03 (Q1)",
      "signal": "INCREMENTAL MARGIN (YoY)",
      "detail": "YoY Incr OPM: +23.1% vs year-ago OPM: +6.6%",
      "severity": "MEDIUM"
    },
    {
      "quarter": "2022-12 (Q4)",
      "signal": "FCF MARGIN EXPANSION",
      "detail": "FCF margin: +1.9% -> +7.2% (+5.3%)",
      "severity": "MEDIUM"
    },
    {
      "quarter": "2022-12 (Q4)",
      "signal": "YoY REVENUE GROWTH DECELERATION",
      "detail": "YoY growth: +18.1% vs prior quarter YoY: +25.4% (decel: -7.3%)",
      "severity": "WARNING"
    },
    {
      "quarter": "2022-09 (Q3)",
      "signal": "FCF TURNED POSITIVE",
      "detail": "FCF margin: -1.6% -> +1.9%",
      "severity": "HIGH"
    },
    {
      "quarter": "2022-09 (Q3)",
      "signal": "OPERATING LEVERAGE",
      "detail": "Rev growth +2.9% vs OpEx growth +0.1% (leverage: 22.9x)",
      "severity": "MEDIUM"
    },
    {
      "quarter": "2022-09 (Q3)",
      "signal": "OP MARGIN TURNED POSITIVE (YoY)",
      "detail": "Op margin: -3.0% (year-ago) -> +4.6%",
      "severity": "HIGH"
    },
    {
      "quarter": "2022-06 (Q2)",
      "signal": "OPERATING LEVERAGE",
      "detail": "Rev growth +9.0% vs OpEx growth +1.9% (leverage: 4.6x)",
      "severity": "MEDIUM"
    },
    {
      "quarter": "2021-12 (Q4)",
      "signal": "FCF TURNED POSITIVE",
      "detail": "FCF margin: -7.9% -> +5.8%",
      "severity": "HIGH"
    },
    {
      "quarter": "2021-12 (Q4)",
      "signal": "GROSS MARGIN INFLECTION",
      "detail": "GM: +17.1% -> +7.9% -> +11.6% (reversal +3.7%)",
      "severity": "MEDIUM"
    },
    {
      "quarter": "2021-12 (Q4)",
      "signal": "OP MARGIN TURNED POSITIVE (QoQ)",
      "detail": "Op margin: -3.0% -> +2.7%",
      "severity": "HIGH"
    },
    {
      "quarter": "2021-06 (Q2)",
      "signal": "FCF TURNED POSITIVE",
      "detail": "FCF margin: -4.0% -> +7.5%",
      "severity": "HIGH"
    },
    {
      "quarter": "2021-06 (Q2)",
      "signal": "OPERATING LEVERAGE",
      "detail": "Rev growth +10.5% vs OpEx growth +2.6% (leverage: 4.0x)",
      "severity": "MEDIUM"
    },
    {
      "quarter": "2021-03 (Q1)",
      "signal": "OPERATING LEVERAGE",
      "detail": "Rev growth +20.1% vs OpEx growth +6.0% (leverage: 3.3x)",
      "severity": "MEDIUM"
    }
  ],
  "data_quality": {
    "n_quarters": 20,
    "coverage": {
      "revenue": [
        20,
        20
      ],
      "gross_profit": [
        20,
        20
      ],
      "op_income": [
        20,
        20
      ],
      "fcf": [
        20,
        20
      ]
    },
    "gaps": [],
    "warnings": []
  },
  "market_cap": null,
  "source": "SEC EDGAR",
  "last_updated": "2026-02-02T23:07:25.594984"
}