{
  "ticker": "CMTL",
  "name": "COMTECH TELECOMMUNICATIONS CORP /DE/",
  "quarters": [
    {
      "date": "2021-01-31T00:00:00",
      "quarter_label": "2021-01 (Q1)",
      "revenue": 161292000,
      "gross_profit": 55680000,
      "operating_income": 5402000,
      "net_income": 4205000,
      "opex": 50278000,
      "cogs": 105612000,
      "rd": 12664000,
      "sga": 29462000,
      "fcf": 8061000,
      "ocf": 10857000,
      "capex": -2796000,
      "gross_margin": 0.3452124097909382,
      "op_margin": 0.0334920516826625,
      "fcf_margin": 0.049977680232125586
    },
    {
      "date": "2021-04-30T00:00:00",
      "quarter_label": "2021-04 (Q2)",
      "revenue": 139376000,
      "gross_profit": 53016000,
      "operating_income": 2350000,
      "net_income": 792000,
      "opex": 50666000,
      "cogs": 86360000,
      "rd": 13092000,
      "sga": 26997000,
      "fcf": 2239000,
      "ocf": 6790000,
      "capex": -4551000,
      "gross_margin": 0.38038112731029733,
      "op_margin": 0.016860865572264953,
      "fcf_margin": 0.016064458730340948,
      "fcf_margin_change": -0.033913221501784635
    },
    {
      "date": "2021-07-31T00:00:00",
      "quarter_label": "2021-07 (Q3)",
      "revenue": 145809000,
      "gross_profit": 55054000,
      "operating_income": 9666000,
      "net_income": 7363000,
      "opex": 45388000,
      "cogs": 90755000,
      "rd": 11757000,
      "sga": 27797000,
      "fcf": 8144000,
      "ocf": 15944000,
      "capex": -7800000,
      "gross_margin": 0.37757614413376406,
      "op_margin": 0.06629220418492686,
      "fcf_margin": 0.05585389104924936,
      "op_leverage_ratio": Infinity,
      "fcf_margin_change": 0.03978943231890841
    },
    {
      "date": "2021-10-31T00:00:00",
      "quarter_label": "2021-10 (Q4)",
      "revenue": 116759000,
      "gross_profit": 41735000,
      "operating_income": -6515000,
      "net_income": -5984000,
      "opex": 48250000,
      "cogs": 75024000,
      "rd": 12497000,
      "sga": 28242000,
      "fcf": 1141000,
      "ocf": 4779000,
      "capex": -3638000,
      "gross_margin": 0.35744567870571003,
      "op_margin": -0.05579869646023004,
      "fcf_margin": 0.009772265949519951,
      "fcf_margin_change": -0.046081625099729406
    },
    {
      "date": "2022-01-31T00:00:00",
      "quarter_label": "2022-01 (Q1)",
      "revenue": 120381000,
      "gross_profit": 45858000,
      "operating_income": -24590000,
      "net_income": -21874000,
      "opex": 70448000,
      "cogs": 74523000,
      "rd": 12632000,
      "sga": 29827000,
      "fcf": -401000,
      "ocf": 4772000,
      "capex": -5173000,
      "gross_margin": 0.3809405138684676,
      "op_margin": -0.20426811540027082,
      "fcf_margin": -0.0033310904544737127,
      "incr_op_margin_yoy": 0.7331035662780181,
      "rev_growth_yoy": -0.2536455620861543,
      "op_leverage_ratio": 0.06742819744351,
      "fcf_margin_change": -0.013103356403993663
    },
    {
      "date": "2022-04-30T00:00:00",
      "quarter_label": "2022-04 (Q2)",
      "revenue": 122116000,
      "gross_profit": 46664000,
      "operating_income": -566000,
      "net_income": -25000,
      "opex": 47230000,
      "cogs": 75452000,
      "rd": 14255000,
      "sga": 27626000,
      "fcf": -6738000,
      "ocf": -1130000,
      "capex": -5608000,
      "gross_margin": 0.38212846801401945,
      "op_margin": -0.004634937272757051,
      "fcf_margin": -0.05517704477709719,
      "incr_op_margin_yoy": 0.16894553881807647,
      "rev_growth_yoy": -0.12383767650097578,
      "rev_growth_yoy_accel": 0.12980788558517853,
      "op_leverage_ratio": Infinity,
      "fcf_margin_change": -0.051845954322623476
    },
    {
      "date": "2022-07-31T00:00:00",
      "quarter_label": "2022-07 (Q3)",
      "revenue": 126983000,
      "gross_profit": 45579000,
      "operating_income": -2081000,
      "net_income": -5169000,
      "opex": 47660000,
      "cogs": 81404000,
      "rd": 13148000,
      "sga": 29163000,
      "fcf": -11623000,
      "ocf": -6424000,
      "capex": -5199000,
      "gross_margin": 0.35893781057306884,
      "op_margin": -0.01638802044368144,
      "fcf_margin": -0.09153193734594395,
      "incr_op_margin_yoy": 0.6239774779560183,
      "rev_growth_yoy": -0.1291141150409097,
      "rev_growth_yoy_accel": -0.005276438539933911,
      "op_leverage_ratio": 4.377622077978469,
      "fcf_margin_change": -0.03635489256884676
    },
    {
      "date": "2022-10-31T00:00:00",
      "quarter_label": "2022-10 (Q4)",
      "revenue": 131139000,
      "gross_profit": 46803000,
      "operating_income": -9724000,
      "net_income": -11096000,
      "opex": 56527000,
      "cogs": 84336000,
      "rd": 12751000,
      "sga": 29337000,
      "fcf": -13418000,
      "ocf": -6197000,
      "capex": -7221000,
      "gross_margin": 0.3568961178596756,
      "op_margin": -0.07415032904017874,
      "fcf_margin": -0.10231891351924294,
      "incr_op_margin_yoy": -0.22315716272600836,
      "rev_growth_yoy": 0.12315967077484391,
      "rev_growth_yoy_accel": 0.2522737858157536,
      "op_leverage_ratio": 0.17591678738080682,
      "fcf_margin_change": -0.01078697617329899
    },
    {
      "date": "2023-01-31T00:00:00",
      "quarter_label": "2023-01 (Q1)",
      "revenue": 133725000,
      "gross_profit": 45924000,
      "operating_income": -781000,
      "net_income": -4805000,
      "opex": 46705000,
      "cogs": 87801000,
      "rd": 12441000,
      "sga": 28915000,
      "fcf": -13286000,
      "ocf": -10589000,
      "capex": -2697000,
      "gross_margin": 0.343421200224341,
      "op_margin": -0.005840343989530754,
      "fcf_margin": -0.09935315012151805,
      "incr_op_margin_yoy": 1.7842476019184652,
      "rev_growth_yoy": 0.1108480574176988,
      "rev_growth_yoy_accel": -0.012311613357145104,
      "op_leverage_ratio": Infinity,
      "fcf_margin_change": 0.002965763397724891
    },
    {
      "date": "2023-04-30T00:00:00",
      "quarter_label": "2023-04 (Q2)",
      "revenue": 136316000,
      "gross_profit": 43146000,
      "operating_income": -5276000,
      "net_income": -7458000,
      "opex": 48422000,
      "cogs": 93170000,
      "rd": 11676000,
      "sga": 31397000,
      "fcf": 11654000,
      "ocf": 16609000,
      "capex": -4955000,
      "gross_margin": 0.31651456908946857,
      "op_margin": -0.03870418732944042,
      "fcf_margin": 0.08549253205786554,
      "incr_op_margin_yoy": -0.3316901408450704,
      "rev_growth_yoy": 0.11628287857447017,
      "rev_growth_yoy_accel": 0.005434821156771366,
      "op_leverage_ratio": 0.5270452306686905,
      "fcf_margin_change": 0.18484568217938357
    },
    {
      "date": "2023-07-31T00:00:00",
      "quarter_label": "2023-07 (Q3)",
      "revenue": 148814000,
      "gross_profit": 48587000,
      "operating_income": 1121000,
      "net_income": -3540000,
      "opex": 47466000,
      "cogs": 100227000,
      "rd": 11763000,
      "sga": 30354000,
      "fcf": -7694000,
      "ocf": -4256000,
      "capex": -3438000,
      "gross_margin": 0.3264948190358434,
      "op_margin": 0.00753289341056621,
      "fcf_margin": -0.05170212480008601,
      "incr_op_margin_yoy": 0.1466721634373139,
      "rev_growth_yoy": 0.17192065079577581,
      "rev_growth_yoy_accel": 0.05563777222130564,
      "op_leverage_ratio": Infinity,
      "fcf_margin_change": -0.13719465685795157
    },
    {
      "date": "2023-10-31T00:00:00",
      "quarter_label": "2023-10 (Q4)",
      "revenue": 151911000,
      "gross_profit": 47882000,
      "operating_income": 2086000,
      "net_income": -1437000,
      "opex": 45796000,
      "cogs": 104029000,
      "rd": 7812000,
      "sga": 32695000,
      "fcf": -17761000,
      "ocf": -14545000,
      "capex": -3216000,
      "gross_margin": 0.31519771445122474,
      "op_margin": 0.013731724496580234,
      "fcf_margin": -0.11691714227409471,
      "incr_op_margin_yoy": 0.5685538224533025,
      "rev_growth_yoy": 0.15839681559261548,
      "rev_growth_yoy_accel": -0.013523835203160334,
      "op_leverage_ratio": Infinity,
      "fcf_margin_change": -0.0652150174740087
    },
    {
      "date": "2024-01-31T00:00:00",
      "quarter_label": "2024-01 (Q1)",
      "revenue": 134225000,
      "gross_profit": 43198000,
      "operating_income": 2973000,
      "net_income": -10558000,
      "opex": 40225000,
      "cogs": 91027000,
      "rd": 6843000,
      "sga": 30307000,
      "fcf": -30933000,
      "ocf": -26660000,
      "capex": -4273000,
      "gross_margin": 0.3218327435276588,
      "op_margin": 0.022149376047681132,
      "fcf_margin": -0.23045632333767926,
      "rev_growth_yoy": 0.003739016638624042,
      "rev_growth_yoy_accel": -0.15465779895399143,
      "fcf_margin_change": -0.11353918106358456
    },
    {
      "date": "2024-04-30T00:00:00",
      "quarter_label": "2024-04 (Q2)",
      "revenue": 128076000,
      "gross_profit": 38954000,
      "operating_income": -3470000,
      "net_income": 2795000,
      "opex": 42424000,
      "cogs": 89122000,
      "rd": 5746000,
      "sga": 28697000,
      "fcf": -6460000,
      "ocf": -3793000,
      "capex": -2667000,
      "gross_margin": 0.30414753739966893,
      "op_margin": -0.02709328836003623,
      "fcf_margin": -0.050438801961335454,
      "incr_op_margin_yoy": -0.2191747572815534,
      "rev_growth_yoy": -0.060447783092226884,
      "rev_growth_yoy_accel": -0.06418679973085092,
      "fcf_margin_change": 0.1800175213763438
    },
    {
      "date": "2024-07-31T00:00:00",
      "quarter_label": "2024-07 (Q3)",
      "revenue": 126191000,
      "gross_profit": 27145000,
      "operating_income": -81479000,
      "net_income": -90785000,
      "opex": 108624000,
      "cogs": 99046000,
      "rd": 3676000,
      "sga": 31499000,
      "fcf": -13676000,
      "ocf": -9497000,
      "capex": -4179000,
      "gross_margin": 0.21511042784350706,
      "op_margin": -0.6456799613284624,
      "fcf_margin": -0.10837539919645617,
      "incr_op_margin_yoy": 3.6511514830040226,
      "rev_growth_yoy": -0.15202198717862567,
      "rev_growth_yoy_accel": -0.09157420408639878,
      "fcf_margin_change": -0.057936597235120714
    },
    {
      "date": "2024-10-31T00:00:00",
      "quarter_label": "2024-10 (Q4)",
      "revenue": 115800000,
      "gross_profit": 14516000,
      "operating_income": -129170000,
      "net_income": -148407000,
      "opex": 143686000,
      "cogs": 101284000,
      "rd": 3713000,
      "sga": 51644000,
      "fcf": -24221000,
      "ocf": -21806000,
      "capex": -2415000,
      "gross_margin": 0.12535405872193436,
      "op_margin": -1.1154576856649396,
      "fcf_margin": -0.20916234887737478,
      "incr_op_margin_yoy": 3.634792722439146,
      "rev_growth_yoy": -0.23771155479195055,
      "rev_growth_yoy_accel": -0.08568956761332489,
      "fcf_margin_change": -0.10078694968091861
    },
    {
      "date": "2025-01-31T00:00:00",
      "quarter_label": "2025-01 (Q1)",
      "revenue": 126574000,
      "gross_profit": 33740000,
      "operating_income": -10257000,
      "net_income": -48739000,
      "opex": 43997000,
      "cogs": 92834000,
      "rd": 4354000,
      "sga": 33832000,
      "fcf": -1887000,
      "ocf": -234000,
      "capex": -1653000,
      "gross_margin": 0.26656343324853443,
      "op_margin": -0.08103559972822223,
      "fcf_margin": -0.014908275001185077,
      "incr_op_margin_yoy": 1.7291857273559013,
      "rev_growth_yoy": -0.057001303780964796,
      "rev_growth_yoy_accel": 0.18071025101098576,
      "op_leverage_ratio": Infinity,
      "fcf_margin_change": 0.1942540738761897
    },
    {
      "date": "2025-04-30T00:00:00",
      "quarter_label": "2025-04 (Q2)",
      "revenue": 126787000,
      "gross_profit": 38945000,
      "operating_income": -1532000,
      "net_income": 33934000,
      "opex": 40477000,
      "cogs": 87842000,
      "rd": 4425000,
      "sga": 30203000,
      "fcf": -160000,
      "ocf": 2301000,
      "capex": -2461000,
      "gross_margin": 0.3071687160355557,
      "op_margin": -0.01208325774724538,
      "fcf_margin": -0.00126195903365487,
      "incr_op_margin_yoy": -1.5034910783553141,
      "rev_growth_yoy": -0.010064336800024986,
      "rev_growth_yoy_accel": 0.04693696698093981,
      "fcf_margin_change": 0.013646315967530206
    },
    {
      "date": "2025-07-31T00:00:00",
      "quarter_label": "2025-07 (Q3)",
      "revenue": 130367000,
      "gross_profit": 40673000,
      "operating_income": 1861000,
      "net_income": 7910000,
      "opex": 38812000,
      "cogs": 89694000,
      "rd": 4916000,
      "sga": 27808000,
      "fcf": 9411000,
      "ocf": 11447000,
      "capex": -2036000,
      "gross_margin": 0.3119884633381147,
      "op_margin": 0.014275084952480305,
      "fcf_margin": 0.07218851396442351,
      "incr_op_margin_yoy": 19.95689655172414,
      "rev_growth_yoy": 0.03309269282278451,
      "rev_growth_yoy_accel": 0.04315702962280949,
      "op_leverage_ratio": Infinity,
      "fcf_margin_change": 0.07345047299807837
    },
    {
      "date": "2025-10-31T00:00:00",
      "quarter_label": "2025-10 (Q4)",
      "revenue": 111032000,
      "gross_profit": 36766000,
      "operating_income": -2757000,
      "net_income": -15879000,
      "opex": 39523000,
      "cogs": 74266000,
      "rd": 3790000,
      "sga": 29938000,
      "fcf": 4820000,
      "ocf": 8076000,
      "capex": -3256000,
      "gross_margin": 0.3311297643922473,
      "op_margin": -0.02483067944376396,
      "fcf_margin": 0.04341090856689963,
      "incr_op_margin_yoy": -26.512793624161073,
      "rev_growth_yoy": -0.041174438687392054,
      "rev_growth_yoy_accel": -0.07426713151017655,
      "fcf_margin_change": -0.02877760539752388
    }
  ],
  "signals": [
    {
      "quarter": "2025-10 (Q4)",
      "signal": "YoY REVENUE GROWTH DECELERATION",
      "detail": "YoY growth: -4.1% vs prior quarter YoY: +3.3% (decel: -7.4%)",
      "severity": "WARNING"
    },
    {
      "quarter": "2025-07 (Q3)",
      "signal": "FCF TURNED POSITIVE",
      "detail": "FCF margin: -0.1% -> +7.2%",
      "severity": "HIGH"
    },
    {
      "quarter": "2025-07 (Q3)",
      "signal": "OP MARGIN TURNED POSITIVE (YoY)",
      "detail": "Op margin: -64.6% (year-ago) -> +1.4%",
      "severity": "HIGH"
    },
    {
      "quarter": "2025-07 (Q3)",
      "signal": "OP MARGIN TURNED POSITIVE (QoQ)",
      "detail": "Op margin: -1.2% -> +1.4%",
      "severity": "HIGH"
    },
    {
      "quarter": "2025-01 (Q1)",
      "signal": "FCF MARGIN EXPANSION",
      "detail": "FCF margin: -20.9% -> -1.5% (+19.4%)",
      "severity": "MEDIUM"
    },
    {
      "quarter": "2025-01 (Q1)",
      "signal": "GROSS MARGIN INFLECTION",
      "detail": "GM: +21.5% -> +12.5% -> +26.7% (reversal +14.1%)",
      "severity": "HIGH"
    },
    {
      "quarter": "2025-01 (Q1)",
      "signal": "YoY REVENUE GROWTH ACCELERATION",
      "detail": "YoY growth: -5.7% vs prior quarter YoY: -23.8% (accel: +18.1%)",
      "severity": "HIGH"
    },
    {
      "quarter": "2024-10 (Q4)",
      "signal": "YoY REVENUE GROWTH DECELERATION",
      "detail": "YoY growth: -23.8% vs prior quarter YoY: -15.2% (decel: -8.6%)",
      "severity": "WARNING"
    },
    {
      "quarter": "2024-07 (Q3)",
      "signal": "YoY REVENUE GROWTH DECELERATION",
      "detail": "YoY growth: -15.2% vs prior quarter YoY: -6.0% (decel: -9.2%)",
      "severity": "WARNING"
    },
    {
      "quarter": "2024-04 (Q2)",
      "signal": "FCF MARGIN EXPANSION",
      "detail": "FCF margin: -23.0% -> -5.0% (+18.0%)",
      "severity": "MEDIUM"
    },
    {
      "quarter": "2024-04 (Q2)",
      "signal": "YoY REVENUE GROWTH DECELERATION",
      "detail": "YoY growth: -6.0% vs prior quarter YoY: +0.4% (decel: -6.4%)",
      "severity": "WARNING"
    },
    {
      "quarter": "2024-01 (Q1)",
      "signal": "YoY REVENUE GROWTH DECELERATION",
      "detail": "YoY growth: +0.4% vs prior quarter YoY: +15.8% (decel: -15.5%)",
      "severity": "WARNING"
    },
    {
      "quarter": "2024-01 (Q1)",
      "signal": "OP MARGIN TURNED POSITIVE (YoY)",
      "detail": "Op margin: -0.6% (year-ago) -> +2.2%",
      "severity": "HIGH"
    },
    {
      "quarter": "2023-10 (Q4)",
      "signal": "OP MARGIN TURNED POSITIVE (YoY)",
      "detail": "Op margin: -7.4% (year-ago) -> +1.4%",
      "severity": "HIGH"
    },
    {
      "quarter": "2023-07 (Q3)",
      "signal": "YoY REVENUE GROWTH ACCELERATION",
      "detail": "YoY growth: +17.2% vs prior quarter YoY: +11.6% (accel: +5.6%)",
      "severity": "MEDIUM"
    },
    {
      "quarter": "2023-07 (Q3)",
      "signal": "OP MARGIN TURNED POSITIVE (YoY)",
      "detail": "Op margin: -1.6% (year-ago) -> +0.8%",
      "severity": "HIGH"
    },
    {
      "quarter": "2023-07 (Q3)",
      "signal": "OP MARGIN TURNED POSITIVE (QoQ)",
      "detail": "Op margin: -3.9% -> +0.8%",
      "severity": "HIGH"
    },
    {
      "quarter": "2023-04 (Q2)",
      "signal": "FCF TURNED POSITIVE",
      "detail": "FCF margin: -9.9% -> +8.5%",
      "severity": "HIGH"
    },
    {
      "quarter": "2022-10 (Q4)",
      "signal": "YoY REVENUE GROWTH ACCELERATION",
      "detail": "YoY growth: +12.3% vs prior quarter YoY: -12.9% (accel: +25.2%)",
      "severity": "HIGH"
    },
    {
      "quarter": "2022-07 (Q3)",
      "signal": "OPERATING LEVERAGE",
      "detail": "Rev growth +4.0% vs OpEx growth +0.9% (leverage: 4.4x)",
      "severity": "MEDIUM"
    },
    {
      "quarter": "2022-04 (Q2)",
      "signal": "YoY REVENUE GROWTH ACCELERATION",
      "detail": "YoY growth: -12.4% vs prior quarter YoY: -25.4% (accel: +13.0%)",
      "severity": "MEDIUM"
    },
    {
      "quarter": "2022-01 (Q1)",
      "signal": "GROSS MARGIN INFLECTION",
      "detail": "GM: +37.8% -> +35.7% -> +38.1% (reversal +2.3%)",
      "severity": "MEDIUM"
    }
  ],
  "data_quality": {
    "n_quarters": 20,
    "coverage": {
      "revenue": [
        20,
        20
      ],
      "gross_profit": [
        20,
        20
      ],
      "op_income": [
        20,
        20
      ],
      "fcf": [
        20,
        20
      ]
    },
    "gaps": [],
    "warnings": []
  },
  "market_cap": null,
  "source": "SEC EDGAR",
  "last_updated": "2026-02-02T23:05:11.163147"
}