{
  "ticker": "CNC",
  "name": "CENTENE CORPORATION",
  "sector": "Healthcare",
  "industry": "Healthcare Plans",
  "quarters": [
    {
      "date": "2021-03-31T00:00:00",
      "quarter_label": "2021-03 (Q1)",
      "revenue": 29983000000,
      "gross_profit": 28935000000,
      "operating_income": 1054000000,
      "net_income": 699000000,
      "opex": 28929000000,
      "cogs": 1048000000,
      "rd": null,
      "sga": 2367000000,
      "fcf": -144000000,
      "ocf": 43000000,
      "capex": -187000000,
      "gross_margin": 0.9650468598872695,
      "op_margin": 0.035153253510322516,
      "fcf_margin": -0.004802721542207251
    },
    {
      "date": "2021-06-30T00:00:00",
      "quarter_label": "2021-06 (Q2)",
      "revenue": 31025000000,
      "gross_profit": 29918000000,
      "operating_income": -418000000,
      "net_income": -535000000,
      "opex": 31443000000,
      "cogs": 1107000000,
      "rd": null,
      "sga": 2273000000,
      "fcf": 1435000000,
      "ocf": 1685000000,
      "capex": -250000000,
      "gross_margin": 0.9643190975020145,
      "op_margin": -0.01347300564061241,
      "fcf_margin": 0.04625302175664787,
      "op_leverage_ratio": 0.3999086355776627,
      "fcf_margin_change": 0.05105574329885512
    },
    {
      "date": "2021-09-30T00:00:00",
      "quarter_label": "2021-09 (Q3)",
      "revenue": 32406000000,
      "gross_profit": 31051000000,
      "operating_income": 545000000,
      "net_income": 584000000,
      "opex": 31861000000,
      "cogs": 1355000000,
      "rd": null,
      "sga": 2684000000,
      "fcf": 1577000000,
      "ocf": 1802000000,
      "capex": -225000000,
      "gross_margin": 0.9581867555390977,
      "op_margin": 0.01681787323335185,
      "fcf_margin": 0.04866382768623095,
      "op_leverage_ratio": 3.3483402411236503,
      "fcf_margin_change": 0.002410805929583079
    },
    {
      "date": "2021-12-31T00:00:00",
      "quarter_label": "2021-12 (Q4)",
      "revenue": 32568000000,
      "gross_profit": 31184000000,
      "operating_income": 603000000,
      "net_income": 599000000,
      "opex": 31965000000,
      "cogs": 1384000000,
      "rd": null,
      "sga": 2842000000,
      "fcf": 427000000,
      "ocf": 675000000,
      "capex": -248000000,
      "gross_margin": 0.9575042986981086,
      "op_margin": 0.018515106853352985,
      "fcf_margin": 0.013111029231147138,
      "fcf_margin_change": -0.03555279845508381
    },
    {
      "date": "2022-03-31T00:00:00",
      "quarter_label": "2022-03 (Q1)",
      "revenue": 37185000000,
      "gross_profit": 4406000000,
      "operating_income": 1253000000,
      "net_income": 849000000,
      "opex": 35932000000,
      "cogs": 1988000000,
      "rd": null,
      "sga": 2745000000,
      "fcf": 909000000,
      "ocf": 1151000000,
      "capex": -242000000,
      "gross_margin": 0.11848863789162296,
      "op_margin": 0.0336963829501143,
      "fcf_margin": 0.02444534086325131,
      "incr_op_margin_yoy": 0.02763121355179117,
      "rev_growth_yoy": 0.24020278157622652,
      "op_leverage_ratio": 1.1423029371459716,
      "fcf_margin_change": 0.011334311632104173
    },
    {
      "date": "2022-06-30T00:00:00",
      "quarter_label": "2022-06 (Q2)",
      "revenue": 35936000000,
      "gross_profit": 4557000000,
      "operating_income": -129000000,
      "net_income": -172000000,
      "opex": 36065000000,
      "cogs": 2099000000,
      "rd": null,
      "sga": 2800000000,
      "fcf": 3072000000,
      "ocf": 3354000000,
      "capex": -282000000,
      "gross_margin": 0.1268087711487088,
      "op_margin": -0.0035897150489759572,
      "fcf_margin": 0.0854853072128228,
      "incr_op_margin_yoy": 0.05884748523722256,
      "rev_growth_yoy": 0.15829170024174052,
      "rev_growth_yoy_accel": -0.08191108133448599,
      "fcf_margin_change": 0.061039966349571484
    },
    {
      "date": "2022-09-30T00:00:00",
      "quarter_label": "2022-09 (Q3)",
      "revenue": 35865000000,
      "gross_profit": 4044000000,
      "operating_income": 476000000,
      "net_income": 738000000,
      "opex": 35389000000,
      "cogs": 1571000000,
      "rd": null,
      "sga": 2846000000,
      "fcf": 3085000000,
      "ocf": 3332000000,
      "capex": -247000000,
      "gross_margin": 0.11275616896695943,
      "op_margin": 0.013271992192945769,
      "fcf_margin": 0.08601700822528928,
      "incr_op_margin_yoy": -0.0199479618386817,
      "rev_growth_yoy": 0.10673949268653952,
      "rev_growth_yoy_accel": -0.051552207555201,
      "fcf_margin_change": 0.0005317010124664817
    },
    {
      "date": "2022-12-31T00:00:00",
      "quarter_label": "2022-12 (Q4)",
      "revenue": 35561000000,
      "gross_profit": 3911000000,
      "operating_income": -282000000,
      "net_income": -213000000,
      "opex": 35843000000,
      "cogs": 1374000000,
      "rd": null,
      "sga": 3198000000,
      "fcf": -1809000000,
      "ocf": -1576000000,
      "capex": -233000000,
      "gross_margin": 0.1099800343072467,
      "op_margin": -0.007930035713281405,
      "fcf_margin": -0.050870335479879646,
      "incr_op_margin_yoy": -0.2956899432008019,
      "rev_growth_yoy": 0.09190002456398919,
      "rev_growth_yoy_accel": -0.01483946812255034,
      "fcf_margin_change": -0.13688734370516892
    },
    {
      "date": "2023-03-31T00:00:00",
      "quarter_label": "2023-03 (Q1)",
      "revenue": 38889000000,
      "gross_profit": 4648000000,
      "operating_income": 1218000000,
      "net_income": 1130000000,
      "opex": 37671000000,
      "cogs": 870000000,
      "rd": null,
      "sga": 3011000000,
      "fcf": 4044000000,
      "ocf": 4269000000,
      "capex": -225000000,
      "gross_margin": 0.11951965851526139,
      "op_margin": 0.03131991051454139,
      "fcf_margin": 0.10398827431921623,
      "incr_op_margin_yoy": -0.020539906103286387,
      "rev_growth_yoy": 0.04582492940701896,
      "rev_growth_yoy_accel": -0.046075095156970225,
      "op_leverage_ratio": 1.835006104405799,
      "fcf_margin_change": 0.15485860979909588
    },
    {
      "date": "2023-06-30T00:00:00",
      "quarter_label": "2023-06 (Q2)",
      "revenue": 37608000000,
      "gross_profit": 4614000000,
      "operating_income": 1171000000,
      "net_income": 1058000000,
      "opex": 36437000000,
      "cogs": 877000000,
      "rd": null,
      "sga": 3016000000,
      "fcf": 2331000000,
      "ocf": 2546000000,
      "capex": -215000000,
      "gross_margin": 0.1226866624122527,
      "op_margin": 0.031136992129334184,
      "fcf_margin": 0.06198149329929802,
      "incr_op_margin_yoy": 0.777511961722488,
      "rev_growth_yoy": 0.04652715939447907,
      "rev_growth_yoy_accel": 0.0007022299874601123,
      "fcf_margin_change": -0.042006781019918206
    },
    {
      "date": "2023-09-30T00:00:00",
      "quarter_label": "2023-09 (Q3)",
      "revenue": 38042000000,
      "gross_profit": 4632000000,
      "operating_income": 735000000,
      "net_income": 469000000,
      "opex": 37307000000,
      "cogs": 856000000,
      "rd": null,
      "sga": 3048000000,
      "fcf": 885000000,
      "ocf": 1021000000,
      "capex": -136000000,
      "gross_margin": 0.12176015982335314,
      "op_margin": 0.01932075074917197,
      "fcf_margin": 0.02326376110614584,
      "incr_op_margin_yoy": 0.1189710610932476,
      "rev_growth_yoy": 0.06069984664714903,
      "rev_growth_yoy_accel": 0.014172687252669958,
      "op_leverage_ratio": 0.4833178682941023,
      "fcf_margin_change": -0.03871773219315218
    },
    {
      "date": "2023-12-31T00:00:00",
      "quarter_label": "2023-12 (Q4)",
      "revenue": 39460000000,
      "gross_profit": 3743000000,
      "operating_income": -194000000,
      "net_income": 45000000,
      "opex": 39654000000,
      "cogs": 961000000,
      "rd": null,
      "sga": 3488000000,
      "fcf": -6000000,
      "ocf": 217000000,
      "capex": -223000000,
      "gross_margin": 0.09485554992397364,
      "op_margin": -0.0049163710086163204,
      "fcf_margin": -0.0001520527116066903,
      "incr_op_margin_yoy": 0.022569889715311618,
      "rev_growth_yoy": 0.10964258597902196,
      "rev_growth_yoy_accel": 0.04894273933187293,
      "op_leverage_ratio": 0.5925024181668829,
      "fcf_margin_change": -0.02341581381775253
    },
    {
      "date": "2024-03-31T00:00:00",
      "quarter_label": "2024-03 (Q1)",
      "revenue": 40407000000,
      "gross_profit": 4736000000,
      "operating_income": 1106000000,
      "net_income": 1163000000,
      "opex": 39301000000,
      "cogs": 669000000,
      "rd": null,
      "sga": 3218000000,
      "fcf": -607000000,
      "ocf": -456000000,
      "capex": -151000000,
      "gross_margin": 0.1172074145568837,
      "op_margin": 0.027371495037988466,
      "fcf_margin": -0.015022149627539783,
      "incr_op_margin_yoy": -0.07378129117259552,
      "rev_growth_yoy": 0.03903417418807375,
      "rev_growth_yoy_accel": -0.0706084117909482,
      "op_leverage_ratio": null,
      "fcf_margin_change": -0.014870096915933093
    },
    {
      "date": "2024-06-30T00:00:00",
      "quarter_label": "2024-06 (Q2)",
      "revenue": 39836000000,
      "gross_profit": 4528000000,
      "operating_income": 1229000000,
      "net_income": 1146000000,
      "opex": 38607000000,
      "cogs": 680000000,
      "rd": null,
      "sga": 2894000000,
      "fcf": 1989000000,
      "ocf": 2175000000,
      "capex": -186000000,
      "gross_margin": 0.1136660307259765,
      "op_margin": 0.03085149111356562,
      "fcf_margin": 0.049929711818455666,
      "incr_op_margin_yoy": 0.026032315978456014,
      "rev_growth_yoy": 0.05924271431610296,
      "rev_growth_yoy_accel": 0.02020854012802921,
      "fcf_margin_change": 0.06495186144599545
    },
    {
      "date": "2024-09-30T00:00:00",
      "quarter_label": "2024-09 (Q3)",
      "revenue": 42023000000,
      "gross_profit": 4006000000,
      "operating_income": 665000000,
      "net_income": 713000000,
      "opex": 41358000000,
      "cogs": 692000000,
      "rd": null,
      "sga": 3057000000,
      "fcf": -1131000000,
      "ocf": -978000000,
      "capex": -153000000,
      "gross_margin": 0.09532874854246484,
      "op_margin": 0.015824667444018753,
      "fcf_margin": -0.026913832901030388,
      "incr_op_margin_yoy": -0.017583521728208994,
      "rev_growth_yoy": 0.10464749487408653,
      "rev_growth_yoy_accel": 0.045404780557983575,
      "op_leverage_ratio": 0.7704572115356714,
      "fcf_margin_change": -0.07684354471948605
    },
    {
      "date": "2024-12-31T00:00:00",
      "quarter_label": "2024-12 (Q4)",
      "revenue": 40805000000,
      "gross_profit": 3799000000,
      "operating_income": 175000000,
      "net_income": 283000000,
      "opex": 40630000000,
      "cogs": 688000000,
      "rd": null,
      "sga": 3231000000,
      "fcf": -741000000,
      "ocf": -587000000,
      "capex": -154000000,
      "gross_margin": 0.09310133562063473,
      "op_margin": 0.004288690111505943,
      "fcf_margin": -0.01815953927214802,
      "incr_op_margin_yoy": 0.27434944237918213,
      "rev_growth_yoy": 0.034085149518499745,
      "rev_growth_yoy_accel": -0.07056234535558678,
      "fcf_margin_change": 0.008754293628882366
    },
    {
      "date": "2025-03-31T00:00:00",
      "quarter_label": "2025-03 (Q1)",
      "revenue": 46620000000,
      "gross_profit": 5288000000,
      "operating_income": 1534000000,
      "net_income": 1311000000,
      "opex": 45086000000,
      "cogs": 698000000,
      "rd": null,
      "sga": 3353000000,
      "fcf": 1375000000,
      "ocf": 1510000000,
      "capex": -135000000,
      "gross_margin": 0.11342771342771343,
      "op_margin": 0.0329043329043329,
      "fcf_margin": 0.029493779493779494,
      "incr_op_margin_yoy": 0.0688878158699501,
      "rev_growth_yoy": 0.153760487044324,
      "rev_growth_yoy_accel": 0.11967533752582424,
      "op_leverage_ratio": 1.299385383079352,
      "fcf_margin_change": 0.047653318765927516
    },
    {
      "date": "2025-06-30T00:00:00",
      "quarter_label": "2025-06 (Q2)",
      "revenue": 48742000000,
      "gross_profit": 3018000000,
      "operating_income": -458000000,
      "net_income": -253000000,
      "opex": 49200000000,
      "cogs": 641000000,
      "rd": null,
      "sga": 3036000000,
      "fcf": 1577000000,
      "ocf": 1785000000,
      "capex": -208000000,
      "gross_margin": 0.061917853186163885,
      "op_margin": -0.009396413770464896,
      "fcf_margin": 0.032354027327561444,
      "incr_op_margin_yoy": -0.18942286099258926,
      "rev_growth_yoy": 0.22356662315493522,
      "rev_growth_yoy_accel": 0.06980613611061123,
      "op_leverage_ratio": 0.498827662998786,
      "fcf_margin_change": 0.0028602478337819495
    },
    {
      "date": "2025-09-30T00:00:00",
      "quarter_label": "2025-09 (Q3)",
      "revenue": 49690000000,
      "gross_profit": 3345000000,
      "operating_income": -6954000000,
      "net_income": -6631000000,
      "opex": 56644000000,
      "cogs": 651000000,
      "rd": null,
      "sga": 3145000000,
      "fcf": 1145000000,
      "ocf": 1356000000,
      "capex": -211000000,
      "gross_margin": 0.0673173676796136,
      "op_margin": -0.13994767558864962,
      "fcf_margin": 0.02304286576776011,
      "incr_op_margin_yoy": -0.9937394026346681,
      "rev_growth_yoy": 0.18244770720795755,
      "rev_growth_yoy_accel": -0.04111891594697767,
      "op_leverage_ratio": 0.12854752824481472,
      "fcf_margin_change": -0.009311161559801332
    },
    {
      "date": "2025-12-31T00:00:00",
      "quarter_label": "2025-12 (Q4)",
      "revenue": 49725000000,
      "gross_profit": 2558000000,
      "operating_income": -1745000000,
      "net_income": -1101000000,
      "opex": 51470000000,
      "cogs": 680000000,
      "rd": null,
      "sga": 3370000000,
      "fcf": 224000000,
      "ocf": 437000000,
      "capex": -213000000,
      "gross_margin": 0.0514429361488185,
      "op_margin": -0.0350930115635998,
      "fcf_margin": 0.004504776269482152,
      "incr_op_margin_yoy": -0.21524663677130046,
      "rev_growth_yoy": 0.2186006616836172,
      "rev_growth_yoy_accel": 0.03615295447565964,
      "fcf_margin_change": -0.01853808949827796
    }
  ],
  "signals": [
    {
      "quarter": "2025-06 (Q2)",
      "signal": "YoY REVENUE GROWTH ACCELERATION",
      "detail": "YoY growth: +22.4% vs prior quarter YoY: +15.4% (accel: +7.0%)",
      "severity": "MEDIUM"
    },
    {
      "quarter": "2025-03 (Q1)",
      "signal": "FCF TURNED POSITIVE",
      "detail": "FCF margin: -1.8% -> +2.9%",
      "severity": "HIGH"
    },
    {
      "quarter": "2025-03 (Q1)",
      "signal": "GROSS MARGIN INFLECTION",
      "detail": "GM: +9.5% -> +9.3% -> +11.3% (reversal +2.0%)",
      "severity": "MEDIUM"
    },
    {
      "quarter": "2025-03 (Q1)",
      "signal": "YoY REVENUE GROWTH ACCELERATION",
      "detail": "YoY growth: +15.4% vs prior quarter YoY: +3.4% (accel: +12.0%)",
      "severity": "MEDIUM"
    },
    {
      "quarter": "2024-12 (Q4)",
      "signal": "YoY REVENUE GROWTH DECELERATION",
      "detail": "YoY growth: +3.4% vs prior quarter YoY: +10.5% (decel: -7.1%)",
      "severity": "WARNING"
    },
    {
      "quarter": "2024-12 (Q4)",
      "signal": "OP MARGIN TURNED POSITIVE (YoY)",
      "detail": "Op margin: -0.5% (year-ago) -> +0.4%",
      "severity": "HIGH"
    },
    {
      "quarter": "2024-06 (Q2)",
      "signal": "FCF TURNED POSITIVE",
      "detail": "FCF margin: -1.5% -> +5.0%",
      "severity": "HIGH"
    },
    {
      "quarter": "2024-03 (Q1)",
      "signal": "GROSS MARGIN INFLECTION",
      "detail": "GM: +12.2% -> +9.5% -> +11.7% (reversal +2.2%)",
      "severity": "MEDIUM"
    },
    {
      "quarter": "2024-03 (Q1)",
      "signal": "YoY REVENUE GROWTH DECELERATION",
      "detail": "YoY growth: +3.9% vs prior quarter YoY: +11.0% (decel: -7.1%)",
      "severity": "WARNING"
    },
    {
      "quarter": "2024-03 (Q1)",
      "signal": "OP MARGIN TURNED POSITIVE (QoQ)",
      "detail": "Op margin: -0.5% -> +2.7%",
      "severity": "HIGH"
    },
    {
      "quarter": "2023-09 (Q3)",
      "signal": "INCREMENTAL MARGIN (YoY)",
      "detail": "YoY Incr OPM: +11.9% vs year-ago OPM: +1.3%",
      "severity": "MEDIUM"
    },
    {
      "quarter": "2023-06 (Q2)",
      "signal": "OP MARGIN TURNED POSITIVE (YoY)",
      "detail": "Op margin: -0.4% (year-ago) -> +3.1%",
      "severity": "HIGH"
    },
    {
      "quarter": "2023-03 (Q1)",
      "signal": "FCF TURNED POSITIVE",
      "detail": "FCF margin: -5.1% -> +10.4%",
      "severity": "HIGH"
    },
    {
      "quarter": "2023-03 (Q1)",
      "signal": "OPERATING LEVERAGE",
      "detail": "Rev growth +9.4% vs OpEx growth +5.1% (leverage: 1.8x)",
      "severity": "MEDIUM"
    },
    {
      "quarter": "2023-03 (Q1)",
      "signal": "OP MARGIN TURNED POSITIVE (QoQ)",
      "detail": "Op margin: -0.8% -> +3.1%",
      "severity": "HIGH"
    },
    {
      "quarter": "2022-09 (Q3)",
      "signal": "YoY REVENUE GROWTH DECELERATION",
      "detail": "YoY growth: +10.7% vs prior quarter YoY: +15.8% (decel: -5.2%)",
      "severity": "WARNING"
    },
    {
      "quarter": "2022-09 (Q3)",
      "signal": "OP MARGIN TURNED POSITIVE (QoQ)",
      "detail": "Op margin: -0.4% -> +1.3%",
      "severity": "HIGH"
    },
    {
      "quarter": "2022-06 (Q2)",
      "signal": "FCF MARGIN EXPANSION",
      "detail": "FCF margin: +2.4% -> +8.5% (+6.1%)",
      "severity": "MEDIUM"
    },
    {
      "quarter": "2022-06 (Q2)",
      "signal": "YoY REVENUE GROWTH DECELERATION",
      "detail": "YoY growth: +15.8% vs prior quarter YoY: +24.0% (decel: -8.2%)",
      "severity": "WARNING"
    },
    {
      "quarter": "2021-09 (Q3)",
      "signal": "OPERATING LEVERAGE",
      "detail": "Rev growth +4.5% vs OpEx growth +1.3% (leverage: 3.3x)",
      "severity": "MEDIUM"
    },
    {
      "quarter": "2021-09 (Q3)",
      "signal": "OP MARGIN TURNED POSITIVE (QoQ)",
      "detail": "Op margin: -1.3% -> +1.7%",
      "severity": "HIGH"
    },
    {
      "quarter": "2021-06 (Q2)",
      "signal": "FCF TURNED POSITIVE",
      "detail": "FCF margin: -0.5% -> +4.6%",
      "severity": "HIGH"
    }
  ],
  "data_quality": {
    "n_quarters": 20,
    "coverage": {
      "revenue": [
        20,
        20
      ],
      "gross_profit": [
        20,
        20
      ],
      "op_income": [
        20,
        20
      ],
      "fcf": [
        20,
        20
      ]
    },
    "gaps": [],
    "warnings": []
  },
  "market_cap": null,
  "source": "SEC EDGAR",
  "last_updated": "2026-02-24T10:37:23.885670"
}