{
  "ticker": "CNFN",
  "name": "CFN ENTERPRISES INC.",
  "quarters": [
    {
      "date": "2020-12-31T00:00:00",
      "quarter_label": "2020-12 (Q4)",
      "revenue": 157419,
      "gross_profit": 34835,
      "operating_income": -257836,
      "net_income": -312702,
      "opex": 292671,
      "cogs": 122584,
      "rd": null,
      "sga": 292671,
      "fcf": -157404,
      "ocf": -157403,
      "capex": -1,
      "gross_margin": 0.22128840864190472,
      "op_margin": -1.6378963149302181,
      "fcf_margin": -0.9999047128999676
    },
    {
      "date": "2021-03-31T00:00:00",
      "quarter_label": "2021-03 (Q1)",
      "revenue": 207642,
      "gross_profit": 80015,
      "operating_income": -250016,
      "net_income": -316703,
      "opex": 330031,
      "cogs": 127627,
      "rd": null,
      "sga": 330031,
      "fcf": -230159,
      "ocf": -230159,
      "capex": null,
      "gross_margin": 0.38535074792190405,
      "op_margin": -1.204072393831691,
      "fcf_margin": -1.1084414521146975,
      "op_leverage_ratio": 2.4992996352238417,
      "fcf_margin_change": -0.10853673921472984
    },
    {
      "date": "2021-06-30T00:00:00",
      "quarter_label": "2021-06 (Q2)",
      "revenue": 291126,
      "gross_profit": 200607,
      "operating_income": -139888,
      "net_income": -267941,
      "opex": 340495,
      "cogs": 90519,
      "rd": null,
      "sga": 340495,
      "fcf": -186712,
      "ocf": -186712,
      "capex": null,
      "gross_margin": 0.6890727726139197,
      "op_margin": -0.48050672217527807,
      "fcf_margin": -0.6413442976580587,
      "op_leverage_ratio": 12.680753207774956,
      "fcf_margin_change": 0.4670971544566388
    },
    {
      "date": "2021-09-30T00:00:00",
      "quarter_label": "2021-09 (Q3)",
      "revenue": 948254,
      "gross_profit": 218068,
      "operating_income": -629820,
      "net_income": -366532,
      "opex": 847888,
      "cogs": 730186,
      "rd": null,
      "sga": 847888,
      "fcf": 156009,
      "ocf": 161719,
      "capex": -5710,
      "gross_margin": 0.22996791998768262,
      "op_margin": -0.6641891307603237,
      "fcf_margin": 0.16452237480675008,
      "op_leverage_ratio": 1.5147300696931885,
      "fcf_margin_change": 0.8058666724648087
    },
    {
      "date": "2021-12-31T00:00:00",
      "quarter_label": "2021-12 (Q4)",
      "revenue": 1706553,
      "gross_profit": -883913,
      "operating_income": -11379038,
      "net_income": -11468495,
      "opex": 10495125,
      "cogs": 2590466,
      "rd": null,
      "sga": 1139468,
      "fcf": -89062,
      "ocf": -89062,
      "capex": null,
      "gross_margin": -0.5179522698679736,
      "op_margin": -6.667849167298057,
      "fcf_margin": -0.05218824144342426,
      "incr_op_margin_yoy": -7.178979997856867,
      "rev_growth_yoy": 9.840832428105884,
      "op_leverage_ratio": 0.0702831699299149,
      "fcf_margin_change": -0.21671061625017435
    },
    {
      "date": "2022-03-31T00:00:00",
      "quarter_label": "2022-03 (Q1)",
      "revenue": 1519291,
      "gross_profit": -764392,
      "operating_income": -1255890,
      "net_income": -1302204,
      "opex": 491498,
      "cogs": 2283683,
      "rd": null,
      "sga": 491498,
      "fcf": -38096,
      "ocf": -38096,
      "capex": null,
      "gross_margin": -0.5031241546221231,
      "op_margin": -0.8266289999743301,
      "fcf_margin": -0.02507485399439607,
      "incr_op_margin_yoy": -0.7668774191876028,
      "rev_growth_yoy": 6.3168771250517715,
      "rev_growth_yoy_accel": -3.5239553030541124,
      "fcf_margin_change": 0.02711338744902819
    },
    {
      "date": "2022-06-30T00:00:00",
      "quarter_label": "2022-06 (Q2)",
      "revenue": 1468373,
      "gross_profit": -648792,
      "operating_income": -1432966,
      "net_income": -1466863,
      "opex": 784174,
      "cogs": 2117165,
      "rd": null,
      "sga": 784174,
      "fcf": -1267464,
      "ocf": -1267464,
      "capex": null,
      "gross_margin": -0.4418441363332069,
      "op_margin": -0.9758869170163167,
      "fcf_margin": -0.8631757734581064,
      "incr_op_margin_yoy": -1.098391416584625,
      "rev_growth_yoy": 4.043771425430913,
      "rev_growth_yoy_accel": -2.2731056996208583,
      "fcf_margin_change": -0.8381009194637103
    },
    {
      "date": "2022-09-30T00:00:00",
      "quarter_label": "2022-09 (Q3)",
      "revenue": 840970,
      "gross_profit": -468883,
      "operating_income": -982083,
      "net_income": -1122468,
      "opex": 513200,
      "cogs": 1309853,
      "rd": null,
      "sga": 513200,
      "fcf": -37023,
      "ocf": -82023,
      "capex": 45000,
      "gross_margin": -0.55755020987669,
      "op_margin": -1.1677979000439969,
      "fcf_margin": -0.0440241625741703,
      "rev_growth_yoy": -0.11313846290129016,
      "rev_growth_yoy_accel": -4.156909888332203,
      "fcf_margin_change": 0.8191516108839361
    },
    {
      "date": "2022-12-31T00:00:00",
      "quarter_label": "2022-12 (Q4)",
      "revenue": 488856,
      "gross_profit": -312552,
      "operating_income": -4781483,
      "net_income": null,
      "opex": 4368930,
      "cogs": 801408,
      "rd": null,
      "sga": 852970,
      "fcf": -31267,
      "ocf": -31267,
      "capex": null,
      "gross_margin": -0.6393539201728117,
      "op_margin": -9.780964128495917,
      "fcf_margin": -0.06395953000474577,
      "incr_op_margin_yoy": -5.418059665089099,
      "rev_growth_yoy": -0.7135418589402146,
      "rev_growth_yoy_accel": -0.6004033960389245,
      "fcf_margin_change": -0.019935367430575474
    },
    {
      "date": "2023-03-31T00:00:00",
      "quarter_label": "2023-03 (Q1)",
      "revenue": 112957,
      "gross_profit": -63233,
      "operating_income": -485247,
      "net_income": -551222,
      "opex": 422013,
      "cogs": 176191,
      "rd": null,
      "sga": 422013,
      "fcf": -586281,
      "ocf": -586281,
      "capex": null,
      "gross_margin": -0.5597970909284063,
      "op_margin": -4.29585594518268,
      "fcf_margin": -5.19030250449286,
      "incr_op_margin_yoy": -0.5479800673239785,
      "rev_growth_yoy": -0.9256515045504778,
      "rev_growth_yoy_accel": -0.21210964561026324,
      "fcf_margin_change": -5.126342974488114
    },
    {
      "date": "2023-06-30T00:00:00",
      "quarter_label": "2023-06 (Q2)",
      "revenue": 152301,
      "gross_profit": 104817,
      "operating_income": -1598317,
      "net_income": -1455712,
      "opex": 1703134,
      "cogs": 47484,
      "rd": null,
      "sga": 1703134,
      "fcf": 22004,
      "ocf": 22004,
      "capex": null,
      "gross_margin": 0.6882226643291902,
      "op_margin": -10.494461625334042,
      "fcf_margin": 0.14447705530495533,
      "incr_op_margin_yoy": 0.12563978262587458,
      "rev_growth_yoy": -0.8962790789533722,
      "rev_growth_yoy_accel": 0.029372425597105623,
      "op_leverage_ratio": 0.11473635296919373,
      "fcf_margin_change": 5.334779559797815
    },
    {
      "date": "2023-09-30T00:00:00",
      "quarter_label": "2023-09 (Q3)",
      "revenue": 1678571,
      "gross_profit": 453035,
      "operating_income": -1144646,
      "net_income": -1910483,
      "opex": 1597681,
      "cogs": 1225536,
      "rd": null,
      "sga": 1597681,
      "fcf": -3201652,
      "ocf": -3201652,
      "capex": null,
      "gross_margin": 0.26989326039827927,
      "op_margin": -0.6819169400638996,
      "fcf_margin": -1.9073676359236518,
      "rev_growth_yoy": 0.9959939117923351,
      "rev_growth_yoy_accel": 1.8922729907457074,
      "op_leverage_ratio": Infinity,
      "fcf_margin_change": -2.0518446912286072
    },
    {
      "date": "2023-12-31T00:00:00",
      "quarter_label": "2023-12 (Q4)",
      "revenue": 1593802,
      "gross_profit": 20071,
      "operating_income": -10564324,
      "net_income": null,
      "opex": 10584395,
      "cogs": 1573731,
      "rd": null,
      "sga": 1907965,
      "fcf": -1213019,
      "ocf": -1213019,
      "capex": null,
      "gross_margin": 0.012593157744813973,
      "op_margin": -6.628379183863491,
      "fcf_margin": -0.7610851285165912,
      "incr_op_margin_yoy": -5.2335960309372584,
      "rev_growth_yoy": 2.26026887263325,
      "rev_growth_yoy_accel": 1.264274960840915,
      "fcf_margin_change": 1.1462825074070606
    },
    {
      "date": "2024-03-31T00:00:00",
      "quarter_label": "2024-03 (Q1)",
      "revenue": 3844592,
      "gross_profit": 1692757,
      "operating_income": 72963,
      "net_income": -647571,
      "opex": 1619794,
      "cogs": 2151835,
      "rd": null,
      "sga": 1619794,
      "fcf": 196820,
      "ocf": 203529,
      "capex": -6709,
      "gross_margin": 0.4402956152434381,
      "op_margin": 0.018978086621415223,
      "fcf_margin": 0.05119398885499424,
      "incr_op_margin_yoy": 0.14958858516441184,
      "rev_growth_yoy": 33.035889763361276,
      "rev_growth_yoy_accel": 30.775620890728025,
      "op_leverage_ratio": Infinity,
      "fcf_margin_change": 0.8122791173715854
    },
    {
      "date": "2024-06-30T00:00:00",
      "quarter_label": "2024-06 (Q2)",
      "revenue": 5893962,
      "gross_profit": 1015961,
      "operating_income": -530988,
      "net_income": -1251338,
      "opex": 1546949,
      "cogs": 4878001,
      "rd": null,
      "sga": 1546949,
      "fcf": 55991,
      "ocf": 75261,
      "capex": -19270,
      "gross_margin": 0.17237318462521475,
      "op_margin": -0.0900901634588075,
      "fcf_margin": 0.009499721918804363,
      "incr_op_margin_yoy": 0.1858920267149175,
      "rev_growth_yoy": 37.69943073256249,
      "rev_growth_yoy_accel": 4.663540969201215,
      "op_leverage_ratio": Infinity,
      "fcf_margin_change": -0.041694266936189876
    },
    {
      "date": "2024-09-30T00:00:00",
      "quarter_label": "2024-09 (Q3)",
      "revenue": 6771741,
      "gross_profit": 4376747,
      "operating_income": 1636362,
      "net_income": 972900,
      "opex": 2740385,
      "cogs": 2394994,
      "rd": null,
      "sga": 2740385,
      "fcf": 20611,
      "ocf": 33932,
      "capex": -13321,
      "gross_margin": 0.6463252212392647,
      "op_margin": 0.24164568609460993,
      "fcf_margin": 0.003043678132403469,
      "incr_op_margin_yoy": 0.5460269341097981,
      "rev_growth_yoy": 3.03422971086716,
      "rev_growth_yoy_accel": -34.66520102169533,
      "op_leverage_ratio": 0.19304329282663252,
      "fcf_margin_change": -0.006456043786400894
    },
    {
      "date": "2024-12-31T00:00:00",
      "quarter_label": "2024-12 (Q4)",
      "revenue": 3706339,
      "gross_profit": -1798555,
      "operating_income": -3647509,
      "net_income": -3363353,
      "opex": 1848954,
      "cogs": 5504894,
      "rd": null,
      "sga": 1848954,
      "fcf": 130064,
      "ocf": 130064,
      "capex": null,
      "gross_margin": -0.48526456970072085,
      "op_margin": -0.9841271939776691,
      "fcf_margin": 0.03509231076811916,
      "incr_op_margin_yoy": 3.2741746061725783,
      "rev_growth_yoy": 1.3254701650518697,
      "rev_growth_yoy_accel": -1.7087595458152904,
      "fcf_margin_change": 0.03204863263571569
    },
    {
      "date": "2025-03-31T00:00:00",
      "quarter_label": "2025-03 (Q1)",
      "revenue": 5894904,
      "gross_profit": -398140,
      "operating_income": -2478337,
      "net_income": -2503610,
      "opex": 2080197,
      "cogs": 6293044,
      "rd": null,
      "sga": 2080197,
      "fcf": -42213,
      "ocf": 5950,
      "capex": -48163,
      "gross_margin": -0.06753969191016512,
      "op_margin": -0.42042024772583236,
      "fcf_margin": -0.007160930865031899,
      "incr_op_margin_yoy": -1.2443472017917272,
      "rev_growth_yoy": 0.5332976815225127,
      "rev_growth_yoy_accel": -0.792172483529357,
      "op_leverage_ratio": 4.721411153205413,
      "fcf_margin_change": -0.042253241633151056
    },
    {
      "date": "2025-06-30T00:00:00",
      "quarter_label": "2025-06 (Q2)",
      "revenue": 18682199,
      "gross_profit": 774421,
      "operating_income": -2185550,
      "net_income": -2293856,
      "opex": 2959971,
      "cogs": 17907778,
      "rd": null,
      "sga": 2959971,
      "fcf": 1521289,
      "ocf": 1574871,
      "capex": -53582,
      "gross_margin": 0.041452347231715064,
      "op_margin": -0.11698569317241508,
      "fcf_margin": 0.08142986807923414,
      "incr_op_margin_yoy": -0.1293815558782653,
      "rev_growth_yoy": 2.1697182642168373,
      "rev_growth_yoy_accel": 1.6364205826943246,
      "op_leverage_ratio": 5.129030599880085,
      "fcf_margin_change": 0.08859079894426604
    },
    {
      "date": "2025-09-30T00:00:00",
      "quarter_label": "2025-09 (Q3)",
      "revenue": 6645241,
      "gross_profit": 1699533,
      "operating_income": -377040,
      "net_income": -433796,
      "opex": 2076573,
      "cogs": 4945708,
      "rd": null,
      "sga": 2076573,
      "fcf": -1671007,
      "ocf": -1621182,
      "capex": -49825,
      "gross_margin": 0.2557518982381527,
      "op_margin": -0.05673834854145997,
      "fcf_margin": -0.2514592021568518,
      "rev_growth_yoy": -0.0186805726917199,
      "rev_growth_yoy_accel": -2.1883988369085574,
      "fcf_margin_change": -0.33288907023608594
    }
  ],
  "signals": [
    {
      "quarter": "2025-09 (Q3)",
      "signal": "YoY REVENUE GROWTH DECELERATION",
      "detail": "YoY growth: -1.9% vs prior quarter YoY: +217.0% (decel: -218.8%)",
      "severity": "WARNING"
    },
    {
      "quarter": "2025-06 (Q2)",
      "signal": "FCF TURNED POSITIVE",
      "detail": "FCF margin: -0.7% -> +8.1%",
      "severity": "HIGH"
    },
    {
      "quarter": "2025-06 (Q2)",
      "signal": "OPERATING LEVERAGE",
      "detail": "Rev growth +216.9% vs OpEx growth +42.3% (leverage: 5.1x)",
      "severity": "MEDIUM"
    },
    {
      "quarter": "2025-06 (Q2)",
      "signal": "YoY REVENUE GROWTH ACCELERATION",
      "detail": "YoY growth: +217.0% vs prior quarter YoY: +53.3% (accel: +163.6%)",
      "severity": "HIGH"
    },
    {
      "quarter": "2025-03 (Q1)",
      "signal": "OPERATING LEVERAGE",
      "detail": "Rev growth +59.0% vs OpEx growth +12.5% (leverage: 4.7x)",
      "severity": "MEDIUM"
    },
    {
      "quarter": "2025-03 (Q1)",
      "signal": "GROSS MARGIN INFLECTION",
      "detail": "GM: +64.6% -> -48.5% -> -6.8% (reversal +41.8%)",
      "severity": "HIGH"
    },
    {
      "quarter": "2025-03 (Q1)",
      "signal": "YoY REVENUE GROWTH DECELERATION",
      "detail": "YoY growth: +53.3% vs prior quarter YoY: +132.5% (decel: -79.2%)",
      "severity": "WARNING"
    },
    {
      "quarter": "2024-12 (Q4)",
      "signal": "YoY REVENUE GROWTH DECELERATION",
      "detail": "YoY growth: +132.5% vs prior quarter YoY: +303.4% (decel: -170.9%)",
      "severity": "WARNING"
    },
    {
      "quarter": "2024-09 (Q3)",
      "signal": "GROSS MARGIN INFLECTION",
      "detail": "GM: +44.0% -> +17.2% -> +64.6% (reversal +47.4%)",
      "severity": "HIGH"
    },
    {
      "quarter": "2024-09 (Q3)",
      "signal": "YoY REVENUE GROWTH DECELERATION",
      "detail": "YoY growth: +303.4% vs prior quarter YoY: +3769.9% (decel: -3466.5%)",
      "severity": "WARNING"
    },
    {
      "quarter": "2024-09 (Q3)",
      "signal": "OP MARGIN TURNED POSITIVE (YoY)",
      "detail": "Op margin: -68.2% (year-ago) -> +24.2%",
      "severity": "HIGH"
    },
    {
      "quarter": "2024-09 (Q3)",
      "signal": "OP MARGIN TURNED POSITIVE (QoQ)",
      "detail": "Op margin: -9.0% -> +24.2%",
      "severity": "HIGH"
    },
    {
      "quarter": "2024-06 (Q2)",
      "signal": "YoY REVENUE GROWTH ACCELERATION",
      "detail": "YoY growth: +3769.9% vs prior quarter YoY: +3303.6% (accel: +466.4%)",
      "severity": "HIGH"
    },
    {
      "quarter": "2024-03 (Q1)",
      "signal": "FCF TURNED POSITIVE",
      "detail": "FCF margin: -76.1% -> +5.1%",
      "severity": "HIGH"
    },
    {
      "quarter": "2024-03 (Q1)",
      "signal": "GROSS MARGIN INFLECTION",
      "detail": "GM: +27.0% -> +1.3% -> +44.0% (reversal +42.8%)",
      "severity": "HIGH"
    },
    {
      "quarter": "2024-03 (Q1)",
      "signal": "YoY REVENUE GROWTH ACCELERATION",
      "detail": "YoY growth: +3303.6% vs prior quarter YoY: +226.0% (accel: +3077.6%)",
      "severity": "HIGH"
    },
    {
      "quarter": "2024-03 (Q1)",
      "signal": "OP MARGIN TURNED POSITIVE (YoY)",
      "detail": "Op margin: -429.6% (year-ago) -> +1.9%",
      "severity": "HIGH"
    },
    {
      "quarter": "2024-03 (Q1)",
      "signal": "OP MARGIN TURNED POSITIVE (QoQ)",
      "detail": "Op margin: -662.8% -> +1.9%",
      "severity": "HIGH"
    },
    {
      "quarter": "2023-12 (Q4)",
      "signal": "FCF MARGIN EXPANSION",
      "detail": "FCF margin: -190.7% -> -76.1% (+114.6%)",
      "severity": "MEDIUM"
    },
    {
      "quarter": "2023-12 (Q4)",
      "signal": "YoY REVENUE GROWTH ACCELERATION",
      "detail": "YoY growth: +226.0% vs prior quarter YoY: +99.6% (accel: +126.4%)",
      "severity": "HIGH"
    },
    {
      "quarter": "2023-09 (Q3)",
      "signal": "YoY REVENUE GROWTH ACCELERATION",
      "detail": "YoY growth: +99.6% vs prior quarter YoY: -89.6% (accel: +189.2%)",
      "severity": "HIGH"
    },
    {
      "quarter": "2023-06 (Q2)",
      "signal": "FCF TURNED POSITIVE",
      "detail": "FCF margin: -519.0% -> +14.4%",
      "severity": "HIGH"
    },
    {
      "quarter": "2023-03 (Q1)",
      "signal": "GROSS MARGIN INFLECTION",
      "detail": "GM: -55.8% -> -63.9% -> -56.0% (reversal +8.0%)",
      "severity": "HIGH"
    },
    {
      "quarter": "2023-03 (Q1)",
      "signal": "YoY REVENUE GROWTH DECELERATION",
      "detail": "YoY growth: -92.6% vs prior quarter YoY: -71.4% (decel: -21.2%)",
      "severity": "WARNING"
    },
    {
      "quarter": "2022-12 (Q4)",
      "signal": "YoY REVENUE GROWTH DECELERATION",
      "detail": "YoY growth: -71.4% vs prior quarter YoY: -11.3% (decel: -60.0%)",
      "severity": "WARNING"
    },
    {
      "quarter": "2022-09 (Q3)",
      "signal": "FCF MARGIN EXPANSION",
      "detail": "FCF margin: -86.3% -> -4.4% (+81.9%)",
      "severity": "MEDIUM"
    },
    {
      "quarter": "2022-09 (Q3)",
      "signal": "YoY REVENUE GROWTH DECELERATION",
      "detail": "YoY growth: -11.3% vs prior quarter YoY: +404.4% (decel: -415.7%)",
      "severity": "WARNING"
    },
    {
      "quarter": "2022-06 (Q2)",
      "signal": "YoY REVENUE GROWTH DECELERATION",
      "detail": "YoY growth: +404.4% vs prior quarter YoY: +631.7% (decel: -227.3%)",
      "severity": "WARNING"
    },
    {
      "quarter": "2022-03 (Q1)",
      "signal": "YoY REVENUE GROWTH DECELERATION",
      "detail": "YoY growth: +631.7% vs prior quarter YoY: +984.1% (decel: -352.4%)",
      "severity": "WARNING"
    },
    {
      "quarter": "2021-09 (Q3)",
      "signal": "FCF TURNED POSITIVE",
      "detail": "FCF margin: -64.1% -> +16.5%",
      "severity": "HIGH"
    },
    {
      "quarter": "2021-09 (Q3)",
      "signal": "OPERATING LEVERAGE",
      "detail": "Rev growth +225.7% vs OpEx growth +149.0% (leverage: 1.5x)",
      "severity": "MEDIUM"
    },
    {
      "quarter": "2021-06 (Q2)",
      "signal": "FCF MARGIN EXPANSION",
      "detail": "FCF margin: -110.8% -> -64.1% (+46.7%)",
      "severity": "MEDIUM"
    },
    {
      "quarter": "2021-06 (Q2)",
      "signal": "OPERATING LEVERAGE",
      "detail": "Rev growth +40.2% vs OpEx growth +3.2% (leverage: 12.7x)",
      "severity": "MEDIUM"
    },
    {
      "quarter": "2021-03 (Q1)",
      "signal": "OPERATING LEVERAGE",
      "detail": "Rev growth +31.9% vs OpEx growth +12.8% (leverage: 2.5x)",
      "severity": "MEDIUM"
    }
  ],
  "data_quality": {
    "n_quarters": 20,
    "coverage": {
      "revenue": [
        20,
        20
      ],
      "gross_profit": [
        20,
        20
      ],
      "op_income": [
        20,
        20
      ],
      "fcf": [
        20,
        20
      ]
    },
    "gaps": [],
    "warnings": []
  },
  "market_cap": null,
  "source": "SEC EDGAR",
  "last_updated": "2026-02-03T00:09:59.660214",
  "sector": "Communication Services",
  "industry": "Advertising Agencies"
}