{
  "ticker": "CNM",
  "name": "Core & Main, Inc.",
  "quarters": [
    {
      "date": "2021-01-31T00:00:00",
      "quarter_label": "2021-01 (Q1)",
      "revenue": 831500000,
      "gross_profit": 203800000,
      "operating_income": 32100000,
      "net_income": null,
      "opex": 171700000,
      "cogs": 627700000,
      "rd": null,
      "sga": 137400000,
      "fcf": 59800000,
      "ocf": 59800000,
      "capex": null,
      "gross_margin": 0.24509921828021647,
      "op_margin": 0.0386049308478653,
      "fcf_margin": 0.0719182200841852
    },
    {
      "date": "2021-05-02T00:00:00",
      "quarter_label": "2021-05 (Q2)",
      "revenue": 1055000000,
      "gross_profit": 257000000,
      "operating_income": 69000000,
      "net_income": 27000000,
      "opex": 188000000,
      "cogs": 798000000,
      "rd": null,
      "sga": 154000000,
      "fcf": -44000000,
      "ocf": -44000000,
      "capex": null,
      "gross_margin": 0.24360189573459715,
      "op_margin": 0.06540284360189573,
      "fcf_margin": -0.04170616113744076,
      "op_leverage_ratio": 2.831378726449723,
      "fcf_margin_change": -0.11362438122162596
    },
    {
      "date": "2021-08-01T00:00:00",
      "quarter_label": "2021-08 (Q3)",
      "revenue": 1297600000,
      "gross_profit": 325200000,
      "operating_income": 99800000,
      "net_income": 26500000,
      "opex": 225400000,
      "cogs": 972400000,
      "rd": null,
      "sga": 191800000,
      "fcf": -55000000,
      "ocf": -55000000,
      "capex": null,
      "gross_margin": 0.250616522811344,
      "op_margin": 0.07691122071516646,
      "fcf_margin": -0.042385943279901354,
      "op_leverage_ratio": 1.1559114985934054,
      "fcf_margin_change": -0.0006797821424605957
    },
    {
      "date": "2021-10-31T00:00:00",
      "quarter_label": "2021-10 (Q4)",
      "revenue": 1404800000,
      "gross_profit": 370600000,
      "operating_income": 147500000,
      "net_income": 44000000,
      "opex": 223100000,
      "cogs": 1034200000,
      "rd": null,
      "sga": 187900000,
      "fcf": 33000000,
      "ocf": 33000000,
      "capex": null,
      "gross_margin": 0.26380979498861046,
      "op_margin": 0.10499715261958997,
      "fcf_margin": 0.023490888382687928,
      "op_leverage_ratio": Infinity,
      "fcf_margin_change": 0.06587683166258929
    },
    {
      "date": "2022-01-30T00:00:00",
      "quarter_label": "2022-01 (Q1)",
      "revenue": 1246500000,
      "gross_profit": 327400000,
      "operating_income": 108600000,
      "net_income": 47700000,
      "opex": 218800000,
      "cogs": 919100000,
      "rd": null,
      "sga": 183400000,
      "fcf": 35000000,
      "ocf": 35000000,
      "capex": null,
      "gross_margin": 0.2626554352186121,
      "op_margin": 0.08712394705174488,
      "fcf_margin": 0.02807862013638187,
      "incr_op_margin_yoy": 0.18433734939759036,
      "rev_growth_yoy": 0.49909801563439565,
      "fcf_margin_change": 0.004587731753693942
    },
    {
      "date": "2022-05-01T00:00:00",
      "quarter_label": "2022-05 (Q2)",
      "revenue": 1598000000,
      "gross_profit": 421000000,
      "operating_income": 180000000,
      "net_income": 86000000,
      "opex": 241000000,
      "cogs": 1177000000,
      "rd": null,
      "sga": 206000000,
      "fcf": -37000000,
      "ocf": -37000000,
      "capex": null,
      "gross_margin": 0.2634543178973717,
      "op_margin": 0.11264080100125157,
      "fcf_margin": -0.023153942428035045,
      "incr_op_margin_yoy": 0.20441988950276244,
      "rev_growth_yoy": 0.5146919431279621,
      "rev_growth_yoy_accel": 0.015593927493566417,
      "op_leverage_ratio": 2.7792485626420644,
      "fcf_margin_change": -0.05123256256441691
    },
    {
      "date": "2022-07-31T00:00:00",
      "quarter_label": "2022-07 (Q3)",
      "revenue": 1861000000,
      "gross_profit": 501000000,
      "operating_income": 237000000,
      "net_income": 115000000,
      "opex": 264000000,
      "cogs": 1360000000,
      "rd": null,
      "sga": 230000000,
      "fcf": -23000000,
      "ocf": -23000000,
      "capex": null,
      "gross_margin": 0.2692101020956475,
      "op_margin": 0.12735088662009672,
      "fcf_margin": -0.012358946802794197,
      "incr_op_margin_yoy": 0.24352147674831381,
      "rev_growth_yoy": 0.4341861898890259,
      "rev_growth_yoy_accel": -0.08050575323893616,
      "op_leverage_ratio": 1.7245197801599828,
      "fcf_margin_change": 0.010794995625240849
    },
    {
      "date": "2022-10-30T00:00:00",
      "quarter_label": "2022-10 (Q4)",
      "revenue": 1818000000,
      "gross_profit": 500000000,
      "operating_income": 234000000,
      "net_income": 111000000,
      "opex": 266000000,
      "cogs": 1318000000,
      "rd": null,
      "sga": 231000000,
      "fcf": 154000000,
      "ocf": 154000000,
      "capex": null,
      "gross_margin": 0.27502750275027504,
      "op_margin": 0.12871287128712872,
      "fcf_margin": 0.0847084708470847,
      "incr_op_margin_yoy": 0.20934172313649566,
      "rev_growth_yoy": 0.2941343963553531,
      "rev_growth_yoy_accel": -0.1400517935336728,
      "fcf_margin_change": 0.0970674176498789
    },
    {
      "date": "2023-01-29T00:00:00",
      "quarter_label": "2023-01 (Q1)",
      "revenue": 1374000000,
      "gross_profit": 373000000,
      "operating_income": 124000000,
      "net_income": 54000000,
      "opex": 249000000,
      "cogs": 1001000000,
      "rd": null,
      "sga": 213000000,
      "fcf": 307000000,
      "ocf": 307000000,
      "capex": null,
      "gross_margin": 0.2714701601164483,
      "op_margin": 0.09024745269286755,
      "fcf_margin": 0.22343522561863174,
      "incr_op_margin_yoy": 0.1207843137254902,
      "rev_growth_yoy": 0.1022864019253911,
      "rev_growth_yoy_accel": -0.191847994429962,
      "fcf_margin_change": 0.13872675477154706
    },
    {
      "date": "2023-04-30T00:00:00",
      "quarter_label": "2023-04 (Q2)",
      "revenue": 1574000000,
      "gross_profit": 439000000,
      "operating_income": 181000000,
      "net_income": 86000000,
      "opex": 258000000,
      "cogs": 1135000000,
      "rd": null,
      "sga": 223000000,
      "fcf": 120000000,
      "ocf": 120000000,
      "capex": null,
      "gross_margin": 0.2789072426937738,
      "op_margin": 0.11499364675984752,
      "fcf_margin": 0.07623888182973317,
      "incr_op_margin_yoy": -0.041666666666666664,
      "rev_growth_yoy": -0.015018773466833541,
      "rev_growth_yoy_accel": -0.11730517539222464,
      "op_leverage_ratio": 4.027171276079573,
      "fcf_margin_change": -0.14719634378889856
    },
    {
      "date": "2023-07-30T00:00:00",
      "quarter_label": "2023-07 (Q3)",
      "revenue": 1861000000,
      "gross_profit": 501000000,
      "operating_income": 226000000,
      "net_income": 110000000,
      "opex": 275000000,
      "cogs": 1360000000,
      "rd": null,
      "sga": 238000000,
      "fcf": 282000000,
      "ocf": 282000000,
      "capex": null,
      "gross_margin": 0.2692101020956475,
      "op_margin": 0.12144008597528211,
      "fcf_margin": 0.15153143471252015,
      "rev_growth_yoy": 0.0,
      "rev_growth_yoy_accel": 0.015018773466833541,
      "op_leverage_ratio": 2.767247178413932,
      "fcf_margin_change": 0.07529255288278698
    },
    {
      "date": "2023-10-29T00:00:00",
      "quarter_label": "2023-10 (Q4)",
      "revenue": 1827000000,
      "gross_profit": 494000000,
      "operating_income": 217000000,
      "net_income": 112000000,
      "opex": 277000000,
      "cogs": 1333000000,
      "rd": null,
      "sga": 240000000,
      "fcf": 373000000,
      "ocf": 373000000,
      "capex": null,
      "gross_margin": 0.27038861521620144,
      "op_margin": 0.11877394636015326,
      "fcf_margin": 0.20415982484948003,
      "incr_op_margin_yoy": -1.8888888888888888,
      "rev_growth_yoy": 0.0049504950495049506,
      "rev_growth_yoy_accel": 0.0049504950495049506,
      "fcf_margin_change": 0.052628390136959885
    },
    {
      "date": "2024-01-28T00:00:00",
      "quarter_label": "2024-01 (Q1)",
      "revenue": 1440000000,
      "gross_profit": 384000000,
      "operating_income": 116000000,
      "net_income": 63000000,
      "opex": 268000000,
      "cogs": 1056000000,
      "rd": null,
      "sga": 230000000,
      "fcf": 294000000,
      "ocf": 294000000,
      "capex": null,
      "gross_margin": 0.26666666666666666,
      "op_margin": 0.08055555555555556,
      "fcf_margin": 0.20416666666666666,
      "incr_op_margin_yoy": -0.12121212121212122,
      "rev_growth_yoy": 0.048034934497816595,
      "rev_growth_yoy_accel": 0.04308443944831165,
      "fcf_margin_change": 6.841817186631349e-06
    },
    {
      "date": "2024-04-28T00:00:00",
      "quarter_label": "2024-04 (Q2)",
      "revenue": 1741000000,
      "gross_profit": 468000000,
      "operating_income": 168000000,
      "net_income": 95000000,
      "opex": 300000000,
      "cogs": 1273000000,
      "rd": null,
      "sga": 257000000,
      "fcf": 78000000,
      "ocf": 78000000,
      "capex": null,
      "gross_margin": 0.2688110281447444,
      "op_margin": 0.09649626651349799,
      "fcf_margin": 0.04480183802412407,
      "incr_op_margin_yoy": -0.07784431137724551,
      "rev_growth_yoy": 0.10609911054637865,
      "rev_growth_yoy_accel": 0.05806417604856205,
      "op_leverage_ratio": 1.750607638888889,
      "fcf_margin_change": -0.1593648286425426
    },
    {
      "date": "2024-07-28T00:00:00",
      "quarter_label": "2024-07 (Q3)",
      "revenue": 1964000000,
      "gross_profit": 518000000,
      "operating_income": 204000000,
      "net_income": 119000000,
      "opex": 314000000,
      "cogs": 1446000000,
      "rd": null,
      "sga": 268000000,
      "fcf": 48000000,
      "ocf": 48000000,
      "capex": null,
      "gross_margin": 0.2637474541751528,
      "op_margin": 0.10386965376782077,
      "fcf_margin": 0.024439918533604887,
      "incr_op_margin_yoy": -0.21359223300970873,
      "rev_growth_yoy": 0.055346587855991405,
      "rev_growth_yoy_accel": -0.05075252269038724,
      "op_leverage_ratio": 2.744727988840568,
      "fcf_margin_change": -0.02036191949051918
    },
    {
      "date": "2024-10-27T00:00:00",
      "quarter_label": "2024-10 (Q4)",
      "revenue": 2038000000,
      "gross_profit": 543000000,
      "operating_income": 223000000,
      "net_income": 133000000,
      "opex": 320000000,
      "cogs": 1495000000,
      "rd": null,
      "sga": 274000000,
      "fcf": 260000000,
      "ocf": 260000000,
      "capex": null,
      "gross_margin": 0.2664376840039254,
      "op_margin": 0.10942100098135427,
      "fcf_margin": 0.12757605495583907,
      "incr_op_margin_yoy": 0.02843601895734597,
      "rev_growth_yoy": 0.11548987411056376,
      "rev_growth_yoy_accel": 0.06014328625457235,
      "op_leverage_ratio": 1.9718262050237612,
      "fcf_margin_change": 0.10313613642223418
    },
    {
      "date": "2025-02-02T00:00:00",
      "quarter_label": "2025-02 (Q1)",
      "revenue": 1698000000,
      "gross_profit": 451000000,
      "operating_income": 124000000,
      "net_income": 64000000,
      "opex": 327000000,
      "cogs": 1247000000,
      "rd": null,
      "sga": 279000000,
      "fcf": 235000000,
      "ocf": 235000000,
      "capex": null,
      "gross_margin": 0.2656065959952886,
      "op_margin": 0.07302709069493522,
      "fcf_margin": 0.13839811542991756,
      "incr_op_margin_yoy": 0.031007751937984496,
      "rev_growth_yoy": 0.17916666666666667,
      "rev_growth_yoy_accel": 0.06367679255610291,
      "fcf_margin_change": 0.010822060474078493
    },
    {
      "date": "2025-05-04T00:00:00",
      "quarter_label": "2025-05 (Q2)",
      "revenue": 1911000000,
      "gross_profit": 510000000,
      "operating_income": 171000000,
      "net_income": 100000000,
      "opex": 339000000,
      "cogs": 1401000000,
      "rd": null,
      "sga": 293000000,
      "fcf": 77000000,
      "ocf": 77000000,
      "capex": null,
      "gross_margin": 0.2668759811616955,
      "op_margin": 0.08948194662480377,
      "fcf_margin": 0.040293040293040296,
      "incr_op_margin_yoy": 0.01764705882352941,
      "rev_growth_yoy": 0.09764503159103963,
      "rev_growth_yoy_accel": -0.08152163507562704,
      "op_leverage_ratio": 3.418286219081272,
      "fcf_margin_change": -0.09810507513687727
    },
    {
      "date": "2025-08-03T00:00:00",
      "quarter_label": "2025-08 (Q3)",
      "revenue": 2093000000,
      "gross_profit": 560000000,
      "operating_income": 213000000,
      "net_income": 134000000,
      "opex": 347000000,
      "cogs": 1533000000,
      "rd": null,
      "sga": 302000000,
      "fcf": 34000000,
      "ocf": 34000000,
      "capex": null,
      "gross_margin": 0.26755852842809363,
      "op_margin": 0.10176779741997133,
      "fcf_margin": 0.016244624940277116,
      "incr_op_margin_yoy": 0.06976744186046512,
      "rev_growth_yoy": 0.06568228105906314,
      "rev_growth_yoy_accel": -0.03196275053197649,
      "op_leverage_ratio": 4.035714285714286,
      "fcf_margin_change": -0.02404841535276318
    },
    {
      "date": "2025-11-02T00:00:00",
      "quarter_label": "2025-11 (Q4)",
      "revenue": 2062000000,
      "gross_profit": 561000000,
      "operating_income": 220000000,
      "net_income": 137000000,
      "opex": 341000000,
      "cogs": 1501000000,
      "rd": null,
      "sga": 295000000,
      "fcf": 271000000,
      "ocf": 271000000,
      "capex": null,
      "gross_margin": 0.27206595538312317,
      "op_margin": 0.1066925315227934,
      "fcf_margin": 0.13142580019398642,
      "incr_op_margin_yoy": -0.125,
      "rev_growth_yoy": 0.011776251226692836,
      "rev_growth_yoy_accel": -0.053906029832370306,
      "fcf_margin_change": 0.1151811752537093
    }
  ],
  "signals": [
    {
      "quarter": "2025-11 (Q4)",
      "signal": "FCF MARGIN EXPANSION",
      "detail": "FCF margin: +1.6% -> +13.1% (+11.5%)",
      "severity": "MEDIUM"
    },
    {
      "quarter": "2025-11 (Q4)",
      "signal": "YoY REVENUE GROWTH DECELERATION",
      "detail": "YoY growth: +1.2% vs prior quarter YoY: +6.6% (decel: -5.4%)",
      "severity": "WARNING"
    },
    {
      "quarter": "2025-08 (Q3)",
      "signal": "OPERATING LEVERAGE",
      "detail": "Rev growth +9.5% vs OpEx growth +2.4% (leverage: 4.0x)",
      "severity": "MEDIUM"
    },
    {
      "quarter": "2025-05 (Q2)",
      "signal": "OPERATING LEVERAGE",
      "detail": "Rev growth +12.5% vs OpEx growth +3.7% (leverage: 3.4x)",
      "severity": "MEDIUM"
    },
    {
      "quarter": "2025-05 (Q2)",
      "signal": "YoY REVENUE GROWTH DECELERATION",
      "detail": "YoY growth: +9.8% vs prior quarter YoY: +17.9% (decel: -8.2%)",
      "severity": "WARNING"
    },
    {
      "quarter": "2025-02 (Q1)",
      "signal": "YoY REVENUE GROWTH ACCELERATION",
      "detail": "YoY growth: +17.9% vs prior quarter YoY: +11.5% (accel: +6.4%)",
      "severity": "MEDIUM"
    },
    {
      "quarter": "2024-10 (Q4)",
      "signal": "FCF MARGIN EXPANSION",
      "detail": "FCF margin: +2.4% -> +12.8% (+10.3%)",
      "severity": "MEDIUM"
    },
    {
      "quarter": "2024-10 (Q4)",
      "signal": "OPERATING LEVERAGE",
      "detail": "Rev growth +3.8% vs OpEx growth +1.9% (leverage: 2.0x)",
      "severity": "MEDIUM"
    },
    {
      "quarter": "2024-10 (Q4)",
      "signal": "YoY REVENUE GROWTH ACCELERATION",
      "detail": "YoY growth: +11.5% vs prior quarter YoY: +5.5% (accel: +6.0%)",
      "severity": "MEDIUM"
    },
    {
      "quarter": "2024-07 (Q3)",
      "signal": "OPERATING LEVERAGE",
      "detail": "Rev growth +12.8% vs OpEx growth +4.7% (leverage: 2.7x)",
      "severity": "MEDIUM"
    },
    {
      "quarter": "2024-07 (Q3)",
      "signal": "YoY REVENUE GROWTH DECELERATION",
      "detail": "YoY growth: +5.5% vs prior quarter YoY: +10.6% (decel: -5.1%)",
      "severity": "WARNING"
    },
    {
      "quarter": "2024-04 (Q2)",
      "signal": "OPERATING LEVERAGE",
      "detail": "Rev growth +20.9% vs OpEx growth +11.9% (leverage: 1.8x)",
      "severity": "MEDIUM"
    },
    {
      "quarter": "2024-04 (Q2)",
      "signal": "YoY REVENUE GROWTH ACCELERATION",
      "detail": "YoY growth: +10.6% vs prior quarter YoY: +4.8% (accel: +5.8%)",
      "severity": "MEDIUM"
    },
    {
      "quarter": "2023-10 (Q4)",
      "signal": "FCF MARGIN EXPANSION",
      "detail": "FCF margin: +15.2% -> +20.4% (+5.3%)",
      "severity": "MEDIUM"
    },
    {
      "quarter": "2023-07 (Q3)",
      "signal": "FCF MARGIN EXPANSION",
      "detail": "FCF margin: +7.6% -> +15.2% (+7.5%)",
      "severity": "MEDIUM"
    },
    {
      "quarter": "2023-07 (Q3)",
      "signal": "OPERATING LEVERAGE",
      "detail": "Rev growth +18.2% vs OpEx growth +6.6% (leverage: 2.8x)",
      "severity": "MEDIUM"
    },
    {
      "quarter": "2023-04 (Q2)",
      "signal": "OPERATING LEVERAGE",
      "detail": "Rev growth +14.6% vs OpEx growth +3.6% (leverage: 4.0x)",
      "severity": "MEDIUM"
    },
    {
      "quarter": "2023-04 (Q2)",
      "signal": "YoY REVENUE GROWTH DECELERATION",
      "detail": "YoY growth: -1.5% vs prior quarter YoY: +10.2% (decel: -11.7%)",
      "severity": "WARNING"
    },
    {
      "quarter": "2023-01 (Q1)",
      "signal": "FCF MARGIN EXPANSION",
      "detail": "FCF margin: +8.5% -> +22.3% (+13.9%)",
      "severity": "MEDIUM"
    },
    {
      "quarter": "2023-01 (Q1)",
      "signal": "YoY REVENUE GROWTH DECELERATION",
      "detail": "YoY growth: +10.2% vs prior quarter YoY: +29.4% (decel: -19.2%)",
      "severity": "WARNING"
    },
    {
      "quarter": "2022-10 (Q4)",
      "signal": "FCF TURNED POSITIVE",
      "detail": "FCF margin: -1.2% -> +8.5%",
      "severity": "HIGH"
    },
    {
      "quarter": "2022-10 (Q4)",
      "signal": "YoY REVENUE GROWTH DECELERATION",
      "detail": "YoY growth: +29.4% vs prior quarter YoY: +43.4% (decel: -14.0%)",
      "severity": "WARNING"
    },
    {
      "quarter": "2022-10 (Q4)",
      "signal": "INCREMENTAL MARGIN (YoY)",
      "detail": "YoY Incr OPM: +20.9% vs year-ago OPM: +10.5%",
      "severity": "MEDIUM"
    },
    {
      "quarter": "2022-07 (Q3)",
      "signal": "OPERATING LEVERAGE",
      "detail": "Rev growth +16.5% vs OpEx growth +9.5% (leverage: 1.7x)",
      "severity": "MEDIUM"
    },
    {
      "quarter": "2022-07 (Q3)",
      "signal": "YoY REVENUE GROWTH DECELERATION",
      "detail": "YoY growth: +43.4% vs prior quarter YoY: +51.5% (decel: -8.1%)",
      "severity": "WARNING"
    },
    {
      "quarter": "2022-07 (Q3)",
      "signal": "INCREMENTAL MARGIN (YoY)",
      "detail": "YoY Incr OPM: +24.4% vs year-ago OPM: +7.7%",
      "severity": "MEDIUM"
    },
    {
      "quarter": "2022-05 (Q2)",
      "signal": "OPERATING LEVERAGE",
      "detail": "Rev growth +28.2% vs OpEx growth +10.1% (leverage: 2.8x)",
      "severity": "MEDIUM"
    },
    {
      "quarter": "2022-05 (Q2)",
      "signal": "INCREMENTAL MARGIN (YoY)",
      "detail": "YoY Incr OPM: +20.4% vs year-ago OPM: +6.5%",
      "severity": "MEDIUM"
    },
    {
      "quarter": "2022-01 (Q1)",
      "signal": "INCREMENTAL MARGIN (YoY)",
      "detail": "YoY Incr OPM: +18.4% vs year-ago OPM: +3.9%",
      "severity": "MEDIUM"
    },
    {
      "quarter": "2021-10 (Q4)",
      "signal": "FCF TURNED POSITIVE",
      "detail": "FCF margin: -4.2% -> +2.3%",
      "severity": "HIGH"
    },
    {
      "quarter": "2021-05 (Q2)",
      "signal": "OPERATING LEVERAGE",
      "detail": "Rev growth +26.9% vs OpEx growth +9.5% (leverage: 2.8x)",
      "severity": "MEDIUM"
    }
  ],
  "data_quality": {
    "n_quarters": 20,
    "coverage": {
      "revenue": [
        20,
        20
      ],
      "gross_profit": [
        20,
        20
      ],
      "op_income": [
        20,
        20
      ],
      "fcf": [
        20,
        20
      ]
    },
    "gaps": [],
    "warnings": []
  },
  "market_cap": null,
  "source": "SEC EDGAR",
  "last_updated": "2026-02-02T20:35:37.168043"
}