{
  "ticker": "CNTM",
  "name": "ConnectM Technology Solutions, Inc.",
  "quarters": [
    {
      "date": "2023-09-30T00:00:00",
      "quarter_label": "2023-09 (Q3)",
      "revenue": 4384000,
      "gross_profit": 668000,
      "operating_income": -345968,
      "net_income": -3543878,
      "opex": 1013968,
      "cogs": 3716000,
      "rd": null,
      "sga": 2843000,
      "fcf": -2904482,
      "ocf": -2904482,
      "capex": null,
      "gross_margin": 0.15237226277372262,
      "op_margin": -0.07891605839416059,
      "fcf_margin": -0.6625187043795621
    },
    {
      "date": "2023-12-31T00:00:00",
      "quarter_label": "2023-12 (Q4)",
      "revenue": 4488239,
      "gross_profit": 573277,
      "operating_income": -1281930,
      "net_income": -5648545,
      "opex": 1855207,
      "cogs": 3914962,
      "rd": null,
      "sga": 3540295,
      "fcf": -1091463,
      "ocf": -1098692,
      "capex": 7229,
      "gross_margin": 0.12772871498153285,
      "op_margin": -0.2856198165917635,
      "fcf_margin": -0.24318290536667053,
      "op_leverage_ratio": 0.028659231574164987,
      "fcf_margin_change": 0.41933579901289153
    },
    {
      "date": "2024-03-31T00:00:00",
      "quarter_label": "2024-03 (Q1)",
      "revenue": 5373907,
      "gross_profit": 1603521,
      "operating_income": -860772,
      "net_income": -9631284,
      "opex": 2464293,
      "cogs": 3770386,
      "rd": null,
      "sga": 3018159,
      "fcf": -1237318,
      "ocf": -1230749,
      "capex": -6569,
      "gross_margin": 0.29839016566531573,
      "op_margin": -0.16017619955090404,
      "fcf_margin": -0.23024551783274255,
      "op_leverage_ratio": 0.6010474173785939,
      "fcf_margin_change": 0.01293738753392798
    },
    {
      "date": "2024-06-30T00:00:00",
      "quarter_label": "2024-06 (Q2)",
      "revenue": 5009124,
      "gross_profit": 1969921,
      "operating_income": -1005064,
      "net_income": 1413237,
      "opex": 2974985,
      "cogs": 3039203,
      "rd": null,
      "sga": 3013658,
      "fcf": -1197197,
      "ocf": -1193619,
      "capex": -3578,
      "gross_margin": 0.3932665671682314,
      "op_margin": -0.20064665997487785,
      "fcf_margin": -0.2390032668386728,
      "fcf_margin_change": -0.008757749005930238
    },
    {
      "date": "2024-09-30T00:00:00",
      "quarter_label": "2024-09 (Q3)",
      "revenue": 6074000,
      "gross_profit": 1797352,
      "operating_income": -3026000,
      "net_income": -12238000,
      "opex": 4823352,
      "cogs": 4200000,
      "rd": null,
      "sga": 4900000,
      "fcf": -395788,
      "ocf": -347131,
      "capex": -48657,
      "gross_margin": 0.29590912084293713,
      "op_margin": -0.49818900230490615,
      "fcf_margin": -0.06516101415870926,
      "incr_op_margin_yoy": -1.58581775147929,
      "rev_growth_yoy": 0.38549270072992703,
      "op_leverage_ratio": 0.34216361884152097,
      "fcf_margin_change": 0.17384225267996353
    },
    {
      "date": "2024-12-31T00:00:00",
      "quarter_label": "2024-12 (Q4)",
      "revenue": 5353885,
      "gross_profit": -342292,
      "operating_income": -5712349,
      "net_income": -5515748,
      "opex": 5370057,
      "cogs": 5696177,
      "rd": null,
      "sga": 3372429,
      "fcf": -3155874,
      "ocf": -3187634,
      "capex": 31760,
      "gross_margin": -0.06393338669022589,
      "op_margin": -1.0669539969573496,
      "fcf_margin": -0.5894549472018917,
      "rev_growth_yoy": 0.19286985385582184,
      "rev_growth_yoy_accel": -0.1926228468741052,
      "fcf_margin_change": -0.5242939330431825
    },
    {
      "date": "2025-03-31T00:00:00",
      "quarter_label": "2025-03 (Q1)",
      "revenue": 8988343,
      "gross_profit": 3013733,
      "operating_income": -3273443,
      "net_income": -7018410,
      "opex": 6287176,
      "cogs": 5974610,
      "rd": null,
      "sga": 6287176,
      "fcf": -2828651,
      "ocf": -2825807,
      "capex": -2844,
      "gross_margin": 0.335293501816742,
      "op_margin": -0.364187592752079,
      "fcf_margin": -0.3147021647927766,
      "incr_op_margin_yoy": -0.6675096750917708,
      "rev_growth_yoy": 0.6725899796926147,
      "rev_growth_yoy_accel": 0.47972012583679285,
      "op_leverage_ratio": 3.974878157742049,
      "fcf_margin_change": 0.27475278240911516
    },
    {
      "date": "2025-06-30T00:00:00",
      "quarter_label": "2025-06 (Q2)",
      "revenue": 8511491,
      "gross_profit": 2972877,
      "operating_income": -3319283,
      "net_income": -3544064,
      "opex": 6292160,
      "cogs": 5538614,
      "rd": null,
      "sga": 6292160,
      "fcf": -1381092,
      "ocf": -1378671,
      "capex": -2421,
      "gross_margin": 0.349278052458729,
      "op_margin": -0.389976679761513,
      "fcf_margin": -0.16226205255929896,
      "incr_op_margin_yoy": -0.66075856699198,
      "rev_growth_yoy": 0.6991975043939819,
      "rev_growth_yoy_accel": 0.02660752470136718,
      "fcf_margin_change": 0.15244011223347761
    },
    {
      "date": "2025-09-30T00:00:00",
      "quarter_label": "2025-09 (Q3)",
      "revenue": 8707042,
      "gross_profit": 2874613,
      "operating_income": -2816725,
      "net_income": -1145571,
      "opex": 5691338,
      "cogs": 5832429,
      "rd": null,
      "sga": 5691338,
      "fcf": -2495089,
      "ocf": -2492052,
      "capex": -3037,
      "gross_margin": 0.3301480571702767,
      "op_margin": -0.3234996454593879,
      "fcf_margin": -0.28655989025894213,
      "incr_op_margin_yoy": 0.07948031212567061,
      "rev_growth_yoy": 0.4334939084622983,
      "rev_growth_yoy_accel": -0.2657035959316836,
      "op_leverage_ratio": Infinity,
      "fcf_margin_change": -0.12429783769964317
    }
  ],
  "signals": [
    {
      "quarter": "2025-09 (Q3)",
      "signal": "YoY REVENUE GROWTH DECELERATION",
      "detail": "YoY growth: +43.3% vs prior quarter YoY: +69.9% (decel: -26.6%)",
      "severity": "WARNING"
    },
    {
      "quarter": "2025-06 (Q2)",
      "signal": "FCF MARGIN EXPANSION",
      "detail": "FCF margin: -31.5% -> -16.2% (+15.2%)",
      "severity": "MEDIUM"
    },
    {
      "quarter": "2025-03 (Q1)",
      "signal": "FCF MARGIN EXPANSION",
      "detail": "FCF margin: -58.9% -> -31.5% (+27.5%)",
      "severity": "MEDIUM"
    },
    {
      "quarter": "2025-03 (Q1)",
      "signal": "OPERATING LEVERAGE",
      "detail": "Rev growth +67.9% vs OpEx growth +17.1% (leverage: 4.0x)",
      "severity": "MEDIUM"
    },
    {
      "quarter": "2025-03 (Q1)",
      "signal": "GROSS MARGIN INFLECTION",
      "detail": "GM: +29.6% -> -6.4% -> +33.5% (reversal +39.9%)",
      "severity": "HIGH"
    },
    {
      "quarter": "2025-03 (Q1)",
      "signal": "YoY REVENUE GROWTH ACCELERATION",
      "detail": "YoY growth: +67.3% vs prior quarter YoY: +19.3% (accel: +48.0%)",
      "severity": "HIGH"
    },
    {
      "quarter": "2024-12 (Q4)",
      "signal": "YoY REVENUE GROWTH DECELERATION",
      "detail": "YoY growth: +19.3% vs prior quarter YoY: +38.5% (decel: -19.3%)",
      "severity": "WARNING"
    },
    {
      "quarter": "2024-09 (Q3)",
      "signal": "FCF MARGIN EXPANSION",
      "detail": "FCF margin: -23.9% -> -6.5% (+17.4%)",
      "severity": "MEDIUM"
    },
    {
      "quarter": "2024-03 (Q1)",
      "signal": "GROSS MARGIN INFLECTION",
      "detail": "GM: +15.2% -> +12.8% -> +29.8% (reversal +17.1%)",
      "severity": "HIGH"
    },
    {
      "quarter": "2023-12 (Q4)",
      "signal": "FCF MARGIN EXPANSION",
      "detail": "FCF margin: -66.3% -> -24.3% (+41.9%)",
      "severity": "MEDIUM"
    }
  ],
  "data_quality": {
    "n_quarters": 9,
    "coverage": {
      "revenue": [
        9,
        9
      ],
      "gross_profit": [
        9,
        9
      ],
      "op_income": [
        9,
        9
      ],
      "fcf": [
        9,
        9
      ]
    },
    "gaps": [],
    "warnings": []
  },
  "market_cap": null,
  "source": "SEC EDGAR",
  "last_updated": "2026-02-02T23:31:50.529078"
}