{
  "ticker": "CNXN",
  "name": "PC CONNECTION, INC.",
  "quarters": [
    {
      "date": "2020-12-31T00:00:00",
      "quarter_label": "2020-12 (Q4)",
      "revenue": 675686000,
      "gross_profit": 108859000,
      "operating_income": 19759000,
      "net_income": 16296000,
      "opex": 89100000,
      "cogs": 566827000,
      "rd": null,
      "sga": 89100000,
      "fcf": -10301000,
      "ocf": -10301000,
      "capex": null,
      "gross_margin": 0.16110885825664584,
      "op_margin": 0.029242873168897978,
      "fcf_margin": -0.015245247052625036
    },
    {
      "date": "2021-03-31T00:00:00",
      "quarter_label": "2021-03 (Q1)",
      "revenue": 636892000,
      "gross_profit": 100520000,
      "operating_income": 14120000,
      "net_income": 10184000,
      "opex": 86400000,
      "cogs": 536372000,
      "rd": null,
      "sga": 86400000,
      "fcf": 5962000,
      "ocf": 5962000,
      "capex": null,
      "gross_margin": 0.15782895687180873,
      "op_margin": 0.02217016385823656,
      "fcf_margin": 0.009361084767904135,
      "fcf_margin_change": 0.02460633182052917
    },
    {
      "date": "2021-06-30T00:00:00",
      "quarter_label": "2021-06 (Q2)",
      "revenue": 704161000,
      "gross_profit": 116327000,
      "operating_income": 23764000,
      "net_income": 17292000,
      "opex": 92563000,
      "cogs": 587834000,
      "rd": null,
      "sga": 92563000,
      "fcf": 25858000,
      "ocf": 25858000,
      "capex": null,
      "gross_margin": 0.16519943592445477,
      "op_margin": 0.03374796388894017,
      "fcf_margin": 0.0367217156303743,
      "op_leverage_ratio": 1.4807125340305023,
      "fcf_margin_change": 0.02736063086247017
    },
    {
      "date": "2021-09-30T00:00:00",
      "quarter_label": "2021-09 (Q3)",
      "revenue": 751368000,
      "gross_profit": 120697000,
      "operating_income": 27328000,
      "net_income": 20045000,
      "opex": 93369000,
      "cogs": 630671000,
      "rd": null,
      "sga": 93369000,
      "fcf": -22986000,
      "ocf": -22986000,
      "capex": null,
      "gross_margin": 0.16063633266255684,
      "op_margin": 0.03637099264275295,
      "fcf_margin": -0.030592199827514613,
      "op_leverage_ratio": 7.699044218834415,
      "fcf_margin_change": -0.06731391545788892
    },
    {
      "date": "2021-12-31T00:00:00",
      "quarter_label": "2021-12 (Q4)",
      "revenue": 800174000,
      "gross_profit": 127035000,
      "operating_income": 31305000,
      "net_income": 22385000,
      "opex": 95730000,
      "cogs": 673139000,
      "rd": null,
      "sga": 95730000,
      "fcf": 48920000,
      "ocf": 48920000,
      "capex": null,
      "gross_margin": 0.15875921986967834,
      "op_margin": 0.03912274080387516,
      "fcf_margin": 0.061136702767148145,
      "incr_op_margin_yoy": 0.09274789537947432,
      "rev_growth_yoy": 0.18423942482158873,
      "op_leverage_ratio": 2.5687819504475007,
      "fcf_margin_change": 0.09172890259466276
    },
    {
      "date": "2022-03-31T00:00:00",
      "quarter_label": "2022-03 (Q1)",
      "revenue": 788344000,
      "gross_profit": 128306000,
      "operating_income": 30134000,
      "net_income": 21792000,
      "opex": 98172000,
      "cogs": 660038000,
      "rd": null,
      "sga": 98172000,
      "fcf": -38285000,
      "ocf": -38285000,
      "capex": null,
      "gross_margin": 0.1627538232040835,
      "op_margin": 0.03822442994428828,
      "fcf_margin": -0.048563824929218714,
      "incr_op_margin_yoy": 0.10573647096109659,
      "rev_growth_yoy": 0.2377985592533742,
      "rev_growth_yoy_accel": 0.05355913443178548,
      "fcf_margin_change": -0.10970052769636686
    },
    {
      "date": "2022-06-30T00:00:00",
      "quarter_label": "2022-06 (Q2)",
      "revenue": 828509000,
      "gross_profit": 136901000,
      "operating_income": 34770000,
      "net_income": 25398000,
      "opex": 102131000,
      "cogs": 691608000,
      "rd": null,
      "sga": 102131000,
      "fcf": 29890000,
      "ocf": 29890000,
      "capex": null,
      "gross_margin": 0.16523779464073413,
      "op_margin": 0.04196695509644434,
      "fcf_margin": 0.03607685613553987,
      "incr_op_margin_yoy": 0.08850966642004697,
      "rev_growth_yoy": 0.17659029682132354,
      "rev_growth_yoy_accel": -0.06120826243205066,
      "op_leverage_ratio": 1.2633804193684453,
      "fcf_margin_change": 0.08464068106475858
    },
    {
      "date": "2022-09-30T00:00:00",
      "quarter_label": "2022-09 (Q3)",
      "revenue": 775692000,
      "gross_profit": 136626000,
      "operating_income": 31739000,
      "net_income": 23206000,
      "opex": 104887000,
      "cogs": 639066000,
      "rd": null,
      "sga": 104887000,
      "fcf": 21674000,
      "ocf": 24084000,
      "capex": -2410000,
      "gross_margin": 0.1761343419810956,
      "op_margin": 0.04091701345379352,
      "fcf_margin": 0.027941502555137863,
      "incr_op_margin_yoy": 0.18134352902483145,
      "rev_growth_yoy": 0.032372951736033474,
      "rev_growth_yoy_accel": -0.14421734508529008,
      "fcf_margin_change": -0.008135353580402006
    },
    {
      "date": "2022-12-31T00:00:00",
      "quarter_label": "2022-12 (Q4)",
      "revenue": 732451000,
      "gross_profit": 124344000,
      "operating_income": 23908000,
      "net_income": 18823000,
      "opex": 100436000,
      "cogs": 608107000,
      "rd": null,
      "sga": 100436000,
      "fcf": 19200000,
      "ocf": 19200000,
      "capex": null,
      "gross_margin": 0.16976425726772165,
      "op_margin": 0.03264109134945546,
      "fcf_margin": 0.02621335761709657,
      "incr_op_margin_yoy": 0.10922434032751059,
      "rev_growth_yoy": -0.08463534181315564,
      "rev_growth_yoy_accel": -0.11700829354918912,
      "fcf_margin_change": -0.0017281449380412914
    },
    {
      "date": "2023-03-31T00:00:00",
      "quarter_label": "2023-03 (Q1)",
      "revenue": 727545000,
      "gross_profit": 122296000,
      "operating_income": 18117000,
      "net_income": 14198000,
      "opex": 104179000,
      "cogs": 605249000,
      "rd": null,
      "sga": 103282000,
      "fcf": 17623000,
      "ocf": 19505000,
      "capex": -1882000,
      "gross_margin": 0.16809406978262512,
      "op_margin": 0.024901552481289817,
      "fcf_margin": 0.024222556680342795,
      "incr_op_margin_yoy": 0.1976512771591638,
      "rev_growth_yoy": -0.07712242371350578,
      "rev_growth_yoy_accel": 0.007512918099649865,
      "fcf_margin_change": -0.001990800936753776
    },
    {
      "date": "2023-06-30T00:00:00",
      "quarter_label": "2023-06 (Q2)",
      "revenue": 733547000,
      "gross_profit": 127777000,
      "operating_income": 25071000,
      "net_income": 19697000,
      "opex": 102706000,
      "cogs": 605770000,
      "rd": null,
      "sga": 100960000,
      "fcf": 112962000,
      "ocf": 115940000,
      "capex": -2978000,
      "gross_margin": 0.1741906108265728,
      "op_margin": 0.03417776911363553,
      "fcf_margin": 0.15399422259241738,
      "incr_op_margin_yoy": 0.10213559107853667,
      "rev_growth_yoy": -0.11461794621422339,
      "rev_growth_yoy_accel": -0.03749552250071761,
      "fcf_margin_change": 0.1297716659120746
    },
    {
      "date": "2023-09-30T00:00:00",
      "quarter_label": "2023-09 (Q3)",
      "revenue": 693086000,
      "gross_profit": 131888000,
      "operating_income": 32022000,
      "net_income": 25598000,
      "opex": 99866000,
      "cogs": 561198000,
      "rd": null,
      "sga": 99822000,
      "fcf": 47725000,
      "ocf": 50220000,
      "capex": -2495000,
      "gross_margin": 0.19029095956345965,
      "op_margin": 0.04620205861898812,
      "fcf_margin": 0.06885869863191581,
      "incr_op_margin_yoy": -0.003425901266251846,
      "rev_growth_yoy": -0.10649329888667151,
      "rev_growth_yoy_accel": 0.008124647327551873,
      "fcf_margin_change": -0.08513552396050157
    },
    {
      "date": "2023-12-31T00:00:00",
      "quarter_label": "2023-12 (Q4)",
      "revenue": 696466000,
      "gross_profit": 129775000,
      "operating_income": 27943000,
      "net_income": 23778000,
      "opex": 101832000,
      "cogs": 566691000,
      "rd": null,
      "sga": 101832000,
      "fcf": 12289000,
      "ocf": 12289000,
      "capex": null,
      "gross_margin": 0.18633357550835217,
      "op_margin": 0.04012112579795712,
      "fcf_margin": 0.01764479529510414,
      "incr_op_margin_yoy": -0.11213005418924551,
      "rev_growth_yoy": -0.049129566346417713,
      "rev_growth_yoy_accel": 0.0573637325402538,
      "fcf_margin_change": -0.05121390333681167
    },
    {
      "date": "2024-03-31T00:00:00",
      "quarter_label": "2024-03 (Q1)",
      "revenue": 632025000,
      "gross_profit": 118072000,
      "operating_income": 13464000,
      "net_income": 13154000,
      "opex": 104608000,
      "cogs": 513953000,
      "rd": null,
      "sga": 104608000,
      "fcf": 55677000,
      "ocf": 57285000,
      "capex": -1608000,
      "gross_margin": 0.18681539496064237,
      "op_margin": 0.021302954788180846,
      "fcf_margin": 0.08809303429452948,
      "incr_op_margin_yoy": 0.04871231155778895,
      "rev_growth_yoy": -0.1312908479887842,
      "rev_growth_yoy_accel": -0.0821612816423665,
      "fcf_margin_change": 0.07044823899942534
    },
    {
      "date": "2024-06-30T00:00:00",
      "quarter_label": "2024-06 (Q2)",
      "revenue": 736479000,
      "gross_profit": 136542000,
      "operating_income": 30919000,
      "net_income": 26161000,
      "opex": 105623000,
      "cogs": 599937000,
      "rd": null,
      "sga": 105208000,
      "fcf": 36572000,
      "ocf": 38391000,
      "capex": -1819000,
      "gross_margin": 0.18539836166408002,
      "op_margin": 0.04198218822261056,
      "fcf_margin": 0.04965789927479263,
      "incr_op_margin_yoy": 1.994542974079127,
      "rev_growth_yoy": 0.0039970172327062885,
      "rev_growth_yoy_accel": 0.1352878652214905,
      "op_leverage_ratio": 17.03294229140325,
      "fcf_margin_change": -0.03843513501973685
    },
    {
      "date": "2024-09-30T00:00:00",
      "quarter_label": "2024-09 (Q3)",
      "revenue": 724717000,
      "gross_profit": 135406000,
      "operating_income": 30041000,
      "net_income": 27059000,
      "opex": 105365000,
      "cogs": 589311000,
      "rd": null,
      "sga": 105365000,
      "fcf": 51156000,
      "ocf": 52944000,
      "capex": -1788000,
      "gross_margin": 0.18683982851237105,
      "op_margin": 0.0414520426594105,
      "fcf_margin": 0.07058755348639538,
      "incr_op_margin_yoy": -0.06262843413107394,
      "rev_growth_yoy": 0.04563791506393146,
      "rev_growth_yoy_accel": 0.04164089783122517,
      "fcf_margin_change": 0.020929654211602748
    },
    {
      "date": "2024-12-31T00:00:00",
      "quarter_label": "2024-12 (Q4)",
      "revenue": 708897000,
      "gross_profit": 129774000,
      "operating_income": 22638000,
      "net_income": 20721000,
      "opex": 107136000,
      "cogs": 579123000,
      "rd": null,
      "sga": 107136000,
      "fcf": 25248000,
      "ocf": 25248000,
      "capex": null,
      "gross_margin": 0.18306467653269798,
      "op_margin": 0.03193411736824955,
      "fcf_margin": 0.03561589342316303,
      "incr_op_margin_yoy": -0.42675569141661973,
      "rev_growth_yoy": 0.01784868177341033,
      "rev_growth_yoy_accel": -0.027789233290521128,
      "fcf_margin_change": -0.03497166006323235
    },
    {
      "date": "2025-03-31T00:00:00",
      "quarter_label": "2025-03 (Q1)",
      "revenue": 701046000,
      "gross_profit": 127311000,
      "operating_income": 14522000,
      "net_income": 13481000,
      "opex": 112789000,
      "cogs": 573735000,
      "rd": null,
      "sga": 109859000,
      "fcf": -54098000,
      "ocf": -52387000,
      "capex": -1711000,
      "gross_margin": 0.18160149262673206,
      "op_margin": 0.02071476051500187,
      "fcf_margin": -0.07716754678009717,
      "incr_op_margin_yoy": 0.015328668086524392,
      "rev_growth_yoy": 0.10920612317550729,
      "rev_growth_yoy_accel": 0.09135744140209696,
      "fcf_margin_change": -0.1127834402032602
    },
    {
      "date": "2025-06-30T00:00:00",
      "quarter_label": "2025-06 (Q2)",
      "revenue": 759693000,
      "gross_profit": 137766000,
      "operating_income": 30897000,
      "net_income": 24789000,
      "opex": 106869000,
      "cogs": 621927000,
      "rd": null,
      "sga": 106869000,
      "fcf": 24638000,
      "ocf": 26258000,
      "capex": -1620000,
      "gross_margin": 0.18134430618684128,
      "op_margin": 0.04067037605980311,
      "fcf_margin": 0.0324315216804683,
      "incr_op_margin_yoy": -0.0009477039717411907,
      "rev_growth_yoy": 0.031520247013153126,
      "rev_growth_yoy_accel": -0.07768587616235417,
      "op_leverage_ratio": Infinity,
      "fcf_margin_change": 0.10959906846056547
    },
    {
      "date": "2025-09-30T00:00:00",
      "quarter_label": "2025-09 (Q3)",
      "revenue": 709068000,
      "gross_profit": 138645000,
      "operating_income": 30266000,
      "net_income": 24740000,
      "opex": 108379000,
      "cogs": 570423000,
      "rd": null,
      "sga": 108379000,
      "fcf": 62279000,
      "ocf": 64149000,
      "capex": -1870000,
      "gross_margin": 0.19553131716563152,
      "op_margin": 0.04268419954080568,
      "fcf_margin": 0.0878321966299424,
      "incr_op_margin_yoy": -0.014377915521758579,
      "rev_growth_yoy": -0.02159325640215422,
      "rev_growth_yoy_accel": -0.05311350341530735,
      "fcf_margin_change": 0.05540067494947411
    }
  ],
  "signals": [
    {
      "quarter": "2025-09 (Q3)",
      "signal": "FCF MARGIN EXPANSION",
      "detail": "FCF margin: +3.2% -> +8.8% (+5.5%)",
      "severity": "MEDIUM"
    },
    {
      "quarter": "2025-09 (Q3)",
      "signal": "YoY REVENUE GROWTH DECELERATION",
      "detail": "YoY growth: -2.2% vs prior quarter YoY: +3.2% (decel: -5.3%)",
      "severity": "WARNING"
    },
    {
      "quarter": "2025-06 (Q2)",
      "signal": "FCF TURNED POSITIVE",
      "detail": "FCF margin: -7.7% -> +3.2%",
      "severity": "HIGH"
    },
    {
      "quarter": "2025-06 (Q2)",
      "signal": "YoY REVENUE GROWTH DECELERATION",
      "detail": "YoY growth: +3.2% vs prior quarter YoY: +10.9% (decel: -7.8%)",
      "severity": "WARNING"
    },
    {
      "quarter": "2025-03 (Q1)",
      "signal": "YoY REVENUE GROWTH ACCELERATION",
      "detail": "YoY growth: +10.9% vs prior quarter YoY: +1.8% (accel: +9.1%)",
      "severity": "MEDIUM"
    },
    {
      "quarter": "2024-06 (Q2)",
      "signal": "OPERATING LEVERAGE",
      "detail": "Rev growth +16.5% vs OpEx growth +1.0% (leverage: 17.0x)",
      "severity": "MEDIUM"
    },
    {
      "quarter": "2024-06 (Q2)",
      "signal": "YoY REVENUE GROWTH ACCELERATION",
      "detail": "YoY growth: +0.4% vs prior quarter YoY: -13.1% (accel: +13.5%)",
      "severity": "MEDIUM"
    },
    {
      "quarter": "2024-06 (Q2)",
      "signal": "INCREMENTAL MARGIN (YoY)",
      "detail": "YoY Incr OPM: +199.5% vs year-ago OPM: +3.4%",
      "severity": "HIGH"
    },
    {
      "quarter": "2024-03 (Q1)",
      "signal": "FCF MARGIN EXPANSION",
      "detail": "FCF margin: +1.8% -> +8.8% (+7.0%)",
      "severity": "MEDIUM"
    },
    {
      "quarter": "2024-03 (Q1)",
      "signal": "YoY REVENUE GROWTH DECELERATION",
      "detail": "YoY growth: -13.1% vs prior quarter YoY: -4.9% (decel: -8.2%)",
      "severity": "WARNING"
    },
    {
      "quarter": "2023-12 (Q4)",
      "signal": "YoY REVENUE GROWTH ACCELERATION",
      "detail": "YoY growth: -4.9% vs prior quarter YoY: -10.6% (accel: +5.7%)",
      "severity": "MEDIUM"
    },
    {
      "quarter": "2023-06 (Q2)",
      "signal": "FCF MARGIN EXPANSION",
      "detail": "FCF margin: +2.4% -> +15.4% (+13.0%)",
      "severity": "MEDIUM"
    },
    {
      "quarter": "2023-03 (Q1)",
      "signal": "INCREMENTAL MARGIN (YoY)",
      "detail": "YoY Incr OPM: +19.8% vs year-ago OPM: +3.8%",
      "severity": "MEDIUM"
    },
    {
      "quarter": "2022-12 (Q4)",
      "signal": "YoY REVENUE GROWTH DECELERATION",
      "detail": "YoY growth: -8.5% vs prior quarter YoY: +3.2% (decel: -11.7%)",
      "severity": "WARNING"
    },
    {
      "quarter": "2022-09 (Q3)",
      "signal": "YoY REVENUE GROWTH DECELERATION",
      "detail": "YoY growth: +3.2% vs prior quarter YoY: +17.7% (decel: -14.4%)",
      "severity": "WARNING"
    },
    {
      "quarter": "2022-09 (Q3)",
      "signal": "INCREMENTAL MARGIN (YoY)",
      "detail": "YoY Incr OPM: +18.1% vs year-ago OPM: +3.6%",
      "severity": "MEDIUM"
    },
    {
      "quarter": "2022-06 (Q2)",
      "signal": "FCF TURNED POSITIVE",
      "detail": "FCF margin: -4.9% -> +3.6%",
      "severity": "HIGH"
    },
    {
      "quarter": "2022-06 (Q2)",
      "signal": "YoY REVENUE GROWTH DECELERATION",
      "detail": "YoY growth: +17.7% vs prior quarter YoY: +23.8% (decel: -6.1%)",
      "severity": "WARNING"
    },
    {
      "quarter": "2022-03 (Q1)",
      "signal": "YoY REVENUE GROWTH ACCELERATION",
      "detail": "YoY growth: +23.8% vs prior quarter YoY: +18.4% (accel: +5.4%)",
      "severity": "MEDIUM"
    },
    {
      "quarter": "2021-12 (Q4)",
      "signal": "FCF TURNED POSITIVE",
      "detail": "FCF margin: -3.1% -> +6.1%",
      "severity": "HIGH"
    },
    {
      "quarter": "2021-12 (Q4)",
      "signal": "OPERATING LEVERAGE",
      "detail": "Rev growth +6.5% vs OpEx growth +2.5% (leverage: 2.6x)",
      "severity": "MEDIUM"
    },
    {
      "quarter": "2021-09 (Q3)",
      "signal": "OPERATING LEVERAGE",
      "detail": "Rev growth +6.7% vs OpEx growth +0.9% (leverage: 7.7x)",
      "severity": "MEDIUM"
    },
    {
      "quarter": "2021-03 (Q1)",
      "signal": "FCF TURNED POSITIVE",
      "detail": "FCF margin: -1.5% -> +0.9%",
      "severity": "HIGH"
    }
  ],
  "data_quality": {
    "n_quarters": 20,
    "coverage": {
      "revenue": [
        20,
        20
      ],
      "gross_profit": [
        20,
        20
      ],
      "op_income": [
        20,
        20
      ],
      "fcf": [
        20,
        20
      ]
    },
    "gaps": [],
    "warnings": []
  },
  "market_cap": null,
  "source": "SEC EDGAR",
  "last_updated": "2026-02-02T21:49:22.707966"
}