{
  "ticker": "COCO",
  "name": "The Vita Coco Company, Inc.",
  "quarters": [
    {
      "date": "2020-12-31T00:00:00",
      "quarter_label": "2020-12 (Q4)",
      "revenue": 69517000,
      "gross_profit": 22544000,
      "operating_income": 20005000,
      "net_income": 17087000,
      "opex": 2539000,
      "cogs": 46973000,
      "rd": null,
      "sga": 18939000,
      "fcf": 1567000,
      "ocf": 1736000,
      "capex": -169000,
      "gross_margin": 0.3242947768171814,
      "op_margin": 0.2877713365076168,
      "fcf_margin": 0.022541248903145992
    },
    {
      "date": "2021-03-31T00:00:00",
      "quarter_label": "2021-03 (Q1)",
      "revenue": 75450000,
      "gross_profit": 24084000,
      "operating_income": 4306000,
      "net_income": 1645000,
      "opex": 19778000,
      "cogs": 51366000,
      "rd": null,
      "sga": 19778000,
      "fcf": -15896000,
      "ocf": -15841000,
      "capex": -55000,
      "gross_margin": 0.3192047713717694,
      "op_margin": 0.05707090788601723,
      "fcf_margin": -0.2106825712392313,
      "op_leverage_ratio": 0.01256996179341299,
      "fcf_margin_change": -0.23322382014237727
    },
    {
      "date": "2021-06-30T00:00:00",
      "quarter_label": "2021-06 (Q2)",
      "revenue": 101810000,
      "gross_profit": 28976000,
      "operating_income": 7532000,
      "net_income": 7797000,
      "opex": 21444000,
      "cogs": 72834000,
      "rd": null,
      "sga": 21444000,
      "fcf": 40000,
      "ocf": 69000,
      "capex": -29000,
      "gross_margin": 0.2846085846184068,
      "op_margin": 0.07398094489735782,
      "fcf_margin": 0.00039288871427168253,
      "op_leverage_ratio": 4.147568212175527,
      "fcf_margin_change": 0.21107545995350296
    },
    {
      "date": "2021-09-30T00:00:00",
      "quarter_label": "2021-09 (Q3)",
      "revenue": 115669000,
      "gross_profit": 38501000,
      "operating_income": 17826000,
      "net_income": 12990000,
      "opex": 20675000,
      "cogs": 77168000,
      "rd": null,
      "sga": 20675000,
      "fcf": -622000,
      "ocf": -579000,
      "capex": -43000,
      "gross_margin": 0.3328549568164331,
      "op_margin": 0.15411216488428187,
      "fcf_margin": -0.005377413135758068,
      "op_leverage_ratio": Infinity,
      "fcf_margin_change": -0.005770301850029751
    },
    {
      "date": "2021-12-31T00:00:00",
      "quarter_label": "2021-12 (Q4)",
      "revenue": 86584000,
      "gross_profit": 21587000,
      "operating_income": -5075000,
      "net_income": -3417000,
      "opex": 26662000,
      "cogs": 64997000,
      "rd": null,
      "sga": 26662000,
      "fcf": -245000,
      "ocf": 185000,
      "capex": -430000,
      "gross_margin": 0.24931858080014782,
      "op_margin": -0.05861360066524993,
      "fcf_margin": -0.002829622101081031,
      "incr_op_margin_yoy": -1.4695025487783442,
      "rev_growth_yoy": 0.24550829293554094,
      "fcf_margin_change": 0.002547791034677037
    },
    {
      "date": "2022-03-31T00:00:00",
      "quarter_label": "2022-03 (Q1)",
      "revenue": 96448000,
      "gross_profit": 19063000,
      "operating_income": -5738000,
      "net_income": 2227000,
      "opex": 24801000,
      "cogs": 77385000,
      "rd": null,
      "sga": 24801000,
      "fcf": -22792000,
      "ocf": -22548000,
      "capex": -244000,
      "gross_margin": 0.19765054744525548,
      "op_margin": -0.05949319840743198,
      "fcf_margin": -0.2363138686131387,
      "incr_op_margin_yoy": -0.47833126964472805,
      "rev_growth_yoy": 0.2783035122597747,
      "rev_growth_yoy_accel": 0.03279521932423374,
      "op_leverage_ratio": Infinity,
      "fcf_margin_change": -0.23348424651205765
    },
    {
      "date": "2022-06-30T00:00:00",
      "quarter_label": "2022-06 (Q2)",
      "revenue": 115305000,
      "gross_profit": 29289000,
      "operating_income": 5032000,
      "net_income": 1139000,
      "opex": 24257000,
      "cogs": 86016000,
      "rd": null,
      "sga": 24257000,
      "fcf": -11437000,
      "ocf": -10824000,
      "capex": -613000,
      "gross_margin": 0.2540132691557174,
      "op_margin": 0.04364077880404146,
      "fcf_margin": -0.09918910715060059,
      "incr_op_margin_yoy": -0.1852537977028529,
      "rev_growth_yoy": 0.1325508299774089,
      "rev_growth_yoy_accel": -0.14575268228236576,
      "op_leverage_ratio": Infinity,
      "fcf_margin_change": 0.1371247614625381
    },
    {
      "date": "2022-09-30T00:00:00",
      "quarter_label": "2022-09 (Q3)",
      "revenue": 124043000,
      "gross_profit": 32576000,
      "operating_income": 8616000,
      "net_income": 7258000,
      "opex": 23960000,
      "cogs": 91467000,
      "rd": null,
      "sga": 23960000,
      "fcf": 15141000,
      "ocf": 15191000,
      "capex": -50000,
      "gross_margin": 0.26261860806333287,
      "op_margin": 0.06945978410712414,
      "fcf_margin": 0.1220625105810082,
      "incr_op_margin_yoy": -1.09983281585861,
      "rev_growth_yoy": 0.07239623408173322,
      "rev_growth_yoy_accel": -0.06015459589567569,
      "op_leverage_ratio": Infinity,
      "fcf_margin_change": 0.22125161773160879
    },
    {
      "date": "2022-12-31T00:00:00",
      "quarter_label": "2022-12 (Q4)",
      "revenue": 91991000,
      "gross_profit": 22433000,
      "operating_income": -4855000,
      "net_income": -2810000,
      "opex": 27288000,
      "cogs": 69558000,
      "rd": null,
      "sga": 27288000,
      "fcf": 7171000,
      "ocf": 7246000,
      "capex": -75000,
      "gross_margin": 0.2438608124707852,
      "op_margin": -0.052776902088247764,
      "fcf_margin": 0.07795327803806894,
      "incr_op_margin_yoy": 0.04068799704087294,
      "rev_growth_yoy": 0.06244802734916382,
      "rev_growth_yoy_accel": -0.009948206732569402,
      "fcf_margin_change": -0.04410923254293926
    },
    {
      "date": "2023-03-31T00:00:00",
      "quarter_label": "2023-03 (Q1)",
      "revenue": 109759000,
      "gross_profit": 33661000,
      "operating_income": 6704000,
      "net_income": 6705000,
      "opex": 26957000,
      "cogs": 76098000,
      "rd": null,
      "sga": 26957000,
      "fcf": 8982000,
      "ocf": 9436000,
      "capex": -454000,
      "gross_margin": 0.3066810011024153,
      "op_margin": 0.06107927368142931,
      "fcf_margin": 0.08183383594967156,
      "incr_op_margin_yoy": 0.934715648711592,
      "rev_growth_yoy": 0.13801219309887194,
      "rev_growth_yoy_accel": 0.07556416574970812,
      "op_leverage_ratio": Infinity,
      "fcf_margin_change": 0.0038805579116026195
    },
    {
      "date": "2023-06-30T00:00:00",
      "quarter_label": "2023-06 (Q2)",
      "revenue": 139645000,
      "gross_profit": 51094000,
      "operating_income": 20845000,
      "net_income": 17987000,
      "opex": 30249000,
      "cogs": 88551000,
      "rd": null,
      "sga": 30249000,
      "fcf": 16602000,
      "ocf": 16635000,
      "capex": -33000,
      "gross_margin": 0.36588492248200793,
      "op_margin": 0.1492713666797952,
      "fcf_margin": 0.11888717820186903,
      "incr_op_margin_yoy": 0.649671322925226,
      "rev_growth_yoy": 0.21109232036772038,
      "rev_growth_yoy_accel": 0.07308012726884844,
      "op_leverage_ratio": 2.229663798816399,
      "fcf_margin_change": 0.037053342252197474
    },
    {
      "date": "2023-09-30T00:00:00",
      "quarter_label": "2023-09 (Q3)",
      "revenue": 138064000,
      "gross_profit": 56171000,
      "operating_income": 23522000,
      "net_income": 15164000,
      "opex": 32649000,
      "cogs": 81893000,
      "rd": null,
      "sga": 32649000,
      "fcf": 43886000,
      "ocf": 43932000,
      "capex": -46000,
      "gross_margin": 0.40684754896279984,
      "op_margin": 0.170370263066404,
      "fcf_margin": 0.3178670761386024,
      "incr_op_margin_yoy": 1.0631196063048285,
      "rev_growth_yoy": 0.11303338358472466,
      "rev_growth_yoy_accel": -0.09805893678299572,
      "fcf_margin_change": 0.19897989793673335
    },
    {
      "date": "2023-12-31T00:00:00",
      "quarter_label": "2023-12 (Q4)",
      "revenue": 106144000,
      "gross_profit": 39803000,
      "operating_income": 5422000,
      "net_income": 6773000,
      "opex": 34381000,
      "cogs": 66341000,
      "rd": null,
      "sga": 34381000,
      "fcf": 37086000,
      "ocf": 37152000,
      "capex": -66000,
      "gross_margin": 0.3749905788362979,
      "op_margin": 0.051081549593005725,
      "fcf_margin": 0.34939327705758216,
      "incr_op_margin_yoy": 0.7261358015968346,
      "rev_growth_yoy": 0.15385200726157994,
      "rev_growth_yoy_accel": 0.04081862367685528,
      "fcf_margin_change": 0.031526200918979785
    },
    {
      "date": "2024-03-31T00:00:00",
      "quarter_label": "2024-03 (Q1)",
      "revenue": 111698000,
      "gross_profit": 47177000,
      "operating_income": 18959000,
      "net_income": 14238000,
      "opex": 28218000,
      "cogs": 64521000,
      "rd": null,
      "sga": 28218000,
      "fcf": -391000,
      "ocf": -267000,
      "capex": -124000,
      "gross_margin": 0.4223620834750846,
      "op_margin": 0.16973446256871205,
      "fcf_margin": -0.0035005103045712546,
      "incr_op_margin_yoy": 6.320268179473955,
      "rev_growth_yoy": 0.017665977277489774,
      "rev_growth_yoy_accel": -0.13618602998409016,
      "op_leverage_ratio": Infinity,
      "fcf_margin_change": -0.35289378736215343
    },
    {
      "date": "2024-06-30T00:00:00",
      "quarter_label": "2024-06 (Q2)",
      "revenue": 144116000,
      "gross_profit": 58737000,
      "operating_income": 29981000,
      "net_income": 19093000,
      "opex": 28756000,
      "cogs": 85379000,
      "rd": null,
      "sga": 28756000,
      "fcf": 26629000,
      "ocf": 26919000,
      "capex": -290000,
      "gross_margin": 0.4075675150573149,
      "op_margin": 0.20803380610064115,
      "fcf_margin": 0.1847747647728219,
      "incr_op_margin_yoy": 2.043390740326549,
      "rev_growth_yoy": 0.03201689999641949,
      "rev_growth_yoy_accel": 0.014350922718929716,
      "op_leverage_ratio": 15.222457647849042,
      "fcf_margin_change": 0.18827527507739314
    },
    {
      "date": "2024-09-30T00:00:00",
      "quarter_label": "2024-09 (Q3)",
      "revenue": 132906000,
      "gross_profit": 51562000,
      "operating_income": 20595000,
      "net_income": 19251000,
      "opex": 30967000,
      "cogs": 81344000,
      "rd": null,
      "sga": 30967000,
      "fcf": 8890000,
      "ocf": 9325000,
      "capex": -435000,
      "gross_margin": 0.3879584066934525,
      "op_margin": 0.15495914405670172,
      "fcf_margin": 0.06688938046438836,
      "incr_op_margin_yoy": 0.5674680108569213,
      "rev_growth_yoy": -0.03735948545602039,
      "rev_growth_yoy_accel": -0.06937638545243988,
      "fcf_margin_change": -0.11788538430843354
    },
    {
      "date": "2024-12-31T00:00:00",
      "quarter_label": "2024-12 (Q4)",
      "revenue": 127293000,
      "gross_profit": 41307000,
      "operating_income": 4285000,
      "net_income": 3370000,
      "opex": 37022000,
      "cogs": 85986000,
      "rd": null,
      "sga": 37022000,
      "fcf": 6797000,
      "ocf": 6922000,
      "capex": -125000,
      "gross_margin": 0.32450331125827814,
      "op_margin": 0.03366249518826644,
      "fcf_margin": 0.05339649470120117,
      "incr_op_margin_yoy": -0.05376140715873091,
      "rev_growth_yoy": 0.1992481911365692,
      "rev_growth_yoy_accel": 0.23660767659258958,
      "fcf_margin_change": -0.01349288576318719
    },
    {
      "date": "2025-03-31T00:00:00",
      "quarter_label": "2025-03 (Q1)",
      "revenue": 130921000,
      "gross_profit": 48085000,
      "operating_income": 19293000,
      "net_income": 18882000,
      "opex": 28792000,
      "cogs": 82836000,
      "rd": null,
      "sga": 28792000,
      "fcf": -10359000,
      "ocf": -9800000,
      "capex": -559000,
      "gross_margin": 0.3672825597115818,
      "op_margin": 0.1473636773321316,
      "fcf_margin": -0.07912405190916659,
      "incr_op_margin_yoy": 0.017375019507881184,
      "rev_growth_yoy": 0.17209797847768088,
      "rev_growth_yoy_accel": -0.027150212658888312,
      "op_leverage_ratio": Infinity,
      "fcf_margin_change": -0.13252054661036777
    },
    {
      "date": "2025-06-30T00:00:00",
      "quarter_label": "2025-06 (Q2)",
      "revenue": 168759000,
      "gross_profit": 61265000,
      "operating_income": 25122000,
      "net_income": 22908000,
      "opex": 36143000,
      "cogs": 107494000,
      "rd": null,
      "sga": 36143000,
      "fcf": 20861000,
      "ocf": 21810000,
      "capex": -949000,
      "gross_margin": 0.3630324901190455,
      "op_margin": 0.14886317174195154,
      "fcf_margin": 0.12361414798618148,
      "incr_op_margin_yoy": -0.197175668546849,
      "rev_growth_yoy": 0.17099419911737768,
      "rev_growth_yoy_accel": -0.0011037793603032031,
      "op_leverage_ratio": 1.1319943778361632,
      "fcf_margin_change": 0.20273819989534808
    },
    {
      "date": "2025-09-30T00:00:00",
      "quarter_label": "2025-09 (Q3)",
      "revenue": 182313000,
      "gross_profit": 68668000,
      "operating_income": 27923000,
      "net_income": 24003000,
      "opex": 40745000,
      "cogs": 113645000,
      "rd": null,
      "sga": 40745000,
      "fcf": 35646000,
      "ocf": 39059000,
      "capex": -3413000,
      "gross_margin": 0.3766489498828937,
      "op_margin": 0.15315967594192406,
      "fcf_margin": 0.1955208898981422,
      "incr_op_margin_yoy": 0.14831906410022871,
      "rev_growth_yoy": 0.37174393932553834,
      "rev_growth_yoy_accel": 0.20074974020816067,
      "op_leverage_ratio": 0.6307803001484423,
      "fcf_margin_change": 0.07190674191196073
    }
  ],
  "signals": [
    {
      "quarter": "2025-09 (Q3)",
      "signal": "FCF MARGIN EXPANSION",
      "detail": "FCF margin: +12.4% -> +19.6% (+7.2%)",
      "severity": "MEDIUM"
    },
    {
      "quarter": "2025-09 (Q3)",
      "signal": "YoY REVENUE GROWTH ACCELERATION",
      "detail": "YoY growth: +37.2% vs prior quarter YoY: +17.1% (accel: +20.1%)",
      "severity": "HIGH"
    },
    {
      "quarter": "2025-06 (Q2)",
      "signal": "FCF TURNED POSITIVE",
      "detail": "FCF margin: -7.9% -> +12.4%",
      "severity": "HIGH"
    },
    {
      "quarter": "2025-03 (Q1)",
      "signal": "GROSS MARGIN INFLECTION",
      "detail": "GM: +38.8% -> +32.5% -> +36.7% (reversal +4.3%)",
      "severity": "MEDIUM"
    },
    {
      "quarter": "2024-12 (Q4)",
      "signal": "YoY REVENUE GROWTH ACCELERATION",
      "detail": "YoY growth: +19.9% vs prior quarter YoY: -3.7% (accel: +23.7%)",
      "severity": "HIGH"
    },
    {
      "quarter": "2024-09 (Q3)",
      "signal": "YoY REVENUE GROWTH DECELERATION",
      "detail": "YoY growth: -3.7% vs prior quarter YoY: +3.2% (decel: -6.9%)",
      "severity": "WARNING"
    },
    {
      "quarter": "2024-09 (Q3)",
      "signal": "INCREMENTAL MARGIN (YoY)",
      "detail": "YoY Incr OPM: +56.7% vs year-ago OPM: +17.0%",
      "severity": "HIGH"
    },
    {
      "quarter": "2024-06 (Q2)",
      "signal": "FCF TURNED POSITIVE",
      "detail": "FCF margin: -0.4% -> +18.5%",
      "severity": "HIGH"
    },
    {
      "quarter": "2024-06 (Q2)",
      "signal": "OPERATING LEVERAGE",
      "detail": "Rev growth +29.0% vs OpEx growth +1.9% (leverage: 15.2x)",
      "severity": "MEDIUM"
    },
    {
      "quarter": "2024-06 (Q2)",
      "signal": "INCREMENTAL MARGIN (YoY)",
      "detail": "YoY Incr OPM: +204.3% vs year-ago OPM: +14.9%",
      "severity": "HIGH"
    },
    {
      "quarter": "2024-03 (Q1)",
      "signal": "GROSS MARGIN INFLECTION",
      "detail": "GM: +40.7% -> +37.5% -> +42.2% (reversal +4.7%)",
      "severity": "MEDIUM"
    },
    {
      "quarter": "2024-03 (Q1)",
      "signal": "YoY REVENUE GROWTH DECELERATION",
      "detail": "YoY growth: +1.8% vs prior quarter YoY: +15.4% (decel: -13.6%)",
      "severity": "WARNING"
    },
    {
      "quarter": "2024-03 (Q1)",
      "signal": "INCREMENTAL MARGIN (YoY)",
      "detail": "YoY Incr OPM: +632.0% vs year-ago OPM: +6.1%",
      "severity": "HIGH"
    },
    {
      "quarter": "2023-12 (Q4)",
      "signal": "OP MARGIN TURNED POSITIVE (YoY)",
      "detail": "Op margin: -5.3% (year-ago) -> +5.1%",
      "severity": "HIGH"
    },
    {
      "quarter": "2023-09 (Q3)",
      "signal": "FCF MARGIN EXPANSION",
      "detail": "FCF margin: +11.9% -> +31.8% (+19.9%)",
      "severity": "MEDIUM"
    },
    {
      "quarter": "2023-09 (Q3)",
      "signal": "YoY REVENUE GROWTH DECELERATION",
      "detail": "YoY growth: +11.3% vs prior quarter YoY: +21.1% (decel: -9.8%)",
      "severity": "WARNING"
    },
    {
      "quarter": "2023-09 (Q3)",
      "signal": "INCREMENTAL MARGIN (YoY)",
      "detail": "YoY Incr OPM: +106.3% vs year-ago OPM: +6.9%",
      "severity": "HIGH"
    },
    {
      "quarter": "2023-06 (Q2)",
      "signal": "OPERATING LEVERAGE",
      "detail": "Rev growth +27.2% vs OpEx growth +12.2% (leverage: 2.2x)",
      "severity": "MEDIUM"
    },
    {
      "quarter": "2023-06 (Q2)",
      "signal": "YoY REVENUE GROWTH ACCELERATION",
      "detail": "YoY growth: +21.1% vs prior quarter YoY: +13.8% (accel: +7.3%)",
      "severity": "MEDIUM"
    },
    {
      "quarter": "2023-06 (Q2)",
      "signal": "INCREMENTAL MARGIN (YoY)",
      "detail": "YoY Incr OPM: +65.0% vs year-ago OPM: +4.4%",
      "severity": "HIGH"
    },
    {
      "quarter": "2023-03 (Q1)",
      "signal": "GROSS MARGIN INFLECTION",
      "detail": "GM: +26.3% -> +24.4% -> +30.7% (reversal +6.3%)",
      "severity": "HIGH"
    },
    {
      "quarter": "2023-03 (Q1)",
      "signal": "YoY REVENUE GROWTH ACCELERATION",
      "detail": "YoY growth: +13.8% vs prior quarter YoY: +6.2% (accel: +7.6%)",
      "severity": "MEDIUM"
    },
    {
      "quarter": "2023-03 (Q1)",
      "signal": "OP MARGIN TURNED POSITIVE (YoY)",
      "detail": "Op margin: -5.9% (year-ago) -> +6.1%",
      "severity": "HIGH"
    },
    {
      "quarter": "2023-03 (Q1)",
      "signal": "OP MARGIN TURNED POSITIVE (QoQ)",
      "detail": "Op margin: -5.3% -> +6.1%",
      "severity": "HIGH"
    },
    {
      "quarter": "2022-09 (Q3)",
      "signal": "FCF TURNED POSITIVE",
      "detail": "FCF margin: -9.9% -> +12.2%",
      "severity": "HIGH"
    },
    {
      "quarter": "2022-09 (Q3)",
      "signal": "YoY REVENUE GROWTH DECELERATION",
      "detail": "YoY growth: +7.2% vs prior quarter YoY: +13.3% (decel: -6.0%)",
      "severity": "WARNING"
    },
    {
      "quarter": "2022-06 (Q2)",
      "signal": "FCF MARGIN EXPANSION",
      "detail": "FCF margin: -23.6% -> -9.9% (+13.7%)",
      "severity": "MEDIUM"
    },
    {
      "quarter": "2022-06 (Q2)",
      "signal": "GROSS MARGIN INFLECTION",
      "detail": "GM: +24.9% -> +19.8% -> +25.4% (reversal +5.6%)",
      "severity": "HIGH"
    },
    {
      "quarter": "2022-06 (Q2)",
      "signal": "YoY REVENUE GROWTH DECELERATION",
      "detail": "YoY growth: +13.3% vs prior quarter YoY: +27.8% (decel: -14.6%)",
      "severity": "WARNING"
    },
    {
      "quarter": "2022-06 (Q2)",
      "signal": "OP MARGIN TURNED POSITIVE (QoQ)",
      "detail": "Op margin: -5.9% -> +4.4%",
      "severity": "HIGH"
    },
    {
      "quarter": "2021-09 (Q3)",
      "signal": "GROSS MARGIN INFLECTION",
      "detail": "GM: +31.9% -> +28.5% -> +33.3% (reversal +4.8%)",
      "severity": "MEDIUM"
    },
    {
      "quarter": "2021-06 (Q2)",
      "signal": "FCF TURNED POSITIVE",
      "detail": "FCF margin: -21.1% -> +0.0%",
      "severity": "HIGH"
    },
    {
      "quarter": "2021-06 (Q2)",
      "signal": "OPERATING LEVERAGE",
      "detail": "Rev growth +34.9% vs OpEx growth +8.4% (leverage: 4.1x)",
      "severity": "MEDIUM"
    }
  ],
  "data_quality": {
    "n_quarters": 20,
    "coverage": {
      "revenue": [
        20,
        20
      ],
      "gross_profit": [
        20,
        20
      ],
      "op_income": [
        20,
        20
      ],
      "fcf": [
        20,
        20
      ]
    },
    "gaps": [],
    "warnings": []
  },
  "market_cap": null,
  "source": "SEC EDGAR",
  "last_updated": "2026-02-02T21:21:03.156266"
}