{
  "ticker": "CODA",
  "name": "CODA OCTOPUS GROUP, INC.",
  "quarters": [
    {
      "date": "2020-10-31T00:00:00",
      "quarter_label": "2020-10 (Q4)",
      "revenue": 4677577,
      "gross_profit": 2910426,
      "operating_income": 349647,
      "net_income": 1239139,
      "opex": 2560779,
      "cogs": 1767151,
      "rd": 773842,
      "sga": 1786937,
      "fcf": 2745166,
      "ocf": 2797948,
      "capex": -52782,
      "gross_margin": 0.6222080363401821,
      "op_margin": 0.0747495979221721,
      "fcf_margin": 0.586877778815827
    },
    {
      "date": "2021-01-31T00:00:00",
      "quarter_label": "2021-01 (Q1)",
      "revenue": 5050459,
      "gross_profit": 3314922,
      "operating_income": 918417,
      "net_income": 1128844,
      "opex": 2396505,
      "cogs": 1735537,
      "rd": 583139,
      "sga": 1813366,
      "fcf": -376369,
      "ocf": 29714,
      "capex": -406083,
      "gross_margin": 0.65636054069541,
      "op_margin": 0.18184822409210727,
      "fcf_margin": -0.0745217414892389,
      "op_leverage_ratio": Infinity,
      "fcf_margin_change": -0.661399520305066
    },
    {
      "date": "2021-04-30T00:00:00",
      "quarter_label": "2021-04 (Q2)",
      "revenue": 5373076,
      "gross_profit": 3749604,
      "operating_income": 1324322,
      "net_income": 2207933,
      "opex": 2425282,
      "cogs": 1623472,
      "rd": 645281,
      "sga": 1780001,
      "fcf": 260077,
      "ocf": 405147,
      "capex": -145070,
      "gross_margin": 0.6978505422219973,
      "op_margin": 0.2464737144979896,
      "fcf_margin": 0.04840374489398624,
      "op_leverage_ratio": 5.319725476790762,
      "fcf_margin_change": 0.12292548638322515
    },
    {
      "date": "2021-07-31T00:00:00",
      "quarter_label": "2021-07 (Q3)",
      "revenue": 5827375,
      "gross_profit": 4212409,
      "operating_income": 1331413,
      "net_income": 1521086,
      "opex": 2880996,
      "cogs": 1614966,
      "rd": 675766,
      "sga": 2205230,
      "fcf": 2988048,
      "ocf": 3196628,
      "capex": -208580,
      "gross_margin": 0.7228656127330059,
      "op_margin": 0.22847560007722173,
      "fcf_margin": 0.5127605482743087,
      "op_leverage_ratio": 0.4499752947203486,
      "fcf_margin_change": 0.4643568033803225
    },
    {
      "date": "2021-10-31T00:00:00",
      "quarter_label": "2021-10 (Q4)",
      "revenue": 5080617,
      "gross_profit": 3492783,
      "operating_income": 297315,
      "net_income": 89902,
      "opex": 3195468,
      "cogs": 1587834,
      "rd": 1078490,
      "sga": 2116978,
      "fcf": -452880,
      "ocf": -361719,
      "capex": -91161,
      "gross_margin": 0.6874722105602529,
      "op_margin": 0.058519467222189744,
      "fcf_margin": -0.08913877979780802,
      "rev_growth_yoy": 0.08616426838083051,
      "fcf_margin_change": -0.6018993280721168
    },
    {
      "date": "2022-01-31T00:00:00",
      "quarter_label": "2022-01 (Q1)",
      "revenue": 5838208,
      "gross_profit": 4159934,
      "operating_income": 1375932,
      "net_income": 1217248,
      "opex": 2784002,
      "cogs": 1678274,
      "rd": 672890,
      "sga": 2111112,
      "fcf": 2474406,
      "ocf": 3461499,
      "capex": -987093,
      "gross_margin": 0.71253610696981,
      "op_margin": 0.23567711188090593,
      "fcf_margin": 0.42382970939027864,
      "rev_growth_yoy": 0.15597572418665315,
      "rev_growth_yoy_accel": 0.06981145580582264,
      "op_leverage_ratio": Infinity,
      "fcf_margin_change": 0.5129684891880867
    },
    {
      "date": "2022-04-30T00:00:00",
      "quarter_label": "2022-04 (Q2)",
      "revenue": 4984838,
      "gross_profit": 3031706,
      "operating_income": 481212,
      "net_income": 611303,
      "opex": 2550494,
      "cogs": 1953132,
      "rd": 517378,
      "sga": 2033116,
      "fcf": 1150144,
      "ocf": 1246162,
      "capex": -96018,
      "gross_margin": 0.6081854615937369,
      "op_margin": 0.09653513313772684,
      "fcf_margin": 0.2307284609850912,
      "rev_growth_yoy": -0.07225618993663964,
      "rev_growth_yoy_accel": -0.2282319141232928,
      "fcf_margin_change": -0.19310124840518744
    },
    {
      "date": "2022-07-31T00:00:00",
      "quarter_label": "2022-07 (Q3)",
      "revenue": 6267409,
      "gross_profit": 4562644,
      "operating_income": 2023713,
      "net_income": 1768657,
      "opex": 2538931,
      "cogs": 1704765,
      "rd": 577953,
      "sga": 1960978,
      "fcf": 1537922,
      "ocf": 1574862,
      "capex": -36940,
      "gross_margin": 0.7279952529027546,
      "op_margin": 0.3228946762529779,
      "fcf_margin": 0.2453840175421773,
      "rev_growth_yoy": 0.07551152963384028,
      "rev_growth_yoy_accel": 0.1477677195704799,
      "op_leverage_ratio": Infinity,
      "fcf_margin_change": 0.014655556557086113
    },
    {
      "date": "2022-10-31T00:00:00",
      "quarter_label": "2022-10 (Q4)",
      "revenue": 5135348,
      "gross_profit": 3436404,
      "operating_income": 1134086,
      "net_income": 704013,
      "opex": 2302318,
      "cogs": 1698944,
      "rd": 469699,
      "sga": 1832619,
      "fcf": 1098024,
      "ocf": 444444,
      "capex": 653580,
      "gross_margin": 0.6691667244362018,
      "op_margin": 0.2208391719509564,
      "fcf_margin": 0.21381686304414033,
      "rev_growth_yoy": 0.010772510504137588,
      "rev_growth_yoy_accel": -0.06473901912970269,
      "fcf_margin_change": -0.03156715449803699
    },
    {
      "date": "2023-01-31T00:00:00",
      "quarter_label": "2023-01 (Q1)",
      "revenue": 5596284,
      "gross_profit": 3753005,
      "operating_income": 1346096,
      "net_income": 1397857,
      "opex": 2406909,
      "cogs": 1843279,
      "rd": 444458,
      "sga": 1962451,
      "fcf": 900464,
      "ocf": 984886,
      "capex": -84422,
      "gross_margin": 0.6706244715243186,
      "op_margin": 0.24053389713602813,
      "fcf_margin": 0.16090391409728313,
      "rev_growth_yoy": -0.04143805770537809,
      "rev_growth_yoy_accel": -0.05221056820951568,
      "op_leverage_ratio": 1.9757943678934047,
      "fcf_margin_change": -0.05291294894685719
    },
    {
      "date": "2023-04-30T00:00:00",
      "quarter_label": "2023-04 (Q2)",
      "revenue": 5301509,
      "gross_profit": 3623241,
      "operating_income": 855108,
      "net_income": 1008477,
      "opex": 2768133,
      "cogs": 1678268,
      "rd": 525939,
      "sga": 2242194,
      "fcf": -1328120,
      "ocf": -1245919,
      "capex": -82201,
      "gross_margin": 0.6834357915831134,
      "op_margin": 0.16129520859061072,
      "fcf_margin": -0.2505173527009008,
      "rev_growth_yoy": 0.06352683878593447,
      "rev_growth_yoy_accel": 0.10496489649131256,
      "fcf_margin_change": -0.4114212667981839
    },
    {
      "date": "2023-07-31T00:00:00",
      "quarter_label": "2023-07 (Q3)",
      "revenue": 4890532,
      "gross_profit": 3365224,
      "operating_income": 862614,
      "net_income": 1038780,
      "opex": 2502610,
      "cogs": 1525308,
      "rd": 568287,
      "sga": 1934323,
      "fcf": 1379621,
      "ocf": 1645930,
      "capex": -266309,
      "gross_margin": 0.6881100052100672,
      "op_margin": 0.1763844915031739,
      "fcf_margin": 0.28210039316785984,
      "incr_op_margin_yoy": 0.8432844763911373,
      "rev_growth_yoy": -0.21968839116770583,
      "rev_growth_yoy_accel": -0.2832152299536403,
      "fcf_margin_change": 0.5326177458687607
    },
    {
      "date": "2023-10-31T00:00:00",
      "quarter_label": "2023-10 (Q4)",
      "revenue": 3563763,
      "gross_profit": 2289585,
      "operating_income": -324266,
      "net_income": -320965,
      "opex": 2613851,
      "cogs": 1274178,
      "rd": 557783,
      "sga": 2056068,
      "fcf": -584037,
      "ocf": 1004979,
      "capex": -1589016,
      "gross_margin": 0.6424627563617445,
      "op_margin": -0.09098977681736974,
      "fcf_margin": -0.1638821100056317,
      "incr_op_margin_yoy": 0.9279498086326861,
      "rev_growth_yoy": -0.3060328141345046,
      "rev_growth_yoy_accel": -0.08634442296679878,
      "fcf_margin_change": -0.44598250317349153
    },
    {
      "date": "2024-01-31T00:00:00",
      "quarter_label": "2024-01 (Q1)",
      "revenue": 4461191,
      "gross_profit": 3086736,
      "operating_income": 555384,
      "net_income": 629888,
      "opex": 2531352,
      "cogs": 1374455,
      "rd": 485977,
      "sga": 2045375,
      "fcf": -433610,
      "ocf": -297959,
      "capex": -135651,
      "gross_margin": 0.6919085060469278,
      "op_margin": 0.12449231606537357,
      "fcf_margin": -0.0971960178346993,
      "incr_op_margin_yoy": 0.6966054763794685,
      "rev_growth_yoy": -0.20282977061207044,
      "rev_growth_yoy_accel": 0.10320304352243417,
      "op_leverage_ratio": Infinity,
      "fcf_margin_change": 0.06668609217093238
    },
    {
      "date": "2024-04-30T00:00:00",
      "quarter_label": "2024-04 (Q2)",
      "revenue": 5323178,
      "gross_profit": 3738434,
      "operating_income": 1350383,
      "net_income": 1415238,
      "opex": 2388051,
      "cogs": 1584744,
      "rd": 542481,
      "sga": 1845570,
      "fcf": -1110290,
      "ocf": -955766,
      "capex": -154524,
      "gross_margin": 0.7022936298579533,
      "op_margin": 0.25367985064561055,
      "fcf_margin": -0.2085765307866842,
      "rev_growth_yoy": 0.004087326834680466,
      "rev_growth_yoy_accel": 0.2069170974467509,
      "op_leverage_ratio": Infinity,
      "fcf_margin_change": -0.1113805129519849
    },
    {
      "date": "2024-07-31T00:00:00",
      "quarter_label": "2024-07 (Q3)",
      "revenue": 5476544,
      "gross_profit": 4048538,
      "operating_income": 1390774,
      "net_income": 1274658,
      "opex": 2657764,
      "cogs": 1428006,
      "rd": 496359,
      "sga": 2161405,
      "fcf": 1546798,
      "ocf": 1711738,
      "capex": -164940,
      "gross_margin": 0.7392505200359935,
      "op_margin": 0.25395103189164553,
      "fcf_margin": 0.28244053183905765,
      "rev_growth_yoy": 0.11982581854080497,
      "rev_growth_yoy_accel": 0.1157384917061245,
      "op_leverage_ratio": 0.25509375099709747,
      "fcf_margin_change": 0.49101706262574185
    },
    {
      "date": "2024-10-31T00:00:00",
      "quarter_label": "2024-10 (Q4)",
      "revenue": 5055248,
      "gross_profit": 3299397,
      "operating_income": 287590,
      "net_income": 326212,
      "opex": 3011807,
      "cogs": 1755851,
      "rd": 717612,
      "sga": 2294195,
      "fcf": 1946252,
      "ocf": 1993662,
      "capex": -47410,
      "gross_margin": 0.6526676831680661,
      "op_margin": 0.05688939494165272,
      "fcf_margin": 0.3849963443929952,
      "incr_op_margin_yoy": 0.4102327546036333,
      "rev_growth_yoy": 0.4185140818847942,
      "rev_growth_yoy_accel": 0.29868826334398924,
      "fcf_margin_change": 0.10255581255393753
    },
    {
      "date": "2025-01-31T00:00:00",
      "quarter_label": "2025-01 (Q1)",
      "revenue": 5209715,
      "gross_profit": 3428470,
      "operating_income": 662022,
      "net_income": 912975,
      "opex": 2766448,
      "cogs": 1781245,
      "rd": 543126,
      "sga": 2223322,
      "fcf": 513402,
      "ocf": 641511,
      "capex": -128109,
      "gross_margin": 0.6580916614440521,
      "op_margin": 0.1270745136730128,
      "fcf_margin": 0.09854704144084657,
      "rev_growth_yoy": 0.1677856877233008,
      "rev_growth_yoy_accel": -0.2507283941614934,
      "op_leverage_ratio": Infinity,
      "fcf_margin_change": -0.2864493029521486
    },
    {
      "date": "2025-04-30T00:00:00",
      "quarter_label": "2025-04 (Q2)",
      "revenue": 7017459,
      "gross_profit": 4497281,
      "operating_income": 1087684,
      "net_income": 908762,
      "opex": 3409597,
      "cogs": 2520178,
      "rd": 689995,
      "sga": 2719602,
      "fcf": 1394236,
      "ocf": 1462469,
      "capex": -68233,
      "gross_margin": 0.6408702922240087,
      "op_margin": 0.1549968442993397,
      "fcf_margin": 0.1986810325503861,
      "incr_op_margin_yoy": -0.15505043142194241,
      "rev_growth_yoy": 0.318283739525524,
      "rev_growth_yoy_accel": 0.15049805180222323,
      "op_leverage_ratio": 1.4925671388437356,
      "fcf_margin_change": 0.10013399110953954
    },
    {
      "date": "2025-07-31T00:00:00",
      "quarter_label": "2025-07 (Q3)",
      "revenue": 7064795,
      "gross_profit": 4823756,
      "operating_income": 1379979,
      "net_income": 1282985,
      "opex": 3443777,
      "cogs": 2241039,
      "rd": 572468,
      "sga": 2871309,
      "fcf": 1594847,
      "ocf": 2203885,
      "capex": -609038,
      "gross_margin": 0.6827878232843274,
      "op_margin": 0.19533178245087082,
      "fcf_margin": 0.22574568688829613,
      "incr_op_margin_yoy": -0.0067967846392037535,
      "rev_growth_yoy": 0.2900097214593729,
      "rev_growth_yoy_accel": -0.028274018066151096,
      "fcf_margin_change": 0.027064654337910027
    }
  ],
  "signals": [
    {
      "quarter": "2025-07 (Q3)",
      "signal": "GROSS MARGIN INFLECTION",
      "detail": "GM: +65.8% -> +64.1% -> +68.3% (reversal +4.2%)",
      "severity": "MEDIUM"
    },
    {
      "quarter": "2025-04 (Q2)",
      "signal": "FCF MARGIN EXPANSION",
      "detail": "FCF margin: +9.9% -> +19.9% (+10.0%)",
      "severity": "MEDIUM"
    },
    {
      "quarter": "2025-04 (Q2)",
      "signal": "YoY REVENUE GROWTH ACCELERATION",
      "detail": "YoY growth: +31.8% vs prior quarter YoY: +16.8% (accel: +15.0%)",
      "severity": "HIGH"
    },
    {
      "quarter": "2025-01 (Q1)",
      "signal": "YoY REVENUE GROWTH DECELERATION",
      "detail": "YoY growth: +16.8% vs prior quarter YoY: +41.9% (decel: -25.1%)",
      "severity": "WARNING"
    },
    {
      "quarter": "2024-10 (Q4)",
      "signal": "FCF MARGIN EXPANSION",
      "detail": "FCF margin: +28.2% -> +38.5% (+10.3%)",
      "severity": "MEDIUM"
    },
    {
      "quarter": "2024-10 (Q4)",
      "signal": "YoY REVENUE GROWTH ACCELERATION",
      "detail": "YoY growth: +41.9% vs prior quarter YoY: +12.0% (accel: +29.9%)",
      "severity": "HIGH"
    },
    {
      "quarter": "2024-10 (Q4)",
      "signal": "OP MARGIN TURNED POSITIVE (YoY)",
      "detail": "Op margin: -9.1% (year-ago) -> +5.7%",
      "severity": "HIGH"
    },
    {
      "quarter": "2024-07 (Q3)",
      "signal": "FCF TURNED POSITIVE",
      "detail": "FCF margin: -20.9% -> +28.2%",
      "severity": "HIGH"
    },
    {
      "quarter": "2024-07 (Q3)",
      "signal": "YoY REVENUE GROWTH ACCELERATION",
      "detail": "YoY growth: +12.0% vs prior quarter YoY: +0.4% (accel: +11.6%)",
      "severity": "MEDIUM"
    },
    {
      "quarter": "2024-04 (Q2)",
      "signal": "YoY REVENUE GROWTH ACCELERATION",
      "detail": "YoY growth: +0.4% vs prior quarter YoY: -20.3% (accel: +20.7%)",
      "severity": "HIGH"
    },
    {
      "quarter": "2024-01 (Q1)",
      "signal": "FCF MARGIN EXPANSION",
      "detail": "FCF margin: -16.4% -> -9.7% (+6.7%)",
      "severity": "MEDIUM"
    },
    {
      "quarter": "2024-01 (Q1)",
      "signal": "GROSS MARGIN INFLECTION",
      "detail": "GM: +68.8% -> +64.2% -> +69.2% (reversal +4.9%)",
      "severity": "MEDIUM"
    },
    {
      "quarter": "2024-01 (Q1)",
      "signal": "YoY REVENUE GROWTH ACCELERATION",
      "detail": "YoY growth: -20.3% vs prior quarter YoY: -30.6% (accel: +10.3%)",
      "severity": "MEDIUM"
    },
    {
      "quarter": "2024-01 (Q1)",
      "signal": "INCREMENTAL MARGIN (YoY)",
      "detail": "YoY Incr OPM: +69.7% vs year-ago OPM: +24.1%",
      "severity": "HIGH"
    },
    {
      "quarter": "2024-01 (Q1)",
      "signal": "OP MARGIN TURNED POSITIVE (QoQ)",
      "detail": "Op margin: -9.1% -> +12.4%",
      "severity": "HIGH"
    },
    {
      "quarter": "2023-10 (Q4)",
      "signal": "YoY REVENUE GROWTH DECELERATION",
      "detail": "YoY growth: -30.6% vs prior quarter YoY: -22.0% (decel: -8.6%)",
      "severity": "WARNING"
    },
    {
      "quarter": "2023-07 (Q3)",
      "signal": "FCF TURNED POSITIVE",
      "detail": "FCF margin: -25.1% -> +28.2%",
      "severity": "HIGH"
    },
    {
      "quarter": "2023-07 (Q3)",
      "signal": "YoY REVENUE GROWTH DECELERATION",
      "detail": "YoY growth: -22.0% vs prior quarter YoY: +6.4% (decel: -28.3%)",
      "severity": "WARNING"
    },
    {
      "quarter": "2023-07 (Q3)",
      "signal": "INCREMENTAL MARGIN (YoY)",
      "detail": "YoY Incr OPM: +84.3% vs year-ago OPM: +32.3%",
      "severity": "HIGH"
    },
    {
      "quarter": "2023-04 (Q2)",
      "signal": "YoY REVENUE GROWTH ACCELERATION",
      "detail": "YoY growth: +6.4% vs prior quarter YoY: -4.1% (accel: +10.5%)",
      "severity": "MEDIUM"
    },
    {
      "quarter": "2023-01 (Q1)",
      "signal": "OPERATING LEVERAGE",
      "detail": "Rev growth +9.0% vs OpEx growth +4.5% (leverage: 2.0x)",
      "severity": "MEDIUM"
    },
    {
      "quarter": "2023-01 (Q1)",
      "signal": "YoY REVENUE GROWTH DECELERATION",
      "detail": "YoY growth: -4.1% vs prior quarter YoY: +1.1% (decel: -5.2%)",
      "severity": "WARNING"
    },
    {
      "quarter": "2022-10 (Q4)",
      "signal": "YoY REVENUE GROWTH DECELERATION",
      "detail": "YoY growth: +1.1% vs prior quarter YoY: +7.6% (decel: -6.5%)",
      "severity": "WARNING"
    },
    {
      "quarter": "2022-07 (Q3)",
      "signal": "GROSS MARGIN INFLECTION",
      "detail": "GM: +71.3% -> +60.8% -> +72.8% (reversal +12.0%)",
      "severity": "HIGH"
    },
    {
      "quarter": "2022-07 (Q3)",
      "signal": "YoY REVENUE GROWTH ACCELERATION",
      "detail": "YoY growth: +7.6% vs prior quarter YoY: -7.2% (accel: +14.8%)",
      "severity": "MEDIUM"
    },
    {
      "quarter": "2022-04 (Q2)",
      "signal": "YoY REVENUE GROWTH DECELERATION",
      "detail": "YoY growth: -7.2% vs prior quarter YoY: +15.6% (decel: -22.8%)",
      "severity": "WARNING"
    },
    {
      "quarter": "2022-01 (Q1)",
      "signal": "FCF TURNED POSITIVE",
      "detail": "FCF margin: -8.9% -> +42.4%",
      "severity": "HIGH"
    },
    {
      "quarter": "2022-01 (Q1)",
      "signal": "GROSS MARGIN INFLECTION",
      "detail": "GM: +72.3% -> +68.7% -> +71.3% (reversal +2.5%)",
      "severity": "MEDIUM"
    },
    {
      "quarter": "2022-01 (Q1)",
      "signal": "YoY REVENUE GROWTH ACCELERATION",
      "detail": "YoY growth: +15.6% vs prior quarter YoY: +8.6% (accel: +7.0%)",
      "severity": "MEDIUM"
    },
    {
      "quarter": "2021-07 (Q3)",
      "signal": "FCF MARGIN EXPANSION",
      "detail": "FCF margin: +4.8% -> +51.3% (+46.4%)",
      "severity": "MEDIUM"
    },
    {
      "quarter": "2021-04 (Q2)",
      "signal": "FCF TURNED POSITIVE",
      "detail": "FCF margin: -7.5% -> +4.8%",
      "severity": "HIGH"
    },
    {
      "quarter": "2021-04 (Q2)",
      "signal": "OPERATING LEVERAGE",
      "detail": "Rev growth +6.4% vs OpEx growth +1.2% (leverage: 5.3x)",
      "severity": "MEDIUM"
    }
  ],
  "data_quality": {
    "n_quarters": 20,
    "coverage": {
      "revenue": [
        20,
        20
      ],
      "gross_profit": [
        20,
        20
      ],
      "op_income": [
        20,
        20
      ],
      "fcf": [
        20,
        20
      ]
    },
    "gaps": [],
    "warnings": []
  },
  "market_cap": null,
  "source": "SEC EDGAR",
  "last_updated": "2026-02-02T23:18:10.287270",
  "sector": "Industrials",
  "industry": "Aerospace & Defense"
}