{
  "ticker": "CODI",
  "name": "COMPASS DIVERSIFIED HOLDINGS",
  "quarters": [
    {
      "date": "2020-12-31T00:00:00",
      "quarter_label": "2020-12 (Q4)",
      "revenue": 474778000,
      "gross_profit": 172106000,
      "operating_income": 31950000,
      "net_income": 8366000,
      "opex": 140156000,
      "cogs": 302672000,
      "rd": null,
      "sga": 110414000,
      "fcf": 25536000,
      "ocf": 35753000,
      "capex": -10217000,
      "gross_margin": 0.3624978410962597,
      "op_margin": 0.06729460927001672,
      "fcf_margin": 0.053785137474777686
    },
    {
      "date": "2021-03-31T00:00:00",
      "quarter_label": "2021-03 (Q1)",
      "revenue": 408556000,
      "gross_profit": 186849000,
      "operating_income": 46234000,
      "net_income": 18994000,
      "opex": 140615000,
      "cogs": 274747000,
      "rd": null,
      "sga": 110968000,
      "fcf": 29087000,
      "ocf": 36390000,
      "capex": -7303000,
      "gross_margin": 0.4573399974544493,
      "op_margin": 0.11316441320161741,
      "fcf_margin": 0.07119464651112699,
      "fcf_margin_change": 0.017409509036349302
    },
    {
      "date": "2021-06-30T00:00:00",
      "quarter_label": "2021-06 (Q2)",
      "revenue": 431525000,
      "gross_profit": 192755000,
      "operating_income": 48578000,
      "net_income": -14630000,
      "opex": 144177000,
      "cogs": 294683000,
      "rd": null,
      "sga": 114022000,
      "fcf": 64251000,
      "ocf": 73044000,
      "capex": -8793000,
      "gross_margin": 0.44668327443369443,
      "op_margin": 0.11257285209431667,
      "fcf_margin": 0.14889287990267075,
      "op_leverage_ratio": 2.219362435346237,
      "fcf_margin_change": 0.07769823339154376
    },
    {
      "date": "2021-09-30T00:00:00",
      "quarter_label": "2021-09 (Q3)",
      "revenue": 464975000,
      "gross_profit": 192131000,
      "operating_income": 41859000,
      "net_income": 88100000,
      "opex": 150272000,
      "cogs": 296027000,
      "rd": null,
      "sga": 118818000,
      "fcf": 25809000,
      "ocf": 37714000,
      "capex": -11905000,
      "gross_margin": 0.41320716167535887,
      "op_margin": 0.09002419484918545,
      "fcf_margin": 0.05550621001129093,
      "op_leverage_ratio": 1.8336330807632792,
      "fcf_margin_change": -0.09338666989137982
    },
    {
      "date": "2021-12-31T00:00:00",
      "quarter_label": "2021-12 (Q4)",
      "revenue": 536612000,
      "gross_profit": 202410000,
      "operating_income": 32973000,
      "net_income": 22088000,
      "opex": 169437000,
      "cogs": 297404000,
      "rd": null,
      "sga": 121389000,
      "fcf": -18212000,
      "ocf": -13097000,
      "capex": -5115000,
      "gross_margin": 0.3771999135315647,
      "op_margin": 0.06144663183082003,
      "fcf_margin": -0.03393886085290675,
      "incr_op_margin_yoy": 0.01654429601837177,
      "rev_growth_yoy": 0.13023771109866084,
      "op_leverage_ratio": 1.2080280821563574,
      "fcf_margin_change": -0.08944507086419767
    },
    {
      "date": "2022-03-31T00:00:00",
      "quarter_label": "2022-03 (Q1)",
      "revenue": 510513000,
      "gross_profit": 200815000,
      "operating_income": 44602000,
      "net_income": 23762000,
      "opex": 156213000,
      "cogs": 309698000,
      "rd": null,
      "sga": 120672000,
      "fcf": -49504000,
      "ocf": -39770000,
      "capex": -9734000,
      "gross_margin": 0.3933592288541134,
      "op_margin": 0.08736702101611517,
      "fcf_margin": -0.09696912713290357,
      "incr_op_margin_yoy": -0.016006747942760184,
      "rev_growth_yoy": 0.24955452863254976,
      "rev_growth_yoy_accel": 0.11931681753388892,
      "fcf_margin_change": -0.0630302662799968
    },
    {
      "date": "2022-06-30T00:00:00",
      "quarter_label": "2022-06 (Q2)",
      "revenue": 515597000,
      "gross_profit": 211757000,
      "operating_income": 50311000,
      "net_income": 26367000,
      "opex": 161446000,
      "cogs": 303840000,
      "rd": null,
      "sga": 125624000,
      "fcf": -18308000,
      "ocf": -5880000,
      "capex": -12428000,
      "gross_margin": 0.41070254481697915,
      "op_margin": 0.09757814727393682,
      "fcf_margin": -0.03550835245356354,
      "incr_op_margin_yoy": 0.020613283851936434,
      "rev_growth_yoy": 0.19482532877585307,
      "rev_growth_yoy_accel": -0.05472919985669669,
      "fcf_margin_change": 0.061460774679340024
    },
    {
      "date": "2022-09-30T00:00:00",
      "quarter_label": "2022-09 (Q3)",
      "revenue": 597607000,
      "gross_profit": 239316000,
      "operating_income": 48747000,
      "net_income": -1774000,
      "opex": 190569000,
      "cogs": 358291000,
      "rd": null,
      "sga": 148700000,
      "fcf": -24815000,
      "ocf": -10448000,
      "capex": -14367000,
      "gross_margin": 0.40045715662634473,
      "op_margin": 0.08157032966481316,
      "fcf_margin": -0.041523944665976135,
      "incr_op_margin_yoy": 0.05193316846613185,
      "rev_growth_yoy": 0.2852454433034034,
      "rev_growth_yoy_accel": 0.09042011452755033,
      "op_leverage_ratio": 0.8817543468222677,
      "fcf_margin_change": -0.006015592212412595
    },
    {
      "date": "2022-12-31T00:00:00",
      "quarter_label": "2022-12 (Q4)",
      "revenue": 594921000,
      "gross_profit": 234831000,
      "operating_income": 19578000,
      "net_income": -11968000,
      "opex": 215253000,
      "cogs": 360090000,
      "rd": null,
      "sga": 150209000,
      "fcf": -14201000,
      "ocf": 9453000,
      "capex": -23654000,
      "gross_margin": 0.3947263586257671,
      "op_margin": 0.03290857105397187,
      "fcf_margin": -0.023870396237483632,
      "incr_op_margin_yoy": -0.22972439932085956,
      "rev_growth_yoy": 0.10866137917154294,
      "rev_growth_yoy_accel": -0.17658406413186045,
      "fcf_margin_change": 0.017653548428492503
    },
    {
      "date": "2023-03-31T00:00:00",
      "quarter_label": "2023-03 (Q1)",
      "revenue": 542228000,
      "gross_profit": 237831000,
      "operating_income": 48897000,
      "net_income": 105397000,
      "opex": 188934000,
      "cogs": 304397000,
      "rd": null,
      "sga": 146165000,
      "fcf": -13900000,
      "ocf": 974000,
      "capex": -14874000,
      "gross_margin": 0.43861807210251036,
      "op_margin": 0.09017793253022714,
      "fcf_margin": -0.025634972742093733,
      "incr_op_margin_yoy": 0.13542487781806717,
      "rev_growth_yoy": 0.06212378529048232,
      "rev_growth_yoy_accel": -0.046537593881060615,
      "fcf_margin_change": -0.0017645765046101006
    },
    {
      "date": "2023-06-30T00:00:00",
      "quarter_label": "2023-06 (Q2)",
      "revenue": 524159000,
      "gross_profit": 236890000,
      "operating_income": 45075000,
      "net_income": 13606000,
      "opex": 191815000,
      "cogs": 287269000,
      "rd": null,
      "sga": 148218000,
      "fcf": -225000,
      "ocf": 13231000,
      "capex": -13456000,
      "gross_margin": 0.45194301729055497,
      "op_margin": 0.08599489849454078,
      "fcf_margin": -0.00042925906070486245,
      "incr_op_margin_yoy": -0.6115393599626255,
      "rev_growth_yoy": 0.016605992664813798,
      "rev_growth_yoy_accel": -0.04551779262566852,
      "fcf_margin_change": 0.02520571368138887
    },
    {
      "date": "2023-09-30T00:00:00",
      "quarter_label": "2023-09 (Q3)",
      "revenue": 569565000,
      "gross_profit": 254218000,
      "operating_income": 28435000,
      "net_income": -10154000,
      "opex": 225783000,
      "cogs": 315347000,
      "rd": null,
      "sga": 147962000,
      "fcf": -11015000,
      "ocf": -1189000,
      "capex": -9826000,
      "gross_margin": 0.4463371169225637,
      "op_margin": 0.0499240648565133,
      "fcf_margin": -0.01933932035851922,
      "incr_op_margin_yoy": 0.7243420583410598,
      "rev_growth_yoy": -0.04692381448008474,
      "rev_growth_yoy_accel": -0.06352980714489853,
      "op_leverage_ratio": 0.4891733479172109,
      "fcf_margin_change": -0.01891006129781436
    },
    {
      "date": "2023-12-31T00:00:00",
      "quarter_label": "2023-12 (Q4)",
      "revenue": 566989000,
      "gross_profit": 246307000,
      "operating_income": -3974000,
      "net_income": 137437000,
      "opex": 250281000,
      "cogs": 258540000,
      "rd": null,
      "sga": 107244000,
      "fcf": -13235000,
      "ocf": 3625000,
      "capex": -16860000,
      "gross_margin": 0.43441230782255036,
      "op_margin": -0.0070089543183377455,
      "fcf_margin": -0.023342604530246617,
      "incr_op_margin_yoy": 0.843190605756838,
      "rev_growth_yoy": -0.04695077161505477,
      "rev_growth_yoy_accel": -2.6957134970036212e-05,
      "fcf_margin_change": -0.0040032841717273955
    },
    {
      "date": "2024-03-31T00:00:00",
      "quarter_label": "2024-03 (Q1)",
      "revenue": 524290000,
      "gross_profit": 241827000,
      "operating_income": 38576000,
      "net_income": -1648000,
      "opex": 203251000,
      "cogs": 282463000,
      "rd": null,
      "sga": 150714000,
      "fcf": -33093000,
      "ocf": -25368000,
      "capex": -7725000,
      "gross_margin": 0.4612466383108585,
      "op_margin": 0.07357760018310477,
      "fcf_margin": -0.06311964752331725,
      "incr_op_margin_yoy": 0.5753707213736202,
      "rev_growth_yoy": -0.033082024535804125,
      "rev_growth_yoy_accel": 0.013868747079250648,
      "fcf_margin_change": -0.03977704299307064
    },
    {
      "date": "2024-06-30T00:00:00",
      "quarter_label": "2024-06 (Q2)",
      "revenue": 542595000,
      "gross_profit": 259114000,
      "operating_income": 61343000,
      "net_income": -19529000,
      "opex": 197771000,
      "cogs": 283481000,
      "rd": null,
      "sga": 151446000,
      "fcf": -72248000,
      "ocf": -61260000,
      "capex": -10988000,
      "gross_margin": 0.4775458675439324,
      "op_margin": 0.11305485675319529,
      "fcf_margin": -0.1331527198002193,
      "incr_op_margin_yoy": 0.8824039921891951,
      "rev_growth_yoy": 0.03517253352513264,
      "rev_growth_yoy_accel": 0.06825455806093676,
      "op_leverage_ratio": Infinity,
      "fcf_margin_change": -0.07003307227690206
    },
    {
      "date": "2024-09-30T00:00:00",
      "quarter_label": "2024-09 (Q3)",
      "revenue": 582623000,
      "gross_profit": 274578000,
      "operating_income": 70268000,
      "net_income": 22064000,
      "opex": 204310000,
      "cogs": 308045000,
      "rd": null,
      "sga": 158754000,
      "fcf": -63482000,
      "ocf": -48352000,
      "capex": -15130000,
      "gross_margin": 0.4712790260597333,
      "op_margin": 0.12060629257684644,
      "fcf_margin": -0.10895896660447665,
      "incr_op_margin_yoy": 3.2036299586460406,
      "rev_growth_yoy": 0.022926268292468813,
      "rev_growth_yoy_accel": -0.012246265232663825,
      "op_leverage_ratio": 2.231204493031293,
      "fcf_margin_change": 0.024193753195742657
    },
    {
      "date": "2024-12-31T00:00:00",
      "quarter_label": "2024-12 (Q4)",
      "revenue": 620255000,
      "gross_profit": 271017000,
      "operating_income": 60573000,
      "net_income": 11921000,
      "opex": 210444000,
      "cogs": 323884000,
      "rd": null,
      "sga": 126606000,
      "fcf": -38964000,
      "ocf": -16106000,
      "capex": -22858000,
      "gross_margin": 0.4369444825112252,
      "op_margin": 0.09765822121546783,
      "fcf_margin": -0.06281932431016275,
      "incr_op_margin_yoy": 1.2117861299891113,
      "rev_growth_yoy": 0.09394538518383955,
      "rev_growth_yoy_accel": 0.07101911689137073,
      "op_leverage_ratio": 2.151372074735572,
      "fcf_margin_change": 0.0461396422943139
    },
    {
      "date": "2025-03-31T00:00:00",
      "quarter_label": "2025-03 (Q1)",
      "revenue": 453775000,
      "gross_profit": 196032000,
      "operating_income": 3441000,
      "net_income": -29993000,
      "opex": 192591000,
      "cogs": 257743000,
      "rd": null,
      "sga": 150377000,
      "fcf": -42448000,
      "ocf": -29348000,
      "capex": -13100000,
      "gross_margin": 0.43200264448239767,
      "op_margin": 0.007583053275301636,
      "fcf_margin": -0.09354415734670266,
      "incr_op_margin_yoy": 0.4982627809685882,
      "rev_growth_yoy": -0.13449617578057946,
      "rev_growth_yoy_accel": -0.228441560964419,
      "fcf_margin_change": -0.030724833036539903
    },
    {
      "date": "2025-06-30T00:00:00",
      "quarter_label": "2025-06 (Q2)",
      "revenue": 478690000,
      "gross_profit": 208541000,
      "operating_income": -27238000,
      "net_income": -51217000,
      "opex": 235779000,
      "cogs": 270149000,
      "rd": null,
      "sga": 162112000,
      "fcf": -46043000,
      "ocf": -35160000,
      "capex": -10883000,
      "gross_margin": 0.4356493764231549,
      "op_margin": -0.05690112598968017,
      "fcf_margin": -0.09618542271616286,
      "incr_op_margin_yoy": 1.386135670135357,
      "rev_growth_yoy": -0.11777661054746173,
      "rev_growth_yoy_accel": 0.016719565233117725,
      "op_leverage_ratio": 0.24484611732251546,
      "fcf_margin_change": -0.0026412653694602023
    },
    {
      "date": "2025-09-30T00:00:00",
      "quarter_label": "2025-09 (Q3)",
      "revenue": 472562000,
      "gross_profit": 207715000,
      "operating_income": -11067000,
      "net_income": -74015000,
      "opex": 218782000,
      "cogs": 264847000,
      "rd": null,
      "sga": 179315000,
      "fcf": 481000,
      "ocf": 10674000,
      "capex": -10193000,
      "gross_margin": 0.43955078910280554,
      "op_margin": -0.023419149233328114,
      "fcf_margin": 0.0010178558580673013,
      "incr_op_margin_yoy": 0.7389992822162256,
      "rev_growth_yoy": -0.18890603357574282,
      "rev_growth_yoy_accel": -0.07112942302828108,
      "fcf_margin_change": 0.09720327857423015
    }
  ],
  "signals": [
    {
      "quarter": "2025-09 (Q3)",
      "signal": "FCF TURNED POSITIVE",
      "detail": "FCF margin: -9.6% -> +0.1%",
      "severity": "HIGH"
    },
    {
      "quarter": "2025-09 (Q3)",
      "signal": "YoY REVENUE GROWTH DECELERATION",
      "detail": "YoY growth: -18.9% vs prior quarter YoY: -11.8% (decel: -7.1%)",
      "severity": "WARNING"
    },
    {
      "quarter": "2025-03 (Q1)",
      "signal": "YoY REVENUE GROWTH DECELERATION",
      "detail": "YoY growth: -13.4% vs prior quarter YoY: +9.4% (decel: -22.8%)",
      "severity": "WARNING"
    },
    {
      "quarter": "2025-03 (Q1)",
      "signal": "INCREMENTAL MARGIN (YoY)",
      "detail": "YoY Incr OPM: +49.8% vs year-ago OPM: +7.4%",
      "severity": "HIGH"
    },
    {
      "quarter": "2024-12 (Q4)",
      "signal": "OPERATING LEVERAGE",
      "detail": "Rev growth +6.5% vs OpEx growth +3.0% (leverage: 2.2x)",
      "severity": "MEDIUM"
    },
    {
      "quarter": "2024-12 (Q4)",
      "signal": "YoY REVENUE GROWTH ACCELERATION",
      "detail": "YoY growth: +9.4% vs prior quarter YoY: +2.3% (accel: +7.1%)",
      "severity": "MEDIUM"
    },
    {
      "quarter": "2024-12 (Q4)",
      "signal": "OP MARGIN TURNED POSITIVE (YoY)",
      "detail": "Op margin: -0.7% (year-ago) -> +9.8%",
      "severity": "HIGH"
    },
    {
      "quarter": "2024-09 (Q3)",
      "signal": "OPERATING LEVERAGE",
      "detail": "Rev growth +7.4% vs OpEx growth +3.3% (leverage: 2.2x)",
      "severity": "MEDIUM"
    },
    {
      "quarter": "2024-09 (Q3)",
      "signal": "INCREMENTAL MARGIN (YoY)",
      "detail": "YoY Incr OPM: +320.4% vs year-ago OPM: +5.0%",
      "severity": "HIGH"
    },
    {
      "quarter": "2024-06 (Q2)",
      "signal": "YoY REVENUE GROWTH ACCELERATION",
      "detail": "YoY growth: +3.5% vs prior quarter YoY: -3.3% (accel: +6.8%)",
      "severity": "MEDIUM"
    },
    {
      "quarter": "2024-06 (Q2)",
      "signal": "INCREMENTAL MARGIN (YoY)",
      "detail": "YoY Incr OPM: +88.2% vs year-ago OPM: +8.6%",
      "severity": "HIGH"
    },
    {
      "quarter": "2024-03 (Q1)",
      "signal": "GROSS MARGIN INFLECTION",
      "detail": "GM: +44.6% -> +43.4% -> +46.1% (reversal +2.7%)",
      "severity": "MEDIUM"
    },
    {
      "quarter": "2024-03 (Q1)",
      "signal": "INCREMENTAL MARGIN (YoY)",
      "detail": "YoY Incr OPM: +57.5% vs year-ago OPM: +9.0%",
      "severity": "HIGH"
    },
    {
      "quarter": "2024-03 (Q1)",
      "signal": "OP MARGIN TURNED POSITIVE (QoQ)",
      "detail": "Op margin: -0.7% -> +7.4%",
      "severity": "HIGH"
    },
    {
      "quarter": "2023-09 (Q3)",
      "signal": "YoY REVENUE GROWTH DECELERATION",
      "detail": "YoY growth: -4.7% vs prior quarter YoY: +1.7% (decel: -6.4%)",
      "severity": "WARNING"
    },
    {
      "quarter": "2023-09 (Q3)",
      "signal": "INCREMENTAL MARGIN (YoY)",
      "detail": "YoY Incr OPM: +72.4% vs year-ago OPM: +8.2%",
      "severity": "HIGH"
    },
    {
      "quarter": "2023-03 (Q1)",
      "signal": "GROSS MARGIN INFLECTION",
      "detail": "GM: +40.0% -> +39.5% -> +43.9% (reversal +4.4%)",
      "severity": "MEDIUM"
    },
    {
      "quarter": "2022-12 (Q4)",
      "signal": "YoY REVENUE GROWTH DECELERATION",
      "detail": "YoY growth: +10.9% vs prior quarter YoY: +28.5% (decel: -17.7%)",
      "severity": "WARNING"
    },
    {
      "quarter": "2022-09 (Q3)",
      "signal": "YoY REVENUE GROWTH ACCELERATION",
      "detail": "YoY growth: +28.5% vs prior quarter YoY: +19.5% (accel: +9.0%)",
      "severity": "MEDIUM"
    },
    {
      "quarter": "2022-06 (Q2)",
      "signal": "FCF MARGIN EXPANSION",
      "detail": "FCF margin: -9.7% -> -3.6% (+6.1%)",
      "severity": "MEDIUM"
    },
    {
      "quarter": "2022-06 (Q2)",
      "signal": "YoY REVENUE GROWTH DECELERATION",
      "detail": "YoY growth: +19.5% vs prior quarter YoY: +25.0% (decel: -5.5%)",
      "severity": "WARNING"
    },
    {
      "quarter": "2022-03 (Q1)",
      "signal": "YoY REVENUE GROWTH ACCELERATION",
      "detail": "YoY growth: +25.0% vs prior quarter YoY: +13.0% (accel: +11.9%)",
      "severity": "MEDIUM"
    },
    {
      "quarter": "2021-09 (Q3)",
      "signal": "OPERATING LEVERAGE",
      "detail": "Rev growth +7.8% vs OpEx growth +4.2% (leverage: 1.8x)",
      "severity": "MEDIUM"
    },
    {
      "quarter": "2021-06 (Q2)",
      "signal": "FCF MARGIN EXPANSION",
      "detail": "FCF margin: +7.1% -> +14.9% (+7.8%)",
      "severity": "MEDIUM"
    },
    {
      "quarter": "2021-06 (Q2)",
      "signal": "OPERATING LEVERAGE",
      "detail": "Rev growth +5.6% vs OpEx growth +2.5% (leverage: 2.2x)",
      "severity": "MEDIUM"
    }
  ],
  "data_quality": {
    "n_quarters": 20,
    "coverage": {
      "revenue": [
        20,
        20
      ],
      "gross_profit": [
        20,
        20
      ],
      "op_income": [
        20,
        20
      ],
      "fcf": [
        20,
        20
      ]
    },
    "gaps": [],
    "warnings": []
  },
  "market_cap": null,
  "source": "SEC EDGAR",
  "last_updated": "2026-02-02T22:24:02.268849"
}