{
  "ticker": "COHR",
  "name": "Coherent Corp.",
  "quarters": [
    {
      "date": "2020-12-31T00:00:00",
      "quarter_label": "2020-12 (Q4)",
      "revenue": 786569000,
      "gross_profit": 322466000,
      "operating_income": 118716000,
      "net_income": 87900000,
      "opex": 680286000,
      "cogs": 464103000,
      "rd": 84858000,
      "sga": 118893000,
      "fcf": 175835000,
      "ocf": 221372000,
      "capex": -45537000,
      "gross_margin": 0.40996530501456324,
      "op_margin": 0.15092890769913384,
      "fcf_margin": 0.22354682170286397
    },
    {
      "date": "2021-03-31T00:00:00",
      "quarter_label": "2021-03 (Q1)",
      "revenue": 783232000,
      "gross_profit": 299556000,
      "operating_income": 85080000,
      "net_income": 81092000,
      "opex": 689753000,
      "cogs": 483676000,
      "rd": 83231000,
      "sga": 131244000,
      "fcf": 65151000,
      "ocf": 91153000,
      "capex": -26002000,
      "gross_margin": 0.3824613907501226,
      "op_margin": 0.10862681810753391,
      "fcf_margin": 0.08318224995914365,
      "fcf_margin_change": -0.1403645717437203
    },
    {
      "date": "2021-06-30T00:00:00",
      "quarter_label": "2021-06 (Q2)",
      "revenue": 808006000,
      "gross_profit": 307627000,
      "operating_income": 97194000,
      "net_income": 82294000,
      "opex": 714755000,
      "cogs": 500379000,
      "rd": 83768000,
      "sga": 126666000,
      "fcf": 86495000,
      "ocf": 127501000,
      "capex": -41006000,
      "gross_margin": 0.3807236579926387,
      "op_margin": 0.1202887107273956,
      "fcf_margin": 0.10704747241975926,
      "op_leverage_ratio": 0.8726187845281252,
      "fcf_margin_change": 0.023865222460615607
    },
    {
      "date": "2021-09-30T00:00:00",
      "quarter_label": "2021-09 (Q3)",
      "revenue": 795111000,
      "gross_profit": 316190000,
      "operating_income": 95050000,
      "net_income": 74464000,
      "opex": 704670000,
      "cogs": 478921000,
      "rd": 88966000,
      "sga": 132174000,
      "fcf": 4771000,
      "ocf": 52336000,
      "capex": -47565000,
      "gross_margin": 0.3976677470189697,
      "op_margin": 0.11954305751020927,
      "fcf_margin": 0.00600042006713528,
      "fcf_margin_change": -0.10104705235262398
    },
    {
      "date": "2021-12-31T00:00:00",
      "quarter_label": "2021-12 (Q4)",
      "revenue": 806819000,
      "gross_profit": 311167000,
      "operating_income": 98222000,
      "net_income": 67657000,
      "opex": 727465000,
      "cogs": 495652000,
      "rd": 95328000,
      "sga": 117617000,
      "fcf": 133625000,
      "ocf": 187749000,
      "capex": -54124000,
      "gross_margin": 0.38567138354451247,
      "op_margin": 0.12173982020750627,
      "fcf_margin": 0.16561955035763906,
      "incr_op_margin_yoy": -1.0120493827160493,
      "rev_growth_yoy": 0.0257447216963801,
      "op_leverage_ratio": 0.45519883100447356,
      "fcf_margin_change": 0.15961913029050379
    },
    {
      "date": "2022-03-31T00:00:00",
      "quarter_label": "2022-03 (Q1)",
      "revenue": 827724000,
      "gross_profit": 321673000,
      "operating_income": 106768000,
      "net_income": 49002000,
      "opex": 764695000,
      "cogs": 506051000,
      "rd": 96895000,
      "sga": 118009000,
      "fcf": -58380000,
      "ocf": 35922000,
      "capex": -94302000,
      "gross_margin": 0.3886235025201637,
      "op_margin": 0.1289898565222224,
      "fcf_margin": -0.07053075662902127,
      "incr_op_margin_yoy": 0.4874584194911445,
      "rev_growth_yoy": 0.056805646347442396,
      "rev_growth_yoy_accel": 0.031060924651062295,
      "op_leverage_ratio": 0.5062827401341256,
      "fcf_margin_change": -0.23615030698666034
    },
    {
      "date": "2022-06-30T00:00:00",
      "quarter_label": "2022-06 (Q2)",
      "revenue": 886962000,
      "gross_profit": 326032000,
      "operating_income": 114253000,
      "net_income": 43636000,
      "opex": 837979000,
      "cogs": 560930000,
      "rd": 95917000,
      "sga": 115862000,
      "fcf": 18984000,
      "ocf": 137325000,
      "capex": -118341000,
      "gross_margin": 0.3675828276746918,
      "op_margin": 0.12881386124771974,
      "fcf_margin": 0.021403397214311323,
      "incr_op_margin_yoy": 0.216057044429809,
      "rev_growth_yoy": 0.09771709616017703,
      "rev_growth_yoy_accel": 0.04091144981273463,
      "op_leverage_ratio": 0.7467821421164685,
      "fcf_margin_change": 0.09193415384333259
    },
    {
      "date": "2022-09-30T00:00:00",
      "quarter_label": "2022-09 (Q3)",
      "revenue": 1344570000,
      "gross_profit": 443574000,
      "operating_income": 42476000,
      "net_income": -38698000,
      "opex": 1395588000,
      "cogs": 900996000,
      "rd": 121084000,
      "sga": 280014000,
      "fcf": -59413000,
      "ocf": 79577000,
      "capex": -138990000,
      "gross_margin": 0.3299002655123943,
      "op_margin": 0.031590768795971946,
      "fcf_margin": -0.0441873610150457,
      "incr_op_margin_yoy": -0.09568320839225493,
      "rev_growth_yoy": 0.6910469104313738,
      "rev_growth_yoy_accel": 0.5933298142711968,
      "op_leverage_ratio": 0.7753395803981085,
      "fcf_margin_change": -0.06559075822935703
    },
    {
      "date": "2022-12-31T00:00:00",
      "quarter_label": "2022-12 (Q4)",
      "revenue": 1370285000,
      "gross_profit": 411188000,
      "operating_income": 8246000,
      "net_income": -45072000,
      "opex": 1436639000,
      "cogs": 959097000,
      "rd": 128791000,
      "sga": 274151000,
      "fcf": 113627000,
      "ocf": 220491000,
      "capex": -106864000,
      "gross_margin": 0.30007480195725705,
      "op_margin": 0.006017726239431943,
      "fcf_margin": 0.08292216582681705,
      "incr_op_margin_yoy": -0.1596831042156936,
      "rev_growth_yoy": 0.6983796861501774,
      "rev_growth_yoy_accel": 0.007332775718803641,
      "op_leverage_ratio": 0.6501844777701703,
      "fcf_margin_change": 0.12710952684186275
    },
    {
      "date": "2023-03-31T00:00:00",
      "quarter_label": "2023-03 (Q1)",
      "revenue": 1240194000,
      "gross_profit": 420156000,
      "operating_income": 67388000,
      "net_income": 2546000,
      "opex": 1244941000,
      "cogs": 820038000,
      "rd": 126382000,
      "sga": 226386000,
      "fcf": 55280000,
      "ocf": 152425000,
      "capex": -97145000,
      "gross_margin": 0.3387824808054224,
      "op_margin": 0.05433666023218948,
      "fcf_margin": 0.044573671538485106,
      "incr_op_margin_yoy": -0.09547361020195408,
      "rev_growth_yoy": 0.49831828000637896,
      "rev_growth_yoy_accel": -0.20006140614379847,
      "fcf_margin_change": -0.038348494288331945
    },
    {
      "date": "2023-06-30T00:00:00",
      "quarter_label": "2023-06 (Q2)",
      "revenue": 1205051000,
      "gross_profit": 343365000,
      "operating_income": -155230000,
      "net_income": -178234000,
      "opex": 1438490000,
      "cogs": 861686000,
      "rd": 123346000,
      "sga": 256148000,
      "fcf": 88471000,
      "ocf": 181532000,
      "capex": -93061000,
      "gross_margin": 0.2849381478460248,
      "op_margin": -0.12881612479471824,
      "fcf_margin": 0.07341680974498174,
      "incr_op_margin_yoy": -0.8471937099365272,
      "rev_growth_yoy": 0.3586275398495088,
      "rev_growth_yoy_accel": -0.13969074015687016,
      "fcf_margin_change": 0.028843138206496637
    },
    {
      "date": "2023-09-30T00:00:00",
      "quarter_label": "2023-09 (Q3)",
      "revenue": 1053083000,
      "gross_profit": 306895000,
      "operating_income": -21308000,
      "net_income": -67534000,
      "opex": 1141380000,
      "cogs": 746188000,
      "rd": 113488000,
      "sga": 211697000,
      "fcf": 136606000,
      "ocf": 198803000,
      "capex": -62197000,
      "gross_margin": 0.29142527227198617,
      "op_margin": -0.020233922682257714,
      "fcf_margin": 0.12972006954817428,
      "incr_op_margin_yoy": 0.21882279484162243,
      "rev_growth_yoy": -0.21678826688086153,
      "rev_growth_yoy_accel": -0.5754158067303703,
      "fcf_margin_change": 0.056303259803192535
    },
    {
      "date": "2023-12-31T00:00:00",
      "quarter_label": "2023-12 (Q4)",
      "revenue": 1131434000,
      "gross_profit": 350641000,
      "operating_income": 31885000,
      "net_income": -26991000,
      "opex": 1168841000,
      "cogs": 780793000,
      "rd": 111163000,
      "sga": 209163000,
      "fcf": -24302000,
      "ocf": 67168000,
      "capex": -91470000,
      "gross_margin": 0.309908487812811,
      "op_margin": 0.028181051656570335,
      "fcf_margin": -0.021478937348532925,
      "incr_op_margin_yoy": -0.09896965053527094,
      "rev_growth_yoy": -0.17430753456397757,
      "rev_growth_yoy_accel": 0.04248073231688396,
      "op_leverage_ratio": 3.0924013340116407,
      "fcf_margin_change": -0.1511990068967072
    },
    {
      "date": "2024-03-31T00:00:00",
      "quarter_label": "2024-03 (Q1)",
      "revenue": 1208809000,
      "gross_profit": 366487000,
      "operating_income": 22305000,
      "net_income": -13187000,
      "opex": 1240660000,
      "cogs": 842322000,
      "rd": 127485000,
      "sga": 205167000,
      "fcf": 24191000,
      "ocf": 117433000,
      "capex": -93242000,
      "gross_margin": 0.3031802377381373,
      "op_margin": 0.018452046601241386,
      "fcf_margin": 0.020012260001373253,
      "incr_op_margin_yoy": 1.43645053369444,
      "rev_growth_yoy": -0.025306524624373283,
      "rev_growth_yoy_accel": 0.1490010099396043,
      "op_leverage_ratio": 1.112980409726834,
      "fcf_margin_change": 0.04149119734990618
    },
    {
      "date": "2024-06-30T00:00:00",
      "quarter_label": "2024-06 (Q2)",
      "revenue": 1314362000,
      "gross_profit": 431941000,
      "operating_income": 63239000,
      "net_income": -48442000,
      "opex": 1304454000,
      "cogs": 882421000,
      "rd": 126652000,
      "sga": 227974000,
      "fcf": 62420000,
      "ocf": 162327000,
      "capex": -99907000,
      "gross_margin": 0.32863168594344633,
      "op_margin": 0.048113837740287685,
      "fcf_margin": 0.047490721734194996,
      "incr_op_margin_yoy": 1.9986003238466394,
      "rev_growth_yoy": 0.09071068361422048,
      "rev_growth_yoy_accel": 0.11601720823859377,
      "op_leverage_ratio": 1.6981882935800947,
      "fcf_margin_change": 0.027478461732821743
    },
    {
      "date": "2024-09-30T00:00:00",
      "quarter_label": "2024-09 (Q3)",
      "revenue": 1348135000,
      "gross_profit": 460132000,
      "operating_income": null,
      "net_income": 25887000,
      "opex": 1328832000,
      "cogs": 888003000,
      "rd": 131602000,
      "sga": 228968000,
      "fcf": 60996000,
      "ocf": 152980000,
      "capex": -91984000,
      "gross_margin": 0.3413100320071803,
      "op_margin": null,
      "fcf_margin": 0.04524472697467242,
      "rev_growth_yoy": 0.2801792451307257,
      "rev_growth_yoy_accel": 0.1894685615165052,
      "op_leverage_ratio": 1.3749450491838757,
      "fcf_margin_change": -0.002245994759522578
    },
    {
      "date": "2024-12-31T00:00:00",
      "quarter_label": "2024-12 (Q4)",
      "revenue": 1434665000,
      "gross_profit": 509351000,
      "operating_income": null,
      "net_income": 103385000,
      "opex": 1306261000,
      "cogs": 925314000,
      "rd": 143852000,
      "sga": 220612000,
      "fcf": 81696000,
      "ocf": 187379000,
      "capex": -105683000,
      "gross_margin": 0.35503131393042975,
      "op_margin": null,
      "fcf_margin": 0.05694430407098521,
      "rev_growth_yoy": 0.26800591108274985,
      "rev_growth_yoy_accel": -0.012173334047975826,
      "op_leverage_ratio": Infinity,
      "fcf_margin_change": 0.011699577096312794
    },
    {
      "date": "2025-03-31T00:00:00",
      "quarter_label": "2025-03 (Q1)",
      "revenue": 1497879000,
      "gross_profit": 527690000,
      "operating_income": null,
      "net_income": 15711000,
      "opex": 1487989000,
      "cogs": 970189000,
      "rd": 150731000,
      "sga": 231439000,
      "fcf": 51138000,
      "ocf": 162957000,
      "capex": -111819000,
      "gross_margin": 0.3522914734768296,
      "op_margin": null,
      "fcf_margin": 0.03414027434792797,
      "rev_growth_yoy": 0.23913620762254417,
      "rev_growth_yoy_accel": -0.028869703460205676,
      "op_leverage_ratio": 0.31671664068443606,
      "fcf_margin_change": -0.022804029723057243
    },
    {
      "date": "2025-06-30T00:00:00",
      "quarter_label": "2025-06 (Q2)",
      "revenue": 1529436000,
      "gross_profit": 546149000,
      "operating_income": null,
      "net_income": -95619000,
      "opex": 1592852000,
      "cogs": 983287000,
      "rd": 155739000,
      "sga": 245432000,
      "fcf": -1066000,
      "ocf": 130284000,
      "capex": -131350000,
      "gross_margin": 0.35709176454588487,
      "op_margin": null,
      "fcf_margin": -0.0006969889554057836,
      "rev_growth_yoy": 0.16363376299679996,
      "rev_growth_yoy_accel": -0.07550244462574421,
      "op_leverage_ratio": 0.2989485286357961,
      "fcf_margin_change": -0.034837263303333754
    },
    {
      "date": "2025-09-30T00:00:00",
      "quarter_label": "2025-09 (Q3)",
      "revenue": 1581378000,
      "gross_profit": 579200000,
      "operating_income": null,
      "net_income": 226349000,
      "opex": 1364492000,
      "cogs": 1002178000,
      "rd": 154877000,
      "sga": 252084000,
      "fcf": -57991000,
      "ocf": 45955000,
      "capex": -103946000,
      "gross_margin": 0.36626284164823336,
      "op_margin": null,
      "fcf_margin": -0.036671181716199416,
      "rev_growth_yoy": 0.17301160492087217,
      "rev_growth_yoy_accel": 0.009377841924072206,
      "op_leverage_ratio": Infinity,
      "fcf_margin_change": -0.03597419276079363
    }
  ],
  "signals": [
    {
      "quarter": "2025-06 (Q2)",
      "signal": "YoY REVENUE GROWTH DECELERATION",
      "detail": "YoY growth: +16.4% vs prior quarter YoY: +23.9% (decel: -7.6%)",
      "severity": "WARNING"
    },
    {
      "quarter": "2024-09 (Q3)",
      "signal": "YoY REVENUE GROWTH ACCELERATION",
      "detail": "YoY growth: +28.0% vs prior quarter YoY: +9.1% (accel: +18.9%)",
      "severity": "HIGH"
    },
    {
      "quarter": "2024-06 (Q2)",
      "signal": "OPERATING LEVERAGE",
      "detail": "Rev growth +8.7% vs OpEx growth +5.1% (leverage: 1.7x)",
      "severity": "MEDIUM"
    },
    {
      "quarter": "2024-06 (Q2)",
      "signal": "GROSS MARGIN INFLECTION",
      "detail": "GM: +31.0% -> +30.3% -> +32.9% (reversal +2.5%)",
      "severity": "MEDIUM"
    },
    {
      "quarter": "2024-06 (Q2)",
      "signal": "YoY REVENUE GROWTH ACCELERATION",
      "detail": "YoY growth: +9.1% vs prior quarter YoY: -2.5% (accel: +11.6%)",
      "severity": "MEDIUM"
    },
    {
      "quarter": "2024-06 (Q2)",
      "signal": "OP MARGIN TURNED POSITIVE (YoY)",
      "detail": "Op margin: -12.9% (year-ago) -> +4.8%",
      "severity": "HIGH"
    },
    {
      "quarter": "2024-03 (Q1)",
      "signal": "FCF TURNED POSITIVE",
      "detail": "FCF margin: -2.1% -> +2.0%",
      "severity": "HIGH"
    },
    {
      "quarter": "2024-03 (Q1)",
      "signal": "YoY REVENUE GROWTH ACCELERATION",
      "detail": "YoY growth: -2.5% vs prior quarter YoY: -17.4% (accel: +14.9%)",
      "severity": "MEDIUM"
    },
    {
      "quarter": "2024-03 (Q1)",
      "signal": "INCREMENTAL MARGIN (YoY)",
      "detail": "YoY Incr OPM: +143.6% vs year-ago OPM: +5.4%",
      "severity": "HIGH"
    },
    {
      "quarter": "2023-12 (Q4)",
      "signal": "OPERATING LEVERAGE",
      "detail": "Rev growth +7.4% vs OpEx growth +2.4% (leverage: 3.1x)",
      "severity": "MEDIUM"
    },
    {
      "quarter": "2023-12 (Q4)",
      "signal": "OP MARGIN TURNED POSITIVE (QoQ)",
      "detail": "Op margin: -2.0% -> +2.8%",
      "severity": "HIGH"
    },
    {
      "quarter": "2023-09 (Q3)",
      "signal": "FCF MARGIN EXPANSION",
      "detail": "FCF margin: +7.3% -> +13.0% (+5.6%)",
      "severity": "MEDIUM"
    },
    {
      "quarter": "2023-09 (Q3)",
      "signal": "YoY REVENUE GROWTH DECELERATION",
      "detail": "YoY growth: -21.7% vs prior quarter YoY: +35.9% (decel: -57.5%)",
      "severity": "WARNING"
    },
    {
      "quarter": "2023-06 (Q2)",
      "signal": "YoY REVENUE GROWTH DECELERATION",
      "detail": "YoY growth: +35.9% vs prior quarter YoY: +49.8% (decel: -14.0%)",
      "severity": "WARNING"
    },
    {
      "quarter": "2023-03 (Q1)",
      "signal": "GROSS MARGIN INFLECTION",
      "detail": "GM: +33.0% -> +30.0% -> +33.9% (reversal +3.9%)",
      "severity": "MEDIUM"
    },
    {
      "quarter": "2023-03 (Q1)",
      "signal": "YoY REVENUE GROWTH DECELERATION",
      "detail": "YoY growth: +49.8% vs prior quarter YoY: +69.8% (decel: -20.0%)",
      "severity": "WARNING"
    },
    {
      "quarter": "2022-12 (Q4)",
      "signal": "FCF TURNED POSITIVE",
      "detail": "FCF margin: -4.4% -> +8.3%",
      "severity": "HIGH"
    },
    {
      "quarter": "2022-09 (Q3)",
      "signal": "YoY REVENUE GROWTH ACCELERATION",
      "detail": "YoY growth: +69.1% vs prior quarter YoY: +9.8% (accel: +59.3%)",
      "severity": "HIGH"
    },
    {
      "quarter": "2022-06 (Q2)",
      "signal": "FCF TURNED POSITIVE",
      "detail": "FCF margin: -7.1% -> +2.1%",
      "severity": "HIGH"
    },
    {
      "quarter": "2022-03 (Q1)",
      "signal": "INCREMENTAL MARGIN (YoY)",
      "detail": "YoY Incr OPM: +48.7% vs year-ago OPM: +10.9%",
      "severity": "HIGH"
    },
    {
      "quarter": "2021-12 (Q4)",
      "signal": "FCF MARGIN EXPANSION",
      "detail": "FCF margin: +0.6% -> +16.6% (+16.0%)",
      "severity": "MEDIUM"
    }
  ],
  "data_quality": {
    "n_quarters": 20,
    "coverage": {
      "revenue": [
        20,
        20
      ],
      "gross_profit": [
        20,
        20
      ],
      "op_income": [
        15,
        20
      ],
      "fcf": [
        20,
        20
      ]
    },
    "gaps": [],
    "warnings": [
      "op_income: 15/20Q"
    ]
  },
  "market_cap": null,
  "source": "SEC EDGAR",
  "last_updated": "2026-02-02T20:07:25.121990",
  "sector": "Technology",
  "industry": "Scientific & Technical Instruments"
}