{
  "ticker": "COHU",
  "name": "COHU, INC.",
  "quarters": [
    {
      "date": "2020-12-26T00:00:00",
      "quarter_label": "2020-12 (Q4)",
      "revenue": 202355000,
      "gross_profit": 91241000,
      "operating_income": 18774000,
      "net_income": 14861000,
      "opex": 183581000,
      "cogs": 111114000,
      "rd": 22762000,
      "sga": 33584000,
      "fcf": 16759000,
      "ocf": 21860000,
      "capex": -5101000,
      "gross_margin": 0.4508957030960441,
      "op_margin": 0.09277754441451903,
      "fcf_margin": 0.08281979689160139
    },
    {
      "date": "2021-03-27T00:00:00",
      "quarter_label": "2021-03 (Q1)",
      "revenue": 225488000,
      "gross_profit": 102205000,
      "operating_income": 35730000,
      "net_income": 27607000,
      "opex": 189758000,
      "cogs": 123283000,
      "rd": 23152000,
      "sga": 32739000,
      "fcf": 3488000,
      "ocf": 6188000,
      "capex": -2700000,
      "gross_margin": 0.45326137089335133,
      "op_margin": 0.1584563258355212,
      "fcf_margin": 0.015468672390548499,
      "op_leverage_ratio": 3.3975679237589334,
      "fcf_margin_change": -0.06735112450105289
    },
    {
      "date": "2021-06-26T00:00:00",
      "quarter_label": "2021-06 (Q2)",
      "revenue": 244803000,
      "gross_profit": 104657000,
      "operating_income": 114517000,
      "net_income": 95096000,
      "opex": 130286000,
      "cogs": 140146000,
      "rd": 23423000,
      "sga": 32834000,
      "fcf": 26675000,
      "ocf": 29524000,
      "capex": -2849000,
      "gross_margin": 0.42751518567991403,
      "op_margin": 0.4677924698635229,
      "fcf_margin": 0.10896516791052398,
      "op_leverage_ratio": Infinity,
      "fcf_margin_change": 0.09349649551997548
    },
    {
      "date": "2021-09-25T00:00:00",
      "quarter_label": "2021-09 (Q3)",
      "revenue": 225063000,
      "gross_profit": 95705000,
      "operating_income": 33716000,
      "net_income": 23733000,
      "opex": 191347000,
      "cogs": 129358000,
      "rd": 22792000,
      "sga": 30377000,
      "fcf": 31016000,
      "ocf": 34391000,
      "capex": -3375000,
      "gross_margin": 0.42523648933854075,
      "op_margin": 0.14980694294486432,
      "fcf_margin": 0.13781030200432767,
      "fcf_margin_change": 0.028845134093803695
    },
    {
      "date": "2021-12-25T00:00:00",
      "quarter_label": "2021-12 (Q4)",
      "revenue": 191860000,
      "gross_profit": 84394000,
      "operating_income": 17555000,
      "net_income": 20889000,
      "opex": 174305000,
      "cogs": 107466000,
      "rd": 22596000,
      "sga": 31123000,
      "fcf": 24736000,
      "ocf": 27812000,
      "capex": -3076000,
      "gross_margin": 0.43987282393411864,
      "op_margin": 0.09149900969456895,
      "fcf_margin": 0.1289273428541645,
      "incr_op_margin_yoy": 0.11615054787994283,
      "rev_growth_yoy": -0.05186429789231796,
      "fcf_margin_change": -0.008882959150163183
    },
    {
      "date": "2022-03-26T00:00:00",
      "quarter_label": "2022-03 (Q1)",
      "revenue": 197757000,
      "gross_profit": 91156000,
      "operating_income": 27693000,
      "net_income": 21569000,
      "opex": 170064000,
      "cogs": 106601000,
      "rd": 23106000,
      "sga": 31246000,
      "fcf": -678000,
      "ocf": 1991000,
      "capex": -2669000,
      "gross_margin": 0.4609495491942131,
      "op_margin": 0.14003549811131843,
      "fcf_margin": -0.003428450067507092,
      "incr_op_margin_yoy": 0.2898200569759475,
      "rev_growth_yoy": -0.12298215426098062,
      "rev_growth_yoy_accel": -0.07111785636866266,
      "op_leverage_ratio": Infinity,
      "fcf_margin_change": -0.13235579292167157
    },
    {
      "date": "2022-06-25T00:00:00",
      "quarter_label": "2022-06 (Q2)",
      "revenue": 217226000,
      "gross_profit": 100953000,
      "operating_income": 36914000,
      "net_income": 28768000,
      "opex": 180312000,
      "cogs": 116273000,
      "rd": 23160000,
      "sga": 32531000,
      "fcf": 40753000,
      "ocf": 43808000,
      "capex": -3055000,
      "gross_margin": 0.4647371861563533,
      "op_margin": 0.1699336175227643,
      "fcf_margin": 0.1876064559491037,
      "incr_op_margin_yoy": 2.814047938499474,
      "rev_growth_yoy": -0.11264976327904479,
      "rev_growth_yoy_accel": 0.010332390981935835,
      "op_leverage_ratio": 1.6337479398195494,
      "fcf_margin_change": 0.19103490601661077
    },
    {
      "date": "2022-09-24T00:00:00",
      "quarter_label": "2022-09 (Q3)",
      "revenue": 206687000,
      "gross_profit": 98066000,
      "operating_income": 33707000,
      "net_income": 24882000,
      "opex": 172980000,
      "cogs": 108621000,
      "rd": 23372000,
      "sga": 32764000,
      "fcf": 34520000,
      "ocf": 39496000,
      "capex": -4976000,
      "gross_margin": 0.47446622187171905,
      "op_margin": 0.16308234189861964,
      "fcf_margin": 0.1670158258622942,
      "incr_op_margin_yoy": 0.0004897692642577275,
      "rev_growth_yoy": -0.08164824960122277,
      "rev_growth_yoy_accel": 0.031001513677822015,
      "fcf_margin_change": -0.020590630086809503
    },
    {
      "date": "2022-12-31T00:00:00",
      "quarter_label": "2022-12 (Q4)",
      "revenue": 191105000,
      "gross_profit": 93151000,
      "operating_income": 27243000,
      "net_income": 21628000,
      "opex": 163862000,
      "cogs": 97954000,
      "rd": 22951000,
      "sga": 34849000,
      "fcf": 23496000,
      "ocf": 27566000,
      "capex": -4070000,
      "gross_margin": 0.4874336097956621,
      "op_margin": 0.14255513984458806,
      "fcf_margin": 0.12294811752701394,
      "rev_growth_yoy": -0.00393516105493589,
      "rev_growth_yoy_accel": 0.07771308854628688,
      "fcf_margin_change": -0.044067708335280245
    },
    {
      "date": "2023-04-01T00:00:00",
      "quarter_label": "2023-04 (Q2)",
      "revenue": 179371000,
      "gross_profit": 86218000,
      "operating_income": 19877000,
      "net_income": 15685000,
      "opex": 159494000,
      "cogs": 93153000,
      "rd": 22510000,
      "sga": 34189000,
      "fcf": 11410000,
      "ocf": 16485000,
      "capex": -5075000,
      "gross_margin": 0.48066855846262774,
      "op_margin": 0.11081501469022306,
      "fcf_margin": 0.06361117460459048,
      "incr_op_margin_yoy": 0.42510605895790277,
      "rev_growth_yoy": -0.09297268870381327,
      "rev_growth_yoy_accel": -0.08903752764887737,
      "fcf_margin_change": -0.05933694292242346
    },
    {
      "date": "2023-07-01T00:00:00",
      "quarter_label": "2023-07 (Q3)",
      "revenue": 168921000,
      "gross_profit": 80345000,
      "operating_income": 15659000,
      "net_income": 10584000,
      "opex": 153262000,
      "cogs": 88576000,
      "rd": 22466000,
      "sga": 32798000,
      "fcf": 50080000,
      "ocf": 53145000,
      "capex": -3065000,
      "gross_margin": 0.47563654015782525,
      "op_margin": 0.09270013793430065,
      "fcf_margin": 0.2964699474902469,
      "incr_op_margin_yoy": 0.4400165614325639,
      "rev_growth_yoy": -0.222372091738558,
      "rev_growth_yoy_accel": -0.12939940303474473,
      "fcf_margin_change": 0.23285877288565643
    },
    {
      "date": "2023-09-30T00:00:00",
      "quarter_label": "2023-09 (Q3)",
      "revenue": 150804000,
      "gross_profit": 70895000,
      "operating_income": 7402000,
      "net_income": 3915000,
      "opex": 143402000,
      "cogs": 79909000,
      "rd": 21478000,
      "sga": 32416000,
      "fcf": 25131000,
      "ocf": 29139000,
      "capex": -4008000,
      "gross_margin": 0.4701135248401899,
      "op_margin": 0.04908357868491552,
      "fcf_margin": 0.16664677329513805,
      "incr_op_margin_yoy": 0.4707156022403951,
      "rev_growth_yoy": -0.27037501149080495,
      "rev_growth_yoy_accel": -0.048002919752246964,
      "fcf_margin_change": -0.12982317419510886
    },
    {
      "date": "2023-12-30T00:00:00",
      "quarter_label": "2023-12 (Q4)",
      "revenue": 137226000,
      "gross_profit": 65410000,
      "operating_income": 334000,
      "net_income": -2028000,
      "opex": 136892000,
      "cogs": 71816000,
      "rd": 22117000,
      "sga": 32846000,
      "fcf": -1204000,
      "ocf": 2701000,
      "capex": -3905000,
      "gross_margin": 0.4766589421829682,
      "op_margin": 0.0024339410898809263,
      "fcf_margin": -0.008773847521606693,
      "incr_op_margin_yoy": 0.49943391673936044,
      "rev_growth_yoy": -0.2819340153318856,
      "rev_growth_yoy_accel": -0.011559003841080662,
      "fcf_margin_change": -0.17542062081674475
    },
    {
      "date": "2024-03-30T00:00:00",
      "quarter_label": "2024-03 (Q1)",
      "revenue": 107614000,
      "gross_profit": 49249000,
      "operating_income": -17973000,
      "net_income": -14635000,
      "opex": 125587000,
      "cogs": 58365000,
      "rd": 22336000,
      "sga": 35082000,
      "fcf": -17291000,
      "ocf": -13964000,
      "capex": -3327000,
      "gross_margin": 0.4576449160889847,
      "op_margin": -0.1670135855929526,
      "fcf_margin": -0.16067612020740796,
      "incr_op_margin_yoy": 0.5274746714606241,
      "rev_growth_yoy": -0.400047945320035,
      "rev_growth_yoy_accel": -0.1181139299881494,
      "fcf_margin_change": -0.15190227268580125
    },
    {
      "date": "2024-06-29T00:00:00",
      "quarter_label": "2024-06 (Q2)",
      "revenue": 104701000,
      "gross_profit": 46922000,
      "operating_income": -16299000,
      "net_income": -15769000,
      "opex": 121000000,
      "cogs": 57779000,
      "rd": 21342000,
      "sga": 32118000,
      "fcf": -919000,
      "ocf": 1096000,
      "capex": -2015000,
      "gross_margin": 0.4481523576661159,
      "op_margin": -0.15567186559822732,
      "fcf_margin": -0.008777375574254304,
      "incr_op_margin_yoy": 0.4976331360946746,
      "rev_growth_yoy": -0.3801777162105363,
      "rev_growth_yoy_accel": 0.019870229109498705,
      "fcf_margin_change": 0.15189874463315364
    },
    {
      "date": "2024-09-28T00:00:00",
      "quarter_label": "2024-09 (Q3)",
      "revenue": 95342000,
      "gross_profit": 44657000,
      "operating_income": -15769000,
      "net_income": -18056000,
      "opex": 111111000,
      "cogs": 50685000,
      "rd": 20324000,
      "sga": 30297000,
      "fcf": 15111000,
      "ocf": 17363000,
      "capex": -2252000,
      "gross_margin": 0.46838748924922907,
      "op_margin": -0.16539405508590127,
      "fcf_margin": 0.15849258459021207,
      "incr_op_margin_yoy": 0.4177815441202986,
      "rev_growth_yoy": -0.36777539057319436,
      "rev_growth_yoy_accel": 0.012402325637341949,
      "fcf_margin_change": 0.16726996016446638
    },
    {
      "date": "2024-12-28T00:00:00",
      "quarter_label": "2024-12 (Q4)",
      "revenue": 94122000,
      "gross_profit": 39466000,
      "operating_income": -21627000,
      "net_income": -21358000,
      "opex": 115749000,
      "cogs": 54656000,
      "rd": 20795000,
      "sga": 30540000,
      "fcf": -4757000,
      "ocf": -1717000,
      "capex": -3040000,
      "gross_margin": 0.4193068570578611,
      "op_margin": -0.229776247848537,
      "fcf_margin": -0.05054078748857865,
      "incr_op_margin_yoy": 0.5094886785449146,
      "rev_growth_yoy": -0.3141095710725373,
      "rev_growth_yoy_accel": 0.053665819500657075,
      "fcf_margin_change": -0.20903337207879072
    },
    {
      "date": "2025-03-29T00:00:00",
      "quarter_label": "2025-03 (Q1)",
      "revenue": 96797000,
      "gross_profit": 42317000,
      "operating_income": -27326000,
      "net_income": -30804000,
      "opex": 124123000,
      "cogs": 54480000,
      "rd": 23152000,
      "sga": 30011000,
      "fcf": -21146000,
      "ocf": -10182000,
      "capex": -10964000,
      "gross_margin": 0.43717263964792297,
      "op_margin": -0.2823021374629379,
      "fcf_margin": -0.21845718359040053,
      "incr_op_margin_yoy": 0.8646574835906443,
      "rev_growth_yoy": -0.10051666140093296,
      "rev_growth_yoy_accel": 0.21359290967160433,
      "op_leverage_ratio": 0.39284111093800295,
      "fcf_margin_change": -0.16791639610182188
    },
    {
      "date": "2025-06-28T00:00:00",
      "quarter_label": "2025-06 (Q2)",
      "revenue": 107680000,
      "gross_profit": 47109000,
      "operating_income": -17236000,
      "net_income": -16880000,
      "opex": 124916000,
      "cogs": 60571000,
      "rd": 23188000,
      "sga": 29866000,
      "fcf": 13388000,
      "ocf": 16047000,
      "capex": -2659000,
      "gross_margin": 0.4374907132243685,
      "op_margin": -0.1600668647845468,
      "fcf_margin": 0.12433135215453195,
      "incr_op_margin_yoy": -0.31453507888553206,
      "rev_growth_yoy": 0.028452450310885283,
      "rev_growth_yoy_accel": 0.12896911171181824,
      "op_leverage_ratio": 17.59810108702289,
      "fcf_margin_change": 0.3427885357449325
    },
    {
      "date": "2025-09-27T00:00:00",
      "quarter_label": "2025-09 (Q3)",
      "revenue": 126249000,
      "gross_profit": 55264000,
      "operating_income": -9716000,
      "net_income": -4101000,
      "opex": 135965000,
      "cogs": 70985000,
      "rd": 22454000,
      "sga": 31768000,
      "fcf": -17969000,
      "ocf": -14009000,
      "capex": -3960000,
      "gross_margin": 0.43773812069798573,
      "op_margin": -0.07695902541802312,
      "fcf_margin": -0.1423298402363583,
      "incr_op_margin_yoy": 0.1958456013200893,
      "rev_growth_yoy": 0.3241698307146903,
      "rev_growth_yoy_accel": 0.295717380403805,
      "op_leverage_ratio": 1.9496136855990815,
      "fcf_margin_change": -0.26666119239089026
    }
  ],
  "signals": [
    {
      "quarter": "2025-09 (Q3)",
      "signal": "OPERATING LEVERAGE",
      "detail": "Rev growth +17.2% vs OpEx growth +8.8% (leverage: 1.9x)",
      "severity": "MEDIUM"
    },
    {
      "quarter": "2025-09 (Q3)",
      "signal": "YoY REVENUE GROWTH ACCELERATION",
      "detail": "YoY growth: +32.4% vs prior quarter YoY: +2.8% (accel: +29.6%)",
      "severity": "HIGH"
    },
    {
      "quarter": "2025-06 (Q2)",
      "signal": "FCF TURNED POSITIVE",
      "detail": "FCF margin: -21.8% -> +12.4%",
      "severity": "HIGH"
    },
    {
      "quarter": "2025-06 (Q2)",
      "signal": "OPERATING LEVERAGE",
      "detail": "Rev growth +11.2% vs OpEx growth +0.6% (leverage: 17.6x)",
      "severity": "MEDIUM"
    },
    {
      "quarter": "2025-06 (Q2)",
      "signal": "YoY REVENUE GROWTH ACCELERATION",
      "detail": "YoY growth: +2.8% vs prior quarter YoY: -10.1% (accel: +12.9%)",
      "severity": "MEDIUM"
    },
    {
      "quarter": "2025-03 (Q1)",
      "signal": "YoY REVENUE GROWTH ACCELERATION",
      "detail": "YoY growth: -10.1% vs prior quarter YoY: -31.4% (accel: +21.4%)",
      "severity": "HIGH"
    },
    {
      "quarter": "2024-12 (Q4)",
      "signal": "YoY REVENUE GROWTH ACCELERATION",
      "detail": "YoY growth: -31.4% vs prior quarter YoY: -36.8% (accel: +5.4%)",
      "severity": "MEDIUM"
    },
    {
      "quarter": "2024-09 (Q3)",
      "signal": "FCF TURNED POSITIVE",
      "detail": "FCF margin: -0.9% -> +15.8%",
      "severity": "HIGH"
    },
    {
      "quarter": "2024-09 (Q3)",
      "signal": "GROSS MARGIN INFLECTION",
      "detail": "GM: +45.8% -> +44.8% -> +46.8% (reversal +2.0%)",
      "severity": "MEDIUM"
    },
    {
      "quarter": "2024-06 (Q2)",
      "signal": "FCF MARGIN EXPANSION",
      "detail": "FCF margin: -16.1% -> -0.9% (+15.2%)",
      "severity": "MEDIUM"
    },
    {
      "quarter": "2024-03 (Q1)",
      "signal": "YoY REVENUE GROWTH DECELERATION",
      "detail": "YoY growth: -40.0% vs prior quarter YoY: -28.2% (decel: -11.8%)",
      "severity": "WARNING"
    },
    {
      "quarter": "2023-12 (Q4)",
      "signal": "INCREMENTAL MARGIN (YoY)",
      "detail": "YoY Incr OPM: +49.9% vs year-ago OPM: +14.3%",
      "severity": "HIGH"
    },
    {
      "quarter": "2023-09 (Q3)",
      "signal": "INCREMENTAL MARGIN (YoY)",
      "detail": "YoY Incr OPM: +47.1% vs year-ago OPM: +16.3%",
      "severity": "HIGH"
    },
    {
      "quarter": "2023-07 (Q3)",
      "signal": "FCF MARGIN EXPANSION",
      "detail": "FCF margin: +6.4% -> +29.6% (+23.3%)",
      "severity": "MEDIUM"
    },
    {
      "quarter": "2023-07 (Q3)",
      "signal": "YoY REVENUE GROWTH DECELERATION",
      "detail": "YoY growth: -22.2% vs prior quarter YoY: -9.3% (decel: -12.9%)",
      "severity": "WARNING"
    },
    {
      "quarter": "2023-07 (Q3)",
      "signal": "INCREMENTAL MARGIN (YoY)",
      "detail": "YoY Incr OPM: +44.0% vs year-ago OPM: +17.0%",
      "severity": "HIGH"
    },
    {
      "quarter": "2023-04 (Q2)",
      "signal": "YoY REVENUE GROWTH DECELERATION",
      "detail": "YoY growth: -9.3% vs prior quarter YoY: -0.4% (decel: -8.9%)",
      "severity": "WARNING"
    },
    {
      "quarter": "2023-04 (Q2)",
      "signal": "INCREMENTAL MARGIN (YoY)",
      "detail": "YoY Incr OPM: +42.5% vs year-ago OPM: +14.0%",
      "severity": "HIGH"
    },
    {
      "quarter": "2022-12 (Q4)",
      "signal": "YoY REVENUE GROWTH ACCELERATION",
      "detail": "YoY growth: -0.4% vs prior quarter YoY: -8.2% (accel: +7.8%)",
      "severity": "MEDIUM"
    },
    {
      "quarter": "2022-06 (Q2)",
      "signal": "FCF TURNED POSITIVE",
      "detail": "FCF margin: -0.3% -> +18.8%",
      "severity": "HIGH"
    },
    {
      "quarter": "2022-06 (Q2)",
      "signal": "OPERATING LEVERAGE",
      "detail": "Rev growth +9.8% vs OpEx growth +6.0% (leverage: 1.6x)",
      "severity": "MEDIUM"
    },
    {
      "quarter": "2022-06 (Q2)",
      "signal": "INCREMENTAL MARGIN (YoY)",
      "detail": "YoY Incr OPM: +281.4% vs year-ago OPM: +46.8%",
      "severity": "HIGH"
    },
    {
      "quarter": "2022-03 (Q1)",
      "signal": "YoY REVENUE GROWTH DECELERATION",
      "detail": "YoY growth: -12.3% vs prior quarter YoY: -5.2% (decel: -7.1%)",
      "severity": "WARNING"
    },
    {
      "quarter": "2022-03 (Q1)",
      "signal": "INCREMENTAL MARGIN (YoY)",
      "detail": "YoY Incr OPM: +29.0% vs year-ago OPM: +15.8%",
      "severity": "MEDIUM"
    },
    {
      "quarter": "2021-06 (Q2)",
      "signal": "FCF MARGIN EXPANSION",
      "detail": "FCF margin: +1.5% -> +10.9% (+9.3%)",
      "severity": "MEDIUM"
    },
    {
      "quarter": "2021-03 (Q1)",
      "signal": "OPERATING LEVERAGE",
      "detail": "Rev growth +11.4% vs OpEx growth +3.4% (leverage: 3.4x)",
      "severity": "MEDIUM"
    }
  ],
  "data_quality": {
    "n_quarters": 20,
    "coverage": {
      "revenue": [
        20,
        20
      ],
      "gross_profit": [
        20,
        20
      ],
      "op_income": [
        20,
        20
      ],
      "fcf": [
        20,
        20
      ]
    },
    "gaps": [],
    "warnings": []
  },
  "market_cap": null,
  "source": "SEC EDGAR",
  "last_updated": "2026-02-02T21:52:24.886511"
}