{
  "ticker": "COKE",
  "name": "COCA-COLA CONSOLIDATED, INC.",
  "sector": "Consumer Defensive",
  "industry": "Beverages - Non-Alcoholic",
  "quarters": [
    {
      "date": "2021-04-02T00:00:00",
      "quarter_label": "2021-04 (Q2)",
      "revenue": 1269857000,
      "gross_profit": 448703000,
      "operating_income": 94184000,
      "net_income": 53363000,
      "opex": 354519000,
      "cogs": 821154000,
      "rd": null,
      "sga": 354519000,
      "fcf": 44706000,
      "ocf": 81910000,
      "capex": -37204000,
      "gross_margin": 0.35334923538634666,
      "op_margin": 0.074168981231745,
      "fcf_margin": 0.03520553889138698
    },
    {
      "date": "2021-07-02T00:00:00",
      "quarter_label": "2021-07 (Q3)",
      "revenue": 1433086000,
      "gross_profit": 494940000,
      "operating_income": 120861000,
      "net_income": 48180000,
      "opex": 374079000,
      "cogs": 938146000,
      "rd": null,
      "sga": 374079000,
      "fcf": 146371000,
      "ocf": 189475000,
      "capex": -43104000,
      "gross_margin": 0.3453665725574041,
      "op_margin": 0.08433618080143132,
      "fcf_margin": 0.10213692688366226,
      "op_leverage_ratio": 2.329770639335454,
      "fcf_margin_change": 0.06693138799227527
    },
    {
      "date": "2021-10-01T00:00:00",
      "quarter_label": "2021-10 (Q4)",
      "revenue": 1457432000,
      "gross_profit": 517712000,
      "operating_income": 137031000,
      "net_income": 68930000,
      "opex": 380681000,
      "cogs": 939720000,
      "rd": null,
      "sga": 380681000,
      "fcf": 129178000,
      "ocf": 168490000,
      "capex": -39312000,
      "gross_margin": 0.35522206181832156,
      "op_margin": 0.0940222253937062,
      "fcf_margin": 0.08863398086497346,
      "op_leverage_ratio": 0.9625940499380359,
      "fcf_margin_change": -0.013502946018688802
    },
    {
      "date": "2021-12-31T00:00:00",
      "quarter_label": "2021-12 (Q4)",
      "revenue": 1402339000,
      "gross_profit": 492832000,
      "operating_income": 87095000,
      "net_income": 19107000,
      "opex": 405737000,
      "cogs": 909507000,
      "rd": null,
      "sga": 405737000,
      "fcf": 45807000,
      "ocf": 81880000,
      "capex": -36073000,
      "gross_margin": 0.3514357084841825,
      "op_margin": 0.06210695131491031,
      "fcf_margin": 0.032664712312786,
      "fcf_margin_change": -0.05596926855218746
    },
    {
      "date": "2022-04-01T00:00:00",
      "quarter_label": "2022-04 (Q2)",
      "revenue": 1404358000,
      "gross_profit": 507576000,
      "operating_income": 130985000,
      "net_income": 93390000,
      "opex": 376591000,
      "cogs": 896782000,
      "rd": null,
      "sga": 376591000,
      "fcf": 26528000,
      "ocf": 130881000,
      "capex": -104353000,
      "gross_margin": 0.36142920822183516,
      "op_margin": 0.0932703769266811,
      "fcf_margin": 0.018889770272252516,
      "incr_op_margin_yoy": 0.2736113486145084,
      "rev_growth_yoy": 0.10591822543798239,
      "fcf_margin_change": -0.013774942040533481
    },
    {
      "date": "2022-07-01T00:00:00",
      "quarter_label": "2022-07 (Q3)",
      "revenue": 1595215000,
      "gross_profit": 550659000,
      "operating_income": 147293000,
      "net_income": 99562000,
      "opex": 403366000,
      "cogs": 1044556000,
      "rd": null,
      "sga": 403366000,
      "fcf": 71825000,
      "ocf": 112654000,
      "capex": -40829000,
      "gross_margin": 0.3451942214685795,
      "op_margin": 0.09233426215275058,
      "fcf_margin": 0.04502527872418451,
      "incr_op_margin_yoy": 0.16303067310598351,
      "rev_growth_yoy": 0.11313277779561032,
      "rev_growth_yoy_accel": 0.007214552357627926,
      "op_leverage_ratio": 1.9114842227637432,
      "fcf_margin_change": 0.026135508451931997
    },
    {
      "date": "2022-09-30T00:00:00",
      "quarter_label": "2022-09 (Q3)",
      "revenue": 1628589000,
      "gross_profit": 621107000,
      "operating_income": 189930000,
      "net_income": 118761000,
      "opex": 431177000,
      "cogs": 1007482000,
      "rd": null,
      "sga": 431177000,
      "fcf": 112027000,
      "ocf": 150774000,
      "capex": -38747000,
      "gross_margin": 0.3813773763669041,
      "op_margin": 0.1166224259159309,
      "fcf_margin": 0.06878776658813243,
      "incr_op_margin_yoy": 0.30906711381947566,
      "rev_growth_yoy": 0.11743738301340989,
      "rev_growth_yoy_accel": 0.004304605217799573,
      "op_leverage_ratio": 0.30343922484651664,
      "fcf_margin_change": 0.02376248786394792
    },
    {
      "date": "2022-12-31T00:00:00",
      "quarter_label": "2022-12 (Q4)",
      "revenue": 1572795000,
      "gross_profit": 598612000,
      "operating_income": 172839000,
      "net_income": 118445000,
      "opex": 425773000,
      "cogs": 974183000,
      "rd": null,
      "sga": 425773000,
      "fcf": 45515000,
      "ocf": 160197000,
      "capex": -114682000,
      "gross_margin": 0.3806039566504217,
      "op_margin": 0.10989289767579373,
      "fcf_margin": 0.02893892719648778,
      "incr_op_margin_yoy": 0.5030271741681137,
      "rev_growth_yoy": 0.12155120837400943,
      "rev_growth_yoy_accel": 0.004113825360599538,
      "fcf_margin_change": -0.03984883939164465
    },
    {
      "date": "2023-03-31T00:00:00",
      "quarter_label": "2023-03 (Q1)",
      "revenue": 1571642000,
      "gross_profit": 624106000,
      "operating_income": 206054000,
      "net_income": 118127000,
      "opex": 418052000,
      "cogs": 947536000,
      "rd": null,
      "sga": 418052000,
      "fcf": 131994000,
      "ocf": 184694000,
      "capex": -52700000,
      "gross_margin": 0.3971044296347387,
      "op_margin": 0.13110746594962466,
      "fcf_margin": 0.08398477515871935,
      "incr_op_margin_yoy": 0.44875182324669427,
      "rev_growth_yoy": 0.11911777481240539,
      "rev_growth_yoy_accel": -0.00243343356160404,
      "fcf_margin_change": 0.055045847962231574
    },
    {
      "date": "2023-06-30T00:00:00",
      "quarter_label": "2023-06 (Q2)",
      "revenue": 1738832000,
      "gross_profit": 671577000,
      "operating_income": 233670000,
      "net_income": 122319000,
      "opex": 437907000,
      "cogs": 1067255000,
      "rd": null,
      "sga": 437907000,
      "fcf": 158451000,
      "ocf": 198644000,
      "capex": -40193000,
      "gross_margin": 0.3862230508755302,
      "op_margin": 0.1343833101760262,
      "fcf_margin": 0.09112496204348666,
      "incr_op_margin_yoy": 0.6014399409540653,
      "rev_growth_yoy": 0.09002987058170842,
      "rev_growth_yoy_accel": -0.029087904230696973,
      "op_leverage_ratio": 2.239840461269918,
      "fcf_margin_change": 0.007140186884767308
    },
    {
      "date": "2023-09-29T00:00:00",
      "quarter_label": "2023-09 (Q3)",
      "revenue": 1712428000,
      "gross_profit": 661550000,
      "operating_income": 216260000,
      "net_income": 92093000,
      "opex": 445290000,
      "cogs": 1050878000,
      "rd": null,
      "sga": 445290000,
      "fcf": 201844000,
      "ocf": 261211000,
      "capex": -59367000,
      "gross_margin": 0.3863228118204094,
      "op_margin": 0.12628852132761204,
      "fcf_margin": 0.11787006519398188,
      "incr_op_margin_yoy": 0.31405431839597325,
      "rev_growth_yoy": 0.051479532282239414,
      "rev_growth_yoy_accel": -0.038550338299469,
      "fcf_margin_change": 0.02674510315049522
    },
    {
      "date": "2023-12-31T00:00:00",
      "quarter_label": "2023-12 (Q4)",
      "revenue": 1630956000,
      "gross_profit": 641478000,
      "operating_income": 178467000,
      "net_income": 75836000,
      "opex": 463011000,
      "cogs": 989478000,
      "rd": null,
      "sga": 463011000,
      "fcf": 36097000,
      "ocf": 166141000,
      "capex": -130044000,
      "gross_margin": 0.3933141053468027,
      "op_margin": 0.10942477908662158,
      "fcf_margin": 0.022132418041933687,
      "incr_op_margin_yoy": 0.09676587403930469,
      "rev_growth_yoy": 0.036979390193890495,
      "rev_growth_yoy_accel": -0.014500142088348919,
      "fcf_margin_change": -0.09573764715204819
    },
    {
      "date": "2024-03-29T00:00:00",
      "quarter_label": "2024-03 (Q1)",
      "revenue": 1591626000,
      "gross_profit": 640559000,
      "operating_income": 215406000,
      "net_income": 165741000,
      "opex": 425153000,
      "cogs": 951067000,
      "rd": null,
      "sga": 425153000,
      "fcf": 117233000,
      "ocf": 194273000,
      "capex": -77040000,
      "gross_margin": 0.4024557276646649,
      "op_margin": 0.135337070392165,
      "fcf_margin": 0.07365612273235043,
      "incr_op_margin_yoy": 0.4679743795036029,
      "rev_growth_yoy": 0.012715363931480579,
      "rev_growth_yoy_accel": -0.024264026262409914,
      "fcf_margin_change": 0.05152370469041675
    },
    {
      "date": "2024-06-28T00:00:00",
      "quarter_label": "2024-06 (Q2)",
      "revenue": 1795943000,
      "gross_profit": 716710000,
      "operating_income": 259140000,
      "net_income": 172812000,
      "opex": 457570000,
      "cogs": 1079233000,
      "rd": null,
      "sga": 457570000,
      "fcf": 160498000,
      "ocf": 242858000,
      "capex": -82360000,
      "gross_margin": 0.3990716854599506,
      "op_margin": 0.1442918845419927,
      "fcf_margin": 0.08936697879609765,
      "incr_op_margin_yoy": 0.44597363029889164,
      "rev_growth_yoy": 0.03284446110952639,
      "rev_growth_yoy_accel": 0.020129097178045813,
      "op_leverage_ratio": 1.6835883239641354,
      "fcf_margin_change": 0.01571085606374721
    },
    {
      "date": "2024-09-27T00:00:00",
      "quarter_label": "2024-09 (Q3)",
      "revenue": 1765652000,
      "gross_profit": 698036000,
      "operating_income": 227055000,
      "net_income": 115624000,
      "opex": 470981000,
      "cogs": 1067616000,
      "rd": null,
      "sga": 470981000,
      "fcf": 142829000,
      "ocf": 270762000,
      "capex": -127933000,
      "gross_margin": 0.3953417774283947,
      "op_margin": 0.12859555563610497,
      "fcf_margin": 0.08089306386535965,
      "incr_op_margin_yoy": 0.20282203517210282,
      "rev_growth_yoy": 0.031081014793030715,
      "rev_growth_yoy_accel": -0.0017634463164956787,
      "fcf_margin_change": -0.008473914930738
    },
    {
      "date": "2024-12-31T00:00:00",
      "quarter_label": "2024-12 (Q4)",
      "revenue": 1746495000,
      "gross_profit": 697874000,
      "operating_income": 218749000,
      "net_income": 178948000,
      "opex": 479125000,
      "cogs": 1048621000,
      "rd": null,
      "sga": 479125000,
      "fcf": 84782000,
      "ocf": 168464000,
      "capex": -83682000,
      "gross_margin": 0.3995854554407542,
      "op_margin": 0.12525028700339824,
      "fcf_margin": 0.048544084008256536,
      "incr_op_margin_yoy": 0.3486441807528194,
      "rev_growth_yoy": 0.07084127346169976,
      "rev_growth_yoy_accel": 0.03976025866866904,
      "fcf_margin_change": -0.03234897985710311
    },
    {
      "date": "2025-03-28T00:00:00",
      "quarter_label": "2025-03 (Q1)",
      "revenue": 1579977000,
      "gross_profit": 627104000,
      "operating_income": 189820000,
      "net_income": 103611000,
      "opex": 437284000,
      "cogs": 952873000,
      "rd": null,
      "sga": 437284000,
      "fcf": 100305000,
      "ocf": 198171000,
      "capex": -97866000,
      "gross_margin": 0.39690704358354584,
      "op_margin": 0.12014098939414941,
      "fcf_margin": 0.06348510136539963,
      "incr_op_margin_yoy": 2.1964117091595847,
      "rev_growth_yoy": -0.007318930452254487,
      "rev_growth_yoy_accel": -0.07816020391395424,
      "fcf_margin_change": 0.014941017357143094
    },
    {
      "date": "2025-06-27T00:00:00",
      "quarter_label": "2025-06 (Q2)",
      "revenue": 1855519000,
      "gross_profit": 742496000,
      "operating_income": 272084000,
      "net_income": 187387000,
      "opex": 470412000,
      "cogs": 1113023000,
      "rd": null,
      "sga": 470412000,
      "fcf": 148533000,
      "ocf": 208050000,
      "capex": -59517000,
      "gross_margin": 0.40015542821172945,
      "op_margin": 0.14663498460538535,
      "fcf_margin": 0.08004930157007285,
      "incr_op_margin_yoy": 0.21726869880488786,
      "rev_growth_yoy": 0.03317254500838835,
      "rev_growth_yoy_accel": 0.040491475460642835,
      "op_leverage_ratio": 2.3020004860980037,
      "fcf_margin_change": 0.016564200204673224
    },
    {
      "date": "2025-09-26T00:00:00",
      "quarter_label": "2025-09 (Q3)",
      "revenue": 1888317000,
      "gross_profit": 748516000,
      "operating_income": 246634000,
      "net_income": 142334000,
      "opex": 501882000,
      "cogs": 1139801000,
      "rd": null,
      "sga": 501882000,
      "fcf": 264081000,
      "ocf": 316692000,
      "capex": -52611000,
      "gross_margin": 0.39639319033827475,
      "op_margin": 0.13061048542167444,
      "fcf_margin": 0.1398499298581753,
      "incr_op_margin_yoy": 0.15961358170627318,
      "rev_growth_yoy": 0.06947291991853434,
      "rev_growth_yoy_accel": 0.03630037491014599,
      "op_leverage_ratio": 0.26421873242455907,
      "fcf_margin_change": 0.05980062828810244
    },
    {
      "date": "2025-12-31T00:00:00",
      "quarter_label": "2025-12 (Q4)",
      "revenue": 1904242000,
      "gross_profit": 754246000,
      "operating_income": 242118000,
      "net_income": 137250000,
      "opex": 512128000,
      "cogs": 1149996000,
      "rd": null,
      "sga": 512128000,
      "fcf": 106670000,
      "ocf": 208991000,
      "capex": -102321000,
      "gross_margin": 0.39608726201816785,
      "op_margin": 0.12714665467939473,
      "fcf_margin": 0.056017039851027337,
      "incr_op_margin_yoy": 0.14814227845854439,
      "rev_growth_yoy": 0.0903220450101489,
      "rev_growth_yoy_accel": 0.02084912509161456,
      "fcf_margin_change": -0.08383289000714796
    }
  ],
  "signals": [
    {
      "quarter": "2025-09 (Q3)",
      "signal": "FCF MARGIN EXPANSION",
      "detail": "FCF margin: +8.0% -> +14.0% (+6.0%)",
      "severity": "MEDIUM"
    },
    {
      "quarter": "2025-06 (Q2)",
      "signal": "OPERATING LEVERAGE",
      "detail": "Rev growth +17.4% vs OpEx growth +7.6% (leverage: 2.3x)",
      "severity": "MEDIUM"
    },
    {
      "quarter": "2025-03 (Q1)",
      "signal": "YoY REVENUE GROWTH DECELERATION",
      "detail": "YoY growth: -0.7% vs prior quarter YoY: +7.1% (decel: -7.8%)",
      "severity": "WARNING"
    },
    {
      "quarter": "2025-03 (Q1)",
      "signal": "INCREMENTAL MARGIN (YoY)",
      "detail": "YoY Incr OPM: +219.6% vs year-ago OPM: +13.5%",
      "severity": "HIGH"
    },
    {
      "quarter": "2024-12 (Q4)",
      "signal": "INCREMENTAL MARGIN (YoY)",
      "detail": "YoY Incr OPM: +34.9% vs year-ago OPM: +10.9%",
      "severity": "HIGH"
    },
    {
      "quarter": "2024-06 (Q2)",
      "signal": "OPERATING LEVERAGE",
      "detail": "Rev growth +12.8% vs OpEx growth +7.6% (leverage: 1.7x)",
      "severity": "MEDIUM"
    },
    {
      "quarter": "2024-06 (Q2)",
      "signal": "INCREMENTAL MARGIN (YoY)",
      "detail": "YoY Incr OPM: +44.6% vs year-ago OPM: +13.4%",
      "severity": "HIGH"
    },
    {
      "quarter": "2024-03 (Q1)",
      "signal": "FCF MARGIN EXPANSION",
      "detail": "FCF margin: +2.2% -> +7.4% (+5.2%)",
      "severity": "MEDIUM"
    },
    {
      "quarter": "2024-03 (Q1)",
      "signal": "INCREMENTAL MARGIN (YoY)",
      "detail": "YoY Incr OPM: +46.8% vs year-ago OPM: +13.1%",
      "severity": "HIGH"
    },
    {
      "quarter": "2023-09 (Q3)",
      "signal": "INCREMENTAL MARGIN (YoY)",
      "detail": "YoY Incr OPM: +31.4% vs year-ago OPM: +11.7%",
      "severity": "MEDIUM"
    },
    {
      "quarter": "2023-06 (Q2)",
      "signal": "OPERATING LEVERAGE",
      "detail": "Rev growth +10.6% vs OpEx growth +4.7% (leverage: 2.2x)",
      "severity": "MEDIUM"
    },
    {
      "quarter": "2023-06 (Q2)",
      "signal": "INCREMENTAL MARGIN (YoY)",
      "detail": "YoY Incr OPM: +60.1% vs year-ago OPM: +9.2%",
      "severity": "HIGH"
    },
    {
      "quarter": "2023-03 (Q1)",
      "signal": "FCF MARGIN EXPANSION",
      "detail": "FCF margin: +2.9% -> +8.4% (+5.5%)",
      "severity": "MEDIUM"
    },
    {
      "quarter": "2023-03 (Q1)",
      "signal": "INCREMENTAL MARGIN (YoY)",
      "detail": "YoY Incr OPM: +44.9% vs year-ago OPM: +9.3%",
      "severity": "HIGH"
    },
    {
      "quarter": "2022-12 (Q4)",
      "signal": "INCREMENTAL MARGIN (YoY)",
      "detail": "YoY Incr OPM: +50.3% vs year-ago OPM: +6.2%",
      "severity": "HIGH"
    },
    {
      "quarter": "2022-09 (Q3)",
      "signal": "GROSS MARGIN INFLECTION",
      "detail": "GM: +36.1% -> +34.5% -> +38.1% (reversal +3.6%)",
      "severity": "MEDIUM"
    },
    {
      "quarter": "2022-09 (Q3)",
      "signal": "INCREMENTAL MARGIN (YoY)",
      "detail": "YoY Incr OPM: +30.9% vs year-ago OPM: +9.4%",
      "severity": "HIGH"
    },
    {
      "quarter": "2022-07 (Q3)",
      "signal": "OPERATING LEVERAGE",
      "detail": "Rev growth +13.6% vs OpEx growth +7.1% (leverage: 1.9x)",
      "severity": "MEDIUM"
    },
    {
      "quarter": "2022-04 (Q2)",
      "signal": "INCREMENTAL MARGIN (YoY)",
      "detail": "YoY Incr OPM: +27.4% vs year-ago OPM: +7.4%",
      "severity": "MEDIUM"
    },
    {
      "quarter": "2021-07 (Q3)",
      "signal": "FCF MARGIN EXPANSION",
      "detail": "FCF margin: +3.5% -> +10.2% (+6.7%)",
      "severity": "MEDIUM"
    },
    {
      "quarter": "2021-07 (Q3)",
      "signal": "OPERATING LEVERAGE",
      "detail": "Rev growth +12.9% vs OpEx growth +5.5% (leverage: 2.3x)",
      "severity": "MEDIUM"
    }
  ],
  "data_quality": {
    "n_quarters": 20,
    "coverage": {
      "revenue": [
        20,
        20
      ],
      "gross_profit": [
        20,
        20
      ],
      "op_income": [
        20,
        20
      ],
      "fcf": [
        20,
        20
      ]
    },
    "gaps": [],
    "warnings": []
  },
  "market_cap": null,
  "source": "SEC EDGAR",
  "last_updated": "2026-02-24T10:29:57.530692"
}