{
  "ticker": "COLL",
  "name": "Collegium Pharmaceutical,\u00a0Inc.",
  "quarters": [
    {
      "date": "2020-12-31T00:00:00",
      "quarter_label": "2020-12 (Q4)",
      "revenue": 76271000,
      "gross_profit": 44292000,
      "operating_income": 14996000,
      "net_income": 6958000,
      "opex": 29296000,
      "cogs": 31979000,
      "rd": 2472000,
      "sga": 26824000,
      "fcf": 21096000,
      "ocf": 22577000,
      "capex": -1481000,
      "gross_margin": 0.5807187528680625,
      "op_margin": 0.19661470283594026,
      "fcf_margin": 0.2765926761154305
    },
    {
      "date": "2021-03-31T00:00:00",
      "quarter_label": "2021-03 (Q1)",
      "revenue": 87721000,
      "gross_profit": 55598000,
      "operating_income": 21192000,
      "net_income": 15662000,
      "opex": 34406000,
      "cogs": 32123000,
      "rd": 2930000,
      "sga": 31476000,
      "fcf": 20142000,
      "ocf": 20570000,
      "capex": -428000,
      "gross_margin": 0.6338049041848588,
      "op_margin": 0.2415841132682026,
      "fcf_margin": 0.22961434548169765,
      "op_leverage_ratio": 0.8606636737510371,
      "fcf_margin_change": -0.04697833063373283
    },
    {
      "date": "2021-06-30T00:00:00",
      "quarter_label": "2021-06 (Q2)",
      "revenue": 82942000,
      "gross_profit": 50239000,
      "operating_income": 16409000,
      "net_income": 72843000,
      "opex": 33830000,
      "cogs": 32703000,
      "rd": 3462000,
      "sga": 30368000,
      "fcf": 28810000,
      "ocf": 29535000,
      "capex": -725000,
      "gross_margin": 0.6057124255503846,
      "op_margin": 0.197837042752767,
      "fcf_margin": 0.3473511610523016,
      "fcf_margin_change": 0.11773681557060398
    },
    {
      "date": "2021-09-30T00:00:00",
      "quarter_label": "2021-09 (Q3)",
      "revenue": 78843000,
      "gross_profit": 46113000,
      "operating_income": 14149000,
      "net_income": 8046000,
      "opex": 31964000,
      "cogs": 32730000,
      "rd": 1450000,
      "sga": 30514000,
      "fcf": 16978000,
      "ocf": 17254000,
      "capex": -276000,
      "gross_margin": 0.5848711997260378,
      "op_margin": 0.17945791002371803,
      "fcf_margin": 0.21533934528112833,
      "fcf_margin_change": -0.1320118157711733
    },
    {
      "date": "2021-12-31T00:00:00",
      "quarter_label": "2021-12 (Q4)",
      "revenue": 27362000,
      "gross_profit": -1333000,
      "operating_income": -34122000,
      "net_income": -25034000,
      "opex": 32789000,
      "cogs": 28695000,
      "rd": 1609000,
      "sga": 26602000,
      "fcf": 35683000,
      "ocf": 36198000,
      "capex": -515000,
      "gross_margin": -0.04871719903515825,
      "op_margin": -1.247057963599152,
      "fcf_margin": 1.3041078868503764,
      "incr_op_margin_yoy": 1.0042732421435727,
      "rev_growth_yoy": -0.6412529008404243,
      "fcf_margin_change": 1.088768541569248
    },
    {
      "date": "2022-03-31T00:00:00",
      "quarter_label": "2022-03 (Q1)",
      "revenue": 83751000,
      "gross_profit": 48496000,
      "operating_income": -10015000,
      "net_income": -13069000,
      "opex": 58511000,
      "cogs": 35255000,
      "rd": 3983000,
      "sga": 54528000,
      "fcf": -25423000,
      "ocf": -25315000,
      "capex": -108000,
      "gross_margin": 0.5790498023904193,
      "op_margin": -0.1195806617234421,
      "fcf_margin": -0.3035545844228726,
      "incr_op_margin_yoy": 7.860705289672544,
      "rev_growth_yoy": -0.04525712201183297,
      "rev_growth_yoy_accel": 0.5959957788285913,
      "op_leverage_ratio": 2.6270600020604564,
      "fcf_margin_change": -1.607662471273249
    },
    {
      "date": "2022-06-30T00:00:00",
      "quarter_label": "2022-06 (Q2)",
      "revenue": 123549000,
      "gross_profit": 52364000,
      "operating_income": 11110000,
      "net_income": -5191000,
      "opex": 41254000,
      "cogs": 71185000,
      "rd": 0,
      "sga": 41254000,
      "fcf": 39990000,
      "ocf": 40451000,
      "capex": -461000,
      "gross_margin": 0.42383183999870494,
      "op_margin": 0.08992383588697601,
      "fcf_margin": 0.3236772454653619,
      "incr_op_margin_yoy": -0.1304947422858128,
      "rev_growth_yoy": 0.4895830821537942,
      "rev_growth_yoy_accel": 0.5348402041656272,
      "op_leverage_ratio": Infinity,
      "fcf_margin_change": 0.6272318298882344
    },
    {
      "date": "2022-09-30T00:00:00",
      "quarter_label": "2022-09 (Q3)",
      "revenue": 127013000,
      "gross_profit": 58839000,
      "operating_income": 20467000,
      "net_income": 457000,
      "opex": 38372000,
      "cogs": 68174000,
      "rd": null,
      "sga": 38372000,
      "fcf": 42656000,
      "ocf": 42769000,
      "capex": -113000,
      "gross_margin": 0.46325179312353854,
      "op_margin": 0.1611409855684064,
      "fcf_margin": 0.33583963846220466,
      "incr_op_margin_yoy": 0.13116047332364542,
      "rev_growth_yoy": 0.610961023806806,
      "rev_growth_yoy_accel": 0.12137794165301174,
      "op_leverage_ratio": Infinity,
      "fcf_margin_change": 0.012162392996842741
    },
    {
      "date": "2022-12-31T00:00:00",
      "quarter_label": "2022-12 (Q4)",
      "revenue": 129620000,
      "gross_profit": 49789000,
      "operating_income": 11757000,
      "net_income": -7199000,
      "opex": 38032000,
      "cogs": 79831000,
      "rd": 0,
      "sga": 38032000,
      "fcf": 65385000,
      "ocf": 66325000,
      "capex": -940000,
      "gross_margin": 0.38411510569356583,
      "op_margin": 0.09070359512420922,
      "fcf_margin": 0.5044360438203981,
      "incr_op_margin_yoy": 0.44865927360206537,
      "rev_growth_yoy": 3.7372268109056357,
      "rev_growth_yoy_accel": 3.1262657870988297,
      "op_leverage_ratio": Infinity,
      "fcf_margin_change": 0.16859640535819342
    },
    {
      "date": "2023-03-31T00:00:00",
      "quarter_label": "2023-03 (Q1)",
      "revenue": 144767000,
      "gross_profit": 77402000,
      "operating_income": 24627000,
      "net_income": -17426000,
      "opex": 52775000,
      "cogs": 67365000,
      "rd": null,
      "sga": 52775000,
      "fcf": 27495000,
      "ocf": 27671000,
      "capex": -176000,
      "gross_margin": 0.5346660495831232,
      "op_margin": 0.1701147360931704,
      "fcf_margin": 0.189925880898271,
      "incr_op_margin_yoy": 0.567752720597876,
      "rev_growth_yoy": 0.7285405547396449,
      "rev_growth_yoy_accel": -3.0086862561659906,
      "op_leverage_ratio": 0.30145181785213626,
      "fcf_margin_change": -0.3145101629221271
    },
    {
      "date": "2023-06-30T00:00:00",
      "quarter_label": "2023-06 (Q2)",
      "revenue": 135546000,
      "gross_profit": 73826000,
      "operating_income": 35633000,
      "net_income": 13007000,
      "opex": 38193000,
      "cogs": 61720000,
      "rd": null,
      "sga": 38193000,
      "fcf": 99666000,
      "ocf": 99722000,
      "capex": -56000,
      "gross_margin": 0.5446564266005637,
      "op_margin": 0.26288492467501806,
      "fcf_margin": 0.7352928157230756,
      "incr_op_margin_yoy": 2.044094356922564,
      "rev_growth_yoy": 0.09710317363960858,
      "rev_growth_yoy_accel": -0.6314373811000362,
      "fcf_margin_change": 0.5453669348248046
    },
    {
      "date": "2023-09-30T00:00:00",
      "quarter_label": "2023-09 (Q3)",
      "revenue": 136709000,
      "gross_profit": 80311000,
      "operating_income": 45013000,
      "net_income": 20634000,
      "opex": 35298000,
      "cogs": 56398000,
      "rd": null,
      "sga": 35298000,
      "fcf": 73953000,
      "ocf": 74018000,
      "capex": -65000,
      "gross_margin": 0.5874594942542188,
      "op_margin": 0.3292614239004016,
      "fcf_margin": 0.5409519490304223,
      "incr_op_margin_yoy": 2.531559405940594,
      "rev_growth_yoy": 0.0763386425011613,
      "rev_growth_yoy_accel": -0.02076453113844727,
      "fcf_margin_change": -0.19434086669265327
    },
    {
      "date": "2023-12-31T00:00:00",
      "quarter_label": "2023-12 (Q4)",
      "revenue": 149745000,
      "gross_profit": 94630000,
      "operating_income": 61688000,
      "net_income": 31940000,
      "opex": 32942000,
      "cogs": 55115000,
      "rd": null,
      "sga": 32942000,
      "fcf": 73174000,
      "ocf": 73338000,
      "capex": -164000,
      "gross_margin": 0.6319409663093927,
      "op_margin": 0.41195365454606164,
      "fcf_margin": 0.4886573842198404,
      "incr_op_margin_yoy": 2.4810434782608697,
      "rev_growth_yoy": 0.15526153371393303,
      "rev_growth_yoy_accel": 0.07892289121277173,
      "op_leverage_ratio": Infinity,
      "fcf_margin_change": -0.05229456481058192
    },
    {
      "date": "2024-03-31T00:00:00",
      "quarter_label": "2024-03 (Q1)",
      "revenue": 144923000,
      "gross_profit": 91456000,
      "operating_income": 49474000,
      "net_income": 27713000,
      "opex": 41982000,
      "cogs": 53467000,
      "rd": null,
      "sga": 41982000,
      "fcf": 61369000,
      "ocf": 61937000,
      "capex": -568000,
      "gross_margin": 0.6310661523705692,
      "op_margin": 0.34138128523422784,
      "fcf_margin": 0.4234593542777889,
      "rev_growth_yoy": 0.001077593650486644,
      "rev_growth_yoy_accel": -0.15418394006344638,
      "fcf_margin_change": -0.06519802994205148
    },
    {
      "date": "2024-06-30T00:00:00",
      "quarter_label": "2024-06 (Q2)",
      "revenue": 145276000,
      "gross_profit": 90806000,
      "operating_income": 47471000,
      "net_income": 19606000,
      "opex": 43335000,
      "cogs": 54470000,
      "rd": null,
      "sga": 43335000,
      "fcf": 67128000,
      "ocf": 67398000,
      "capex": -270000,
      "gross_margin": 0.6250585093201906,
      "op_margin": 0.32676422808998046,
      "fcf_margin": 0.46207219361766566,
      "incr_op_margin_yoy": 1.2166495375128468,
      "rev_growth_yoy": 0.07178374869048146,
      "rev_growth_yoy_accel": 0.07070615503999482,
      "fcf_margin_change": 0.03861283933987675
    },
    {
      "date": "2024-09-30T00:00:00",
      "quarter_label": "2024-09 (Q3)",
      "revenue": 159301000,
      "gross_profit": 96794000,
      "operating_income": 34839000,
      "net_income": 9335000,
      "opex": 61955000,
      "cogs": 62507000,
      "rd": null,
      "sga": 61955000,
      "fcf": -9243000,
      "ocf": -8999000,
      "capex": -244000,
      "gross_margin": 0.6076170268862091,
      "op_margin": 0.21869919209546707,
      "fcf_margin": -0.058022234637572896,
      "incr_op_margin_yoy": -0.45033640226628896,
      "rev_growth_yoy": 0.16525612797986966,
      "rev_growth_yoy_accel": 0.0934723792893882,
      "op_leverage_ratio": 0.2246819169846239,
      "fcf_margin_change": -0.5200944282552386
    },
    {
      "date": "2024-12-31T00:00:00",
      "quarter_label": "2024-12 (Q4)",
      "revenue": 181949000,
      "gross_profit": 98288000,
      "operating_income": 38111000,
      "net_income": 12536000,
      "opex": 60177000,
      "cogs": 83661000,
      "rd": null,
      "sga": 63091000,
      "fcf": 84074000,
      "ocf": 84644000,
      "capex": -570000,
      "gross_margin": 0.5401953294604532,
      "op_margin": 0.20945979367844836,
      "fcf_margin": 0.462074537370362,
      "incr_op_margin_yoy": -0.7321140231027201,
      "rev_growth_yoy": 0.21505893352031788,
      "rev_growth_yoy_accel": 0.04980280554044822,
      "op_leverage_ratio": Infinity,
      "fcf_margin_change": 0.5200967720079349
    },
    {
      "date": "2025-03-31T00:00:00",
      "quarter_label": "2025-03 (Q1)",
      "revenue": 177757000,
      "gross_profit": 97324000,
      "operating_income": 21687000,
      "net_income": 2417000,
      "opex": 75637000,
      "cogs": 80433000,
      "rd": null,
      "sga": 76423000,
      "fcf": 54600000,
      "ocf": 55398000,
      "capex": -798000,
      "gross_margin": 0.5475114904054411,
      "op_margin": 0.12200363417474418,
      "fcf_margin": 0.30716089943012087,
      "incr_op_margin_yoy": -0.8462873850277152,
      "rev_growth_yoy": 0.22656169138094023,
      "rev_growth_yoy_accel": 0.011502757860622354,
      "fcf_margin_change": -0.15491363794024116
    },
    {
      "date": "2025-06-30T00:00:00",
      "quarter_label": "2025-06 (Q2)",
      "revenue": 188000000,
      "gross_profit": 108384000,
      "operating_income": 35105000,
      "net_income": 11983000,
      "opex": 73279000,
      "cogs": 79616000,
      "rd": null,
      "sga": 73637000,
      "fcf": 72374000,
      "ocf": 72439000,
      "capex": -65000,
      "gross_margin": 0.5765106382978723,
      "op_margin": 0.1867287234042553,
      "fcf_margin": 0.384968085106383,
      "incr_op_margin_yoy": -0.28943919108697685,
      "rev_growth_yoy": 0.2940884936259258,
      "rev_growth_yoy_accel": 0.06752680224498558,
      "op_leverage_ratio": Infinity,
      "fcf_margin_change": 0.0778071856762621
    },
    {
      "date": "2025-09-30T00:00:00",
      "quarter_label": "2025-09 (Q3)",
      "revenue": 209361000,
      "gross_profit": 129171000,
      "operating_income": 62087000,
      "net_income": 31507000,
      "opex": 67084000,
      "cogs": 80190000,
      "rd": null,
      "sga": 67103000,
      "fcf": 78250000,
      "ocf": 78438000,
      "capex": -188000,
      "gross_margin": 0.616977374009486,
      "op_margin": 0.2965547547059863,
      "fcf_margin": 0.37375633475193565,
      "incr_op_margin_yoy": 0.5443068318018378,
      "rev_growth_yoy": 0.31424787038373897,
      "rev_growth_yoy_accel": 0.020159376757813152,
      "op_leverage_ratio": Infinity,
      "fcf_margin_change": -0.011211750354447325
    }
  ],
  "signals": [
    {
      "quarter": "2025-09 (Q3)",
      "signal": "INCREMENTAL MARGIN (YoY)",
      "detail": "YoY Incr OPM: +54.4% vs year-ago OPM: +21.9%",
      "severity": "HIGH"
    },
    {
      "quarter": "2025-06 (Q2)",
      "signal": "FCF MARGIN EXPANSION",
      "detail": "FCF margin: +30.7% -> +38.5% (+7.8%)",
      "severity": "MEDIUM"
    },
    {
      "quarter": "2025-06 (Q2)",
      "signal": "YoY REVENUE GROWTH ACCELERATION",
      "detail": "YoY growth: +29.4% vs prior quarter YoY: +22.7% (accel: +6.8%)",
      "severity": "MEDIUM"
    },
    {
      "quarter": "2024-12 (Q4)",
      "signal": "FCF TURNED POSITIVE",
      "detail": "FCF margin: -5.8% -> +46.2%",
      "severity": "HIGH"
    },
    {
      "quarter": "2024-09 (Q3)",
      "signal": "YoY REVENUE GROWTH ACCELERATION",
      "detail": "YoY growth: +16.5% vs prior quarter YoY: +7.2% (accel: +9.3%)",
      "severity": "MEDIUM"
    },
    {
      "quarter": "2024-06 (Q2)",
      "signal": "YoY REVENUE GROWTH ACCELERATION",
      "detail": "YoY growth: +7.2% vs prior quarter YoY: +0.1% (accel: +7.1%)",
      "severity": "MEDIUM"
    },
    {
      "quarter": "2024-06 (Q2)",
      "signal": "INCREMENTAL MARGIN (YoY)",
      "detail": "YoY Incr OPM: +121.7% vs year-ago OPM: +26.3%",
      "severity": "HIGH"
    },
    {
      "quarter": "2024-03 (Q1)",
      "signal": "YoY REVENUE GROWTH DECELERATION",
      "detail": "YoY growth: +0.1% vs prior quarter YoY: +15.5% (decel: -15.4%)",
      "severity": "WARNING"
    },
    {
      "quarter": "2023-12 (Q4)",
      "signal": "YoY REVENUE GROWTH ACCELERATION",
      "detail": "YoY growth: +15.5% vs prior quarter YoY: +7.6% (accel: +7.9%)",
      "severity": "MEDIUM"
    },
    {
      "quarter": "2023-12 (Q4)",
      "signal": "INCREMENTAL MARGIN (YoY)",
      "detail": "YoY Incr OPM: +248.1% vs year-ago OPM: +9.1%",
      "severity": "HIGH"
    },
    {
      "quarter": "2023-09 (Q3)",
      "signal": "INCREMENTAL MARGIN (YoY)",
      "detail": "YoY Incr OPM: +253.2% vs year-ago OPM: +16.1%",
      "severity": "HIGH"
    },
    {
      "quarter": "2023-06 (Q2)",
      "signal": "FCF MARGIN EXPANSION",
      "detail": "FCF margin: +19.0% -> +73.5% (+54.5%)",
      "severity": "MEDIUM"
    },
    {
      "quarter": "2023-06 (Q2)",
      "signal": "YoY REVENUE GROWTH DECELERATION",
      "detail": "YoY growth: +9.7% vs prior quarter YoY: +72.9% (decel: -63.1%)",
      "severity": "WARNING"
    },
    {
      "quarter": "2023-06 (Q2)",
      "signal": "INCREMENTAL MARGIN (YoY)",
      "detail": "YoY Incr OPM: +204.4% vs year-ago OPM: +9.0%",
      "severity": "HIGH"
    },
    {
      "quarter": "2023-03 (Q1)",
      "signal": "GROSS MARGIN INFLECTION",
      "detail": "GM: +46.3% -> +38.4% -> +53.5% (reversal +15.1%)",
      "severity": "HIGH"
    },
    {
      "quarter": "2023-03 (Q1)",
      "signal": "YoY REVENUE GROWTH DECELERATION",
      "detail": "YoY growth: +72.9% vs prior quarter YoY: +373.7% (decel: -300.9%)",
      "severity": "WARNING"
    },
    {
      "quarter": "2023-03 (Q1)",
      "signal": "OP MARGIN TURNED POSITIVE (YoY)",
      "detail": "Op margin: -12.0% (year-ago) -> +17.0%",
      "severity": "HIGH"
    },
    {
      "quarter": "2022-12 (Q4)",
      "signal": "FCF MARGIN EXPANSION",
      "detail": "FCF margin: +33.6% -> +50.4% (+16.9%)",
      "severity": "MEDIUM"
    },
    {
      "quarter": "2022-12 (Q4)",
      "signal": "YoY REVENUE GROWTH ACCELERATION",
      "detail": "YoY growth: +373.7% vs prior quarter YoY: +61.1% (accel: +312.6%)",
      "severity": "HIGH"
    },
    {
      "quarter": "2022-12 (Q4)",
      "signal": "OP MARGIN TURNED POSITIVE (YoY)",
      "detail": "Op margin: -124.7% (year-ago) -> +9.1%",
      "severity": "HIGH"
    },
    {
      "quarter": "2022-09 (Q3)",
      "signal": "GROSS MARGIN INFLECTION",
      "detail": "GM: +57.9% -> +42.4% -> +46.3% (reversal +3.9%)",
      "severity": "MEDIUM"
    },
    {
      "quarter": "2022-09 (Q3)",
      "signal": "YoY REVENUE GROWTH ACCELERATION",
      "detail": "YoY growth: +61.1% vs prior quarter YoY: +49.0% (accel: +12.1%)",
      "severity": "MEDIUM"
    },
    {
      "quarter": "2022-06 (Q2)",
      "signal": "FCF TURNED POSITIVE",
      "detail": "FCF margin: -30.4% -> +32.4%",
      "severity": "HIGH"
    },
    {
      "quarter": "2022-06 (Q2)",
      "signal": "YoY REVENUE GROWTH ACCELERATION",
      "detail": "YoY growth: +49.0% vs prior quarter YoY: -4.5% (accel: +53.5%)",
      "severity": "HIGH"
    },
    {
      "quarter": "2022-06 (Q2)",
      "signal": "OP MARGIN TURNED POSITIVE (QoQ)",
      "detail": "Op margin: -12.0% -> +9.0%",
      "severity": "HIGH"
    },
    {
      "quarter": "2022-03 (Q1)",
      "signal": "OPERATING LEVERAGE",
      "detail": "Rev growth +206.1% vs OpEx growth +78.4% (leverage: 2.6x)",
      "severity": "MEDIUM"
    },
    {
      "quarter": "2022-03 (Q1)",
      "signal": "GROSS MARGIN INFLECTION",
      "detail": "GM: +58.5% -> -4.9% -> +57.9% (reversal +62.8%)",
      "severity": "HIGH"
    },
    {
      "quarter": "2022-03 (Q1)",
      "signal": "YoY REVENUE GROWTH ACCELERATION",
      "detail": "YoY growth: -4.5% vs prior quarter YoY: -64.1% (accel: +59.6%)",
      "severity": "HIGH"
    },
    {
      "quarter": "2021-12 (Q4)",
      "signal": "FCF MARGIN EXPANSION",
      "detail": "FCF margin: +21.5% -> +130.4% (+108.9%)",
      "severity": "MEDIUM"
    },
    {
      "quarter": "2021-06 (Q2)",
      "signal": "FCF MARGIN EXPANSION",
      "detail": "FCF margin: +23.0% -> +34.7% (+11.8%)",
      "severity": "MEDIUM"
    }
  ],
  "data_quality": {
    "n_quarters": 20,
    "coverage": {
      "revenue": [
        20,
        20
      ],
      "gross_profit": [
        20,
        20
      ],
      "op_income": [
        20,
        20
      ],
      "fcf": [
        20,
        20
      ]
    },
    "gaps": [],
    "warnings": []
  },
  "market_cap": null,
  "source": "SEC EDGAR",
  "last_updated": "2026-02-02T21:50:16.713912",
  "sector": "Healthcare",
  "industry": "Drug Manufacturers - Specialty & Generic"
}