{
  "ticker": "COO",
  "name": "THE COOPER COMPANIES, INC.",
  "quarters": [
    {
      "date": "2021-01-31T00:00:00",
      "quarter_label": "2021-01 (Q1)",
      "revenue": 680500000,
      "gross_profit": 450700000,
      "operating_income": 133400000,
      "net_income": 2101100000,
      "opex": 317300000,
      "cogs": 229800000,
      "rd": 21400000,
      "sga": 261200000,
      "fcf": 91800000,
      "ocf": 147700000,
      "capex": -55900000,
      "gross_margin": 0.6623071271124173,
      "op_margin": 0.19603232916972815,
      "fcf_margin": 0.1349008082292432
    },
    {
      "date": "2021-04-30T00:00:00",
      "quarter_label": "2021-04 (Q2)",
      "revenue": 719500000,
      "gross_profit": 487100000,
      "operating_income": 143200000,
      "net_income": 117500000,
      "opex": 343900000,
      "cogs": 232400000,
      "rd": 21000000,
      "sga": 285800000,
      "fcf": 142700000,
      "ocf": 192600000,
      "capex": -49900000,
      "gross_margin": 0.6769979152189021,
      "op_margin": 0.1990271021542738,
      "fcf_margin": 0.19833217512161222,
      "op_leverage_ratio": 0.6836359819460481,
      "fcf_margin_change": 0.06343136689236903
    },
    {
      "date": "2021-07-31T00:00:00",
      "quarter_label": "2021-07 (Q3)",
      "revenue": 763400000,
      "gross_profit": 516100000,
      "operating_income": 100600000,
      "net_income": 615800000,
      "opex": 415500000,
      "cogs": 247300000,
      "rd": 24800000,
      "sga": 352500000,
      "fcf": 180200000,
      "ocf": 223800000,
      "capex": -43600000,
      "gross_margin": 0.6760544930573749,
      "op_margin": 0.13177888394026724,
      "fcf_margin": 0.23604925334031962,
      "op_leverage_ratio": 0.2930575236527539,
      "fcf_margin_change": 0.0377170782187074
    },
    {
      "date": "2021-10-31T00:00:00",
      "quarter_label": "2021-10 (Q4)",
      "revenue": 759100000,
      "gross_profit": 501900000,
      "operating_income": 128500000,
      "net_income": 110300000,
      "opex": 373400000,
      "cogs": 257200000,
      "rd": 25700000,
      "sga": 311600000,
      "fcf": 109500000,
      "ocf": 174500000,
      "capex": -65000000,
      "gross_margin": 0.6611777104465815,
      "op_margin": 0.16927940982742723,
      "fcf_margin": 0.14424976946383875,
      "fcf_margin_change": -0.09179948387648088
    },
    {
      "date": "2022-01-31T00:00:00",
      "quarter_label": "2022-01 (Q1)",
      "revenue": 787200000,
      "gross_profit": 518400000,
      "operating_income": 130800000,
      "net_income": 95300000,
      "opex": 387600000,
      "cogs": 268800000,
      "rd": 26200000,
      "sga": 319100000,
      "fcf": 108900000,
      "ocf": 166000000,
      "capex": -57100000,
      "gross_margin": 0.6585365853658537,
      "op_margin": 0.16615853658536586,
      "fcf_margin": 0.13833841463414634,
      "incr_op_margin_yoy": -0.02436738519212746,
      "rev_growth_yoy": 0.1567964731814842,
      "op_leverage_ratio": 0.973404383619594,
      "fcf_margin_change": -0.005911354829692406
    },
    {
      "date": "2022-04-30T00:00:00",
      "quarter_label": "2022-04 (Q2)",
      "revenue": 829800000,
      "gross_profit": 532500000,
      "operating_income": 132700000,
      "net_income": 126600000,
      "opex": 399800000,
      "cogs": 297300000,
      "rd": 26300000,
      "sga": 322400000,
      "fcf": 88400000,
      "ocf": 131800000,
      "capex": -43400000,
      "gross_margin": 0.6417208966015907,
      "op_margin": 0.15991805254278138,
      "fcf_margin": 0.10653169438418895,
      "incr_op_margin_yoy": -0.09519492293744333,
      "rev_growth_yoy": 0.15330090340514246,
      "rev_growth_yoy_accel": -0.003495569776341745,
      "op_leverage_ratio": 1.7192872850859655,
      "fcf_margin_change": -0.031806720249957385
    },
    {
      "date": "2022-07-31T00:00:00",
      "quarter_label": "2022-07 (Q3)",
      "revenue": 843400000,
      "gross_profit": 552100000,
      "operating_income": 140600000,
      "net_income": 98400000,
      "opex": 411500000,
      "cogs": 291300000,
      "rd": 28700000,
      "sga": 342700000,
      "fcf": 217300000,
      "ocf": 263900000,
      "capex": -46600000,
      "gross_margin": 0.6546122836139435,
      "op_margin": 0.16670618923405264,
      "fcf_margin": 0.25764761678918663,
      "incr_op_margin_yoy": 0.5,
      "rev_growth_yoy": 0.1047943411055803,
      "rev_growth_yoy_accel": -0.04850656229956217,
      "op_leverage_ratio": 0.5600443315555391,
      "fcf_margin_change": 0.15111592240499766
    },
    {
      "date": "2022-10-31T00:00:00",
      "quarter_label": "2022-10 (Q4)",
      "revenue": 848100000,
      "gross_profit": 536600000,
      "operating_income": 103500000,
      "net_income": 65600000,
      "opex": 433100000,
      "cogs": 311500000,
      "rd": 29100000,
      "sga": 358000000,
      "fcf": 35800000,
      "ocf": 130700000,
      "capex": -94900000,
      "gross_margin": 0.6327084070274732,
      "op_margin": 0.12203749557835161,
      "fcf_margin": 0.042212003301497464,
      "incr_op_margin_yoy": -0.2808988764044944,
      "rev_growth_yoy": 0.11724410486101963,
      "rev_growth_yoy_accel": 0.012449763755439339,
      "fcf_margin_change": -0.21543561348768916
    },
    {
      "date": "2023-01-31T00:00:00",
      "quarter_label": "2023-01 (Q1)",
      "revenue": 858500000,
      "gross_profit": 558500000,
      "operating_income": 149500000,
      "net_income": 84600000,
      "opex": 409000000,
      "cogs": 300000000,
      "rd": 31600000,
      "sga": 330900000,
      "fcf": 83600000,
      "ocf": 166600000,
      "capex": -83000000,
      "gross_margin": 0.65055329062318,
      "op_margin": 0.1741409435061153,
      "fcf_margin": 0.09737914967967384,
      "incr_op_margin_yoy": 0.26227208976157085,
      "rev_growth_yoy": 0.09057418699186992,
      "rev_growth_yoy_accel": -0.026669917869149712,
      "op_leverage_ratio": Infinity,
      "fcf_margin_change": 0.05516714637817638
    },
    {
      "date": "2023-04-30T00:00:00",
      "quarter_label": "2023-04 (Q2)",
      "revenue": 877400000,
      "gross_profit": 582900000,
      "operating_income": 96300000,
      "net_income": 39800000,
      "opex": 486600000,
      "cogs": 294500000,
      "rd": 32600000,
      "sga": 407500000,
      "fcf": 50600000,
      "ocf": 124200000,
      "capex": -73600000,
      "gross_margin": 0.6643492135855938,
      "op_margin": 0.10975609756097561,
      "fcf_margin": 0.05767038978801003,
      "incr_op_margin_yoy": -0.7647058823529411,
      "rev_growth_yoy": 0.05736322005302483,
      "rev_growth_yoy_accel": -0.03321096693884509,
      "op_leverage_ratio": 0.11603341959423352,
      "fcf_margin_change": -0.039708759891663815
    },
    {
      "date": "2023-07-31T00:00:00",
      "quarter_label": "2023-07 (Q3)",
      "revenue": 930200000,
      "gross_profit": 610000000,
      "operating_income": 151600000,
      "net_income": 85300000,
      "opex": 458400000,
      "cogs": 320200000,
      "rd": 36500000,
      "sga": 375200000,
      "fcf": 51600000,
      "ocf": 142500000,
      "capex": -90900000,
      "gross_margin": 0.6557729520533219,
      "op_margin": 0.16297570414964524,
      "fcf_margin": 0.05547194151795313,
      "incr_op_margin_yoy": 0.12672811059907835,
      "rev_growth_yoy": 0.10291676547308513,
      "rev_growth_yoy_accel": 0.04555354542006031,
      "op_leverage_ratio": Infinity,
      "fcf_margin_change": -0.002198448270056899
    },
    {
      "date": "2023-10-31T00:00:00",
      "quarter_label": "2023-10 (Q4)",
      "revenue": 927100000,
      "gross_profit": 606500000,
      "operating_income": 135700000,
      "net_income": 84500000,
      "opex": 470800000,
      "cogs": 320600000,
      "rd": 36700000,
      "sga": 387600000,
      "fcf": 29200000,
      "ocf": 174200000,
      "capex": -145000000,
      "gross_margin": 0.6541904864631647,
      "op_margin": 0.14637040232984574,
      "fcf_margin": 0.031496062992125984,
      "incr_op_margin_yoy": 0.40759493670886077,
      "rev_growth_yoy": 0.0931493927602877,
      "rev_growth_yoy_accel": -0.009767372712797429,
      "fcf_margin_change": -0.023975878525827145
    },
    {
      "date": "2024-01-31T00:00:00",
      "quarter_label": "2024-01 (Q1)",
      "revenue": 931600000,
      "gross_profit": 623800000,
      "operating_income": 153100000,
      "net_income": 81200000,
      "opex": 470700000,
      "cogs": 307800000,
      "rd": 39500000,
      "sga": 380900000,
      "fcf": 4600000,
      "ocf": 122700000,
      "capex": -118100000,
      "gross_margin": 0.6696006869901245,
      "op_margin": 0.16434091884929153,
      "fcf_margin": 0.00493774151996565,
      "incr_op_margin_yoy": 0.049247606019151846,
      "rev_growth_yoy": 0.08514851485148515,
      "rev_growth_yoy_accel": -0.00800087790880255,
      "fcf_margin_change": -0.026558321472160334
    },
    {
      "date": "2024-04-30T00:00:00",
      "quarter_label": "2024-04 (Q2)",
      "revenue": 942600000,
      "gross_profit": 631200000,
      "operating_income": 161700000,
      "net_income": 88900000,
      "opex": 469500000,
      "cogs": 311400000,
      "rd": 38900000,
      "sga": 380300000,
      "fcf": 36900000,
      "ocf": 111000000,
      "capex": -74100000,
      "gross_margin": 0.6696371737746658,
      "op_margin": 0.171546785486951,
      "fcf_margin": 0.039147040101845956,
      "incr_op_margin_yoy": 1.0030674846625767,
      "rev_growth_yoy": 0.07431046273079553,
      "rev_growth_yoy_accel": -0.010838052120689626,
      "op_leverage_ratio": Infinity,
      "fcf_margin_change": 0.03420929858188031
    },
    {
      "date": "2024-07-31T00:00:00",
      "quarter_label": "2024-07 (Q3)",
      "revenue": 1002800000,
      "gross_profit": 663000000,
      "operating_income": 192500000,
      "net_income": 104700000,
      "opex": 470500000,
      "cogs": 339800000,
      "rd": 39000000,
      "sga": 381100000,
      "fcf": 118500000,
      "ocf": 207500000,
      "capex": -89000000,
      "gross_margin": 0.6611487834064619,
      "op_margin": 0.1919625049860391,
      "fcf_margin": 0.11816912644595133,
      "incr_op_margin_yoy": 0.5633608815426997,
      "rev_growth_yoy": 0.07804773167060847,
      "rev_growth_yoy_accel": 0.0037372689398129377,
      "op_leverage_ratio": 29.985041374920428,
      "fcf_margin_change": 0.07902208634410537
    },
    {
      "date": "2024-10-31T00:00:00",
      "quarter_label": "2024-10 (Q4)",
      "revenue": 1018400000,
      "gross_profit": 677700000,
      "operating_income": 198400000,
      "net_income": 117500000,
      "opex": 479300000,
      "cogs": 340700000,
      "rd": 37700000,
      "sga": 391400000,
      "fcf": 128100000,
      "ocf": 268100000,
      "capex": -140000000,
      "gross_margin": 0.6654556166535742,
      "op_margin": 0.194815396700707,
      "fcf_margin": 0.12578554595443833,
      "incr_op_margin_yoy": 0.6867469879518072,
      "rev_growth_yoy": 0.09847912846510624,
      "rev_growth_yoy_accel": 0.020431396794497778,
      "op_leverage_ratio": 0.8317393117452949,
      "fcf_margin_change": 0.007616419508487002
    },
    {
      "date": "2025-01-31T00:00:00",
      "quarter_label": "2025-01 (Q1)",
      "revenue": 964700000,
      "gross_profit": 660200000,
      "operating_income": 182000000,
      "net_income": 104300000,
      "opex": 478200000,
      "cogs": 304500000,
      "rd": 40700000,
      "sga": 387900000,
      "fcf": 101200000,
      "ocf": 190600000,
      "capex": -89400000,
      "gross_margin": 0.6843578314501918,
      "op_margin": 0.18865968694931068,
      "fcf_margin": 0.10490307867730901,
      "incr_op_margin_yoy": 0.8731117824773413,
      "rev_growth_yoy": 0.03553027050236153,
      "rev_growth_yoy_accel": -0.06294885796274471,
      "fcf_margin_change": -0.02088246727712932
    },
    {
      "date": "2025-04-30T00:00:00",
      "quarter_label": "2025-04 (Q2)",
      "revenue": 1002300000,
      "gross_profit": 679100000,
      "operating_income": 184800000,
      "net_income": 87700000,
      "opex": 494300000,
      "cogs": 323200000,
      "rd": 45500000,
      "sga": 399000000,
      "fcf": 18100000,
      "ocf": 96200000,
      "capex": -78100000,
      "gross_margin": 0.6775416541953507,
      "op_margin": 0.184375935348698,
      "fcf_margin": 0.018058465529282648,
      "incr_op_margin_yoy": 0.3869346733668342,
      "rev_growth_yoy": 0.06333545512412476,
      "rev_growth_yoy_accel": 0.027805184621763235,
      "op_leverage_ratio": 1.1576552939896352,
      "fcf_margin_change": -0.08684461314802636
    },
    {
      "date": "2025-07-31T00:00:00",
      "quarter_label": "2025-07 (Q3)",
      "revenue": 1060300000,
      "gross_profit": 692000000,
      "operating_income": 175700000,
      "net_income": 98300000,
      "opex": 516300000,
      "cogs": 368300000,
      "rd": 44600000,
      "sga": 421700000,
      "fcf": 164500000,
      "ocf": 261400000,
      "capex": -96900000,
      "gross_margin": 0.652645477694992,
      "op_margin": 0.1657078185419221,
      "fcf_margin": 0.15514477034801472,
      "incr_op_margin_yoy": -0.2921739130434783,
      "rev_growth_yoy": 0.05733944954128441,
      "rev_growth_yoy_accel": -0.005996005582840358,
      "op_leverage_ratio": 1.3001641678684481,
      "fcf_margin_change": 0.13708630481873207
    },
    {
      "date": "2025-10-31T00:00:00",
      "quarter_label": "2025-10 (Q4)",
      "revenue": 1065100000,
      "gross_profit": 650800000,
      "operating_income": 140400000,
      "net_income": 84600000,
      "opex": 510400000,
      "cogs": 414300000,
      "rd": 41400000,
      "sga": 419200000,
      "fcf": 149900000,
      "ocf": 247900000,
      "capex": -98000000,
      "gross_margin": 0.6110224392075861,
      "op_margin": 0.13181860858135386,
      "fcf_margin": 0.14073795887710075,
      "incr_op_margin_yoy": -1.2419700214132763,
      "rev_growth_yoy": 0.04585624509033778,
      "rev_growth_yoy_accel": -0.011483204450946624,
      "fcf_margin_change": -0.014406811470913966
    }
  ],
  "signals": [
    {
      "quarter": "2025-07 (Q3)",
      "signal": "FCF MARGIN EXPANSION",
      "detail": "FCF margin: +1.8% -> +15.5% (+13.7%)",
      "severity": "MEDIUM"
    },
    {
      "quarter": "2025-04 (Q2)",
      "signal": "INCREMENTAL MARGIN (YoY)",
      "detail": "YoY Incr OPM: +38.7% vs year-ago OPM: +17.2%",
      "severity": "HIGH"
    },
    {
      "quarter": "2025-01 (Q1)",
      "signal": "YoY REVENUE GROWTH DECELERATION",
      "detail": "YoY growth: +3.6% vs prior quarter YoY: +9.8% (decel: -6.3%)",
      "severity": "WARNING"
    },
    {
      "quarter": "2025-01 (Q1)",
      "signal": "INCREMENTAL MARGIN (YoY)",
      "detail": "YoY Incr OPM: +87.3% vs year-ago OPM: +16.4%",
      "severity": "HIGH"
    },
    {
      "quarter": "2024-10 (Q4)",
      "signal": "INCREMENTAL MARGIN (YoY)",
      "detail": "YoY Incr OPM: +68.7% vs year-ago OPM: +14.6%",
      "severity": "HIGH"
    },
    {
      "quarter": "2024-07 (Q3)",
      "signal": "FCF MARGIN EXPANSION",
      "detail": "FCF margin: +3.9% -> +11.8% (+7.9%)",
      "severity": "MEDIUM"
    },
    {
      "quarter": "2024-07 (Q3)",
      "signal": "OPERATING LEVERAGE",
      "detail": "Rev growth +6.4% vs OpEx growth +0.2% (leverage: 30.0x)",
      "severity": "MEDIUM"
    },
    {
      "quarter": "2024-07 (Q3)",
      "signal": "INCREMENTAL MARGIN (YoY)",
      "detail": "YoY Incr OPM: +56.3% vs year-ago OPM: +16.3%",
      "severity": "HIGH"
    },
    {
      "quarter": "2024-04 (Q2)",
      "signal": "INCREMENTAL MARGIN (YoY)",
      "detail": "YoY Incr OPM: +100.3% vs year-ago OPM: +11.0%",
      "severity": "HIGH"
    },
    {
      "quarter": "2023-10 (Q4)",
      "signal": "INCREMENTAL MARGIN (YoY)",
      "detail": "YoY Incr OPM: +40.8% vs year-ago OPM: +12.2%",
      "severity": "HIGH"
    },
    {
      "quarter": "2023-01 (Q1)",
      "signal": "FCF MARGIN EXPANSION",
      "detail": "FCF margin: +4.2% -> +9.7% (+5.5%)",
      "severity": "MEDIUM"
    },
    {
      "quarter": "2022-07 (Q3)",
      "signal": "FCF MARGIN EXPANSION",
      "detail": "FCF margin: +10.7% -> +25.8% (+15.1%)",
      "severity": "MEDIUM"
    },
    {
      "quarter": "2022-07 (Q3)",
      "signal": "INCREMENTAL MARGIN (YoY)",
      "detail": "YoY Incr OPM: +50.0% vs year-ago OPM: +13.2%",
      "severity": "HIGH"
    },
    {
      "quarter": "2022-04 (Q2)",
      "signal": "OPERATING LEVERAGE",
      "detail": "Rev growth +5.4% vs OpEx growth +3.1% (leverage: 1.7x)",
      "severity": "MEDIUM"
    },
    {
      "quarter": "2021-04 (Q2)",
      "signal": "FCF MARGIN EXPANSION",
      "detail": "FCF margin: +13.5% -> +19.8% (+6.3%)",
      "severity": "MEDIUM"
    }
  ],
  "data_quality": {
    "n_quarters": 20,
    "coverage": {
      "revenue": [
        20,
        20
      ],
      "gross_profit": [
        20,
        20
      ],
      "op_income": [
        20,
        20
      ],
      "fcf": [
        20,
        20
      ]
    },
    "gaps": [],
    "warnings": []
  },
  "market_cap": null,
  "source": "SEC EDGAR",
  "last_updated": "2026-02-02T20:24:18.822126"
}