{
  "ticker": "COOK",
  "name": "TRAEGER, INC.",
  "quarters": [
    {
      "date": "2020-12-31T00:00:00",
      "quarter_label": "2020-12 (Q4)",
      "revenue": 133728000,
      "gross_profit": 51144000,
      "operating_income": -950000,
      "net_income": -3287000,
      "opex": 52094000,
      "cogs": 82584000,
      "rd": null,
      "sga": null,
      "fcf": -515000,
      "ocf": 4170000,
      "capex": -4685000,
      "gross_margin": 0.38244795405599424,
      "op_margin": -0.007103972242163197,
      "fcf_margin": -0.0038511007418042596
    },
    {
      "date": "2021-03-31T00:00:00",
      "quarter_label": "2021-03 (Q1)",
      "revenue": 235573000,
      "gross_profit": 100631000,
      "operating_income": 47923000,
      "net_income": 38929000,
      "opex": 52708000,
      "cogs": 134942000,
      "rd": null,
      "sga": null,
      "fcf": -31409000,
      "ocf": -26544000,
      "capex": -4865000,
      "gross_margin": 0.4271754403093733,
      "op_margin": 0.20343163265739284,
      "fcf_margin": -0.13333022035632267,
      "op_leverage_ratio": 64.6154982635763,
      "fcf_margin_change": -0.1294791196145184
    },
    {
      "date": "2021-06-30T00:00:00",
      "quarter_label": "2021-06 (Q2)",
      "revenue": 213022000,
      "gross_profit": 83307000,
      "operating_income": 2935000,
      "net_income": -4907000,
      "opex": 80372000,
      "cogs": 129715000,
      "rd": null,
      "sga": null,
      "fcf": 36355000,
      "ocf": 42738000,
      "capex": -6383000,
      "gross_margin": 0.391072283613899,
      "op_margin": 0.013777919651491395,
      "fcf_margin": 0.1706631239965825,
      "fcf_margin_change": 0.30399334435290515
    },
    {
      "date": "2021-09-30T00:00:00",
      "quarter_label": "2021-09 (Q3)",
      "revenue": 162018000,
      "gross_profit": 54322000,
      "operating_income": -81810000,
      "net_income": -89185000,
      "opex": 136132000,
      "cogs": 107696000,
      "rd": null,
      "sga": null,
      "fcf": -23802000,
      "ocf": -17064000,
      "capex": -6738000,
      "gross_margin": 0.3352837339061092,
      "op_margin": -0.5049438951227642,
      "fcf_margin": -0.14690960263674407,
      "fcf_margin_change": -0.3175727266333266
    },
    {
      "date": "2021-12-31T00:00:00",
      "quarter_label": "2021-12 (Q4)",
      "revenue": 174932000,
      "gross_profit": 64714000,
      "operating_income": -27988000,
      "net_income": -34395000,
      "opex": 92702000,
      "cogs": 110218000,
      "rd": null,
      "sga": null,
      "fcf": -32050000,
      "ocf": -27557000,
      "capex": -4493000,
      "gross_margin": 0.3699380330642764,
      "op_margin": -0.15999359751217615,
      "fcf_margin": -0.18321404888756773,
      "incr_op_margin_yoy": -0.6561984273371517,
      "rev_growth_yoy": 0.308117970806413,
      "op_leverage_ratio": Infinity,
      "fcf_margin_change": -0.03630444625082366
    },
    {
      "date": "2022-03-31T00:00:00",
      "quarter_label": "2022-03 (Q1)",
      "revenue": 223710000,
      "gross_profit": 83565000,
      "operating_income": -2987000,
      "net_income": -8432000,
      "opex": 86552000,
      "cogs": 140145000,
      "rd": null,
      "sga": null,
      "fcf": -51435000,
      "ocf": -46911000,
      "capex": -4524000,
      "gross_margin": 0.37354163872871127,
      "op_margin": -0.013352107639354521,
      "fcf_margin": -0.22991819766662197,
      "incr_op_margin_yoy": 4.291494562926747,
      "rev_growth_yoy": -0.05035806310570396,
      "rev_growth_yoy_accel": -0.35847603391211696,
      "op_leverage_ratio": Infinity,
      "fcf_margin_change": -0.04670414877905424
    },
    {
      "date": "2022-06-30T00:00:00",
      "quarter_label": "2022-06 (Q2)",
      "revenue": 200270000,
      "gross_profit": 73506000,
      "operating_income": -119819000,
      "net_income": -132279000,
      "opex": 193325000,
      "cogs": 126764000,
      "rd": null,
      "sga": null,
      "fcf": 8963000,
      "ocf": 16861000,
      "capex": -7898000,
      "gross_margin": 0.36703450342038246,
      "op_margin": -0.5982873121286264,
      "fcf_margin": 0.044754581315224445,
      "incr_op_margin_yoy": 9.62625470514429,
      "rev_growth_yoy": -0.05986236163400963,
      "rev_growth_yoy_accel": -0.009504298528305671,
      "fcf_margin_change": 0.2746727789818464
    },
    {
      "date": "2022-09-30T00:00:00",
      "quarter_label": "2022-09 (Q3)",
      "revenue": 93788000,
      "gross_profit": 25978000,
      "operating_income": -199982000,
      "net_income": -210639000,
      "opex": 225960000,
      "cogs": 67810000,
      "rd": null,
      "sga": null,
      "fcf": 21343000,
      "ocf": 24049000,
      "capex": -2706000,
      "gross_margin": 0.27698639484795495,
      "op_margin": -2.1322770503689172,
      "fcf_margin": 0.22756642640849575,
      "incr_op_margin_yoy": 1.7319654111094827,
      "rev_growth_yoy": -0.4211260477230925,
      "rev_growth_yoy_accel": -0.3612636860890828,
      "fcf_margin_change": 0.1828118450932713
    },
    {
      "date": "2022-12-31T00:00:00",
      "quarter_label": "2022-12 (Q4)",
      "revenue": 138133000,
      "gross_profit": 45723000,
      "operating_income": -23154000,
      "net_income": -30790000,
      "opex": 68877000,
      "cogs": 92410000,
      "rd": null,
      "sga": null,
      "fcf": 7825000,
      "ocf": 11095000,
      "capex": -3270000,
      "gross_margin": 0.33100707289351566,
      "op_margin": -0.16762106086163336,
      "fcf_margin": 0.05664830272273823,
      "incr_op_margin_yoy": -0.1313622652789478,
      "rev_growth_yoy": -0.21036174056204696,
      "rev_growth_yoy_accel": 0.21076430716104552,
      "op_leverage_ratio": Infinity,
      "fcf_margin_change": -0.17091812368575754
    },
    {
      "date": "2023-03-31T00:00:00",
      "quarter_label": "2023-03 (Q1)",
      "revenue": 153161000,
      "gross_profit": 55423000,
      "operating_income": -3263000,
      "net_income": 8018000,
      "opex": 58686000,
      "cogs": 97738000,
      "rd": null,
      "sga": null,
      "fcf": -25672000,
      "ocf": -23590000,
      "capex": -2082000,
      "gross_margin": 0.361861048178061,
      "op_margin": -0.021304379052108566,
      "fcf_margin": -0.16761447104680696,
      "incr_op_margin_yoy": 0.003912174517002367,
      "rev_growth_yoy": -0.3153591703544768,
      "rev_growth_yoy_accel": -0.10499742979242985,
      "op_leverage_ratio": Infinity,
      "fcf_margin_change": -0.22426277376954518
    },
    {
      "date": "2023-06-30T00:00:00",
      "quarter_label": "2023-06 (Q2)",
      "revenue": 171512000,
      "gross_profit": 63331000,
      "operating_income": -27608000,
      "net_income": -30166000,
      "opex": 90939000,
      "cogs": 108181000,
      "rd": null,
      "sga": null,
      "fcf": 42674000,
      "ocf": 49446000,
      "capex": -6772000,
      "gross_margin": 0.3692511311161901,
      "op_margin": -0.16096832874667663,
      "fcf_margin": 0.24881057885162555,
      "incr_op_margin_yoy": -3.206446901731692,
      "rev_growth_yoy": -0.14359614520397462,
      "rev_growth_yoy_accel": 0.17176302515050218,
      "op_leverage_ratio": 0.2180097589402797,
      "fcf_margin_change": 0.41642504989843254
    },
    {
      "date": "2023-09-30T00:00:00",
      "quarter_label": "2023-09 (Q3)",
      "revenue": 117730000,
      "gross_profit": 44666000,
      "operating_income": -12884000,
      "net_income": -19261000,
      "opex": 57550000,
      "cogs": 73064000,
      "rd": null,
      "sga": null,
      "fcf": 11679000,
      "ocf": 18503000,
      "capex": -6824000,
      "gross_margin": 0.37939352756306804,
      "op_margin": -0.1094368470228489,
      "fcf_margin": 0.0992015628981568,
      "incr_op_margin_yoy": 7.814635368807952,
      "rev_growth_yoy": 0.2552778607071267,
      "rev_growth_yoy_accel": 0.39887400591110134,
      "fcf_margin_change": -0.14960901595346876
    },
    {
      "date": "2023-12-31T00:00:00",
      "quarter_label": "2023-12 (Q4)",
      "revenue": 163479000,
      "gross_profit": 60137000,
      "operating_income": -11692000,
      "net_income": -24045000,
      "opex": 71829000,
      "cogs": 103342000,
      "rd": null,
      "sga": null,
      "fcf": 15415000,
      "ocf": 19683000,
      "capex": -4268000,
      "gross_margin": 0.3678576453244759,
      "op_margin": -0.07151988940475536,
      "fcf_margin": 0.0942934566519247,
      "incr_op_margin_yoy": 0.45222125779215655,
      "rev_growth_yoy": 0.18348982502370903,
      "rev_growth_yoy_accel": -0.07178803568341768,
      "op_leverage_ratio": 1.5661811616311447,
      "fcf_margin_change": -0.0049081062462321
    },
    {
      "date": "2024-03-31T00:00:00",
      "quarter_label": "2024-03 (Q1)",
      "revenue": 144914000,
      "gross_profit": 62563000,
      "operating_income": -73000,
      "net_income": -4683000,
      "opex": 62636000,
      "cogs": 82351000,
      "rd": null,
      "sga": null,
      "fcf": -18281000,
      "ocf": -12598000,
      "capex": -5683000,
      "gross_margin": 0.43172502311715916,
      "op_margin": -0.0005037470499744676,
      "fcf_margin": -0.12615068247374306,
      "incr_op_margin_yoy": -0.3868073238753486,
      "rev_growth_yoy": -0.05384530004374482,
      "rev_growth_yoy_accel": -0.23733512506745386,
      "fcf_margin_change": -0.22044413912566777
    },
    {
      "date": "2024-06-30T00:00:00",
      "quarter_label": "2024-06 (Q2)",
      "revenue": 168471000,
      "gross_profit": 72328000,
      "operating_income": 4795000,
      "net_income": -2578000,
      "opex": 67533000,
      "cogs": 96143000,
      "rd": null,
      "sga": null,
      "fcf": 11816000,
      "ocf": 13867000,
      "capex": -2051000,
      "gross_margin": 0.42932017973419756,
      "op_margin": 0.028461871776151386,
      "fcf_margin": 0.07013670008488107,
      "incr_op_margin_yoy": -10.655376520881289,
      "rev_growth_yoy": -0.017730537804934932,
      "rev_growth_yoy_accel": 0.03611476223880988,
      "op_leverage_ratio": 2.079234866005139,
      "fcf_margin_change": 0.19628738255862413
    },
    {
      "date": "2024-09-30T00:00:00",
      "quarter_label": "2024-09 (Q3)",
      "revenue": 122050000,
      "gross_profit": 51688000,
      "operating_income": -7428000,
      "net_income": -19789000,
      "opex": 59116000,
      "cogs": 70362000,
      "rd": null,
      "sga": null,
      "fcf": 12847000,
      "ocf": 15147000,
      "capex": -2300000,
      "gross_margin": 0.42349856616140924,
      "op_margin": -0.0608603031544449,
      "fcf_margin": 0.10526013928717738,
      "incr_op_margin_yoy": 1.262962962962963,
      "rev_growth_yoy": 0.03669413063790028,
      "rev_growth_yoy_accel": 0.05442466844283521,
      "fcf_margin_change": 0.03512343920229631
    },
    {
      "date": "2024-12-31T00:00:00",
      "quarter_label": "2024-12 (Q4)",
      "revenue": 168637000,
      "gross_profit": 68890000,
      "operating_income": -238000,
      "net_income": -6958000,
      "opex": 69128000,
      "cogs": 99747000,
      "rd": null,
      "sga": null,
      "fcf": 5510000,
      "ocf": 7472000,
      "capex": -1962000,
      "gross_margin": 0.40851058783066585,
      "op_margin": -0.001411315428998381,
      "fcf_margin": 0.032673731150340675,
      "incr_op_margin_yoy": 2.220628150445909,
      "rev_growth_yoy": 0.03155145309183442,
      "rev_growth_yoy_accel": -0.0051426775460658575,
      "op_leverage_ratio": 2.2537781307249,
      "fcf_margin_change": -0.0725864081368367
    },
    {
      "date": "2025-03-31T00:00:00",
      "quarter_label": "2025-03 (Q1)",
      "revenue": 143283000,
      "gross_profit": 59459000,
      "operating_income": 3412000,
      "net_income": -778000,
      "opex": 56047000,
      "cogs": 83824000,
      "rd": null,
      "sga": null,
      "fcf": -22663000,
      "ocf": -20837000,
      "capex": -1826000,
      "gross_margin": 0.41497595667315734,
      "op_margin": 0.023813013407033633,
      "fcf_margin": -0.15816949673024713,
      "incr_op_margin_yoy": -2.136725935009197,
      "rev_growth_yoy": -0.011254951212443243,
      "rev_growth_yoy_accel": -0.042806404304277665,
      "fcf_margin_change": -0.1908432278805878
    },
    {
      "date": "2025-06-30T00:00:00",
      "quarter_label": "2025-06 (Q2)",
      "revenue": 145483000,
      "gross_profit": 57000000,
      "operating_income": -6095000,
      "net_income": -7384000,
      "opex": 63095000,
      "cogs": 88483000,
      "rd": null,
      "sga": null,
      "fcf": 15667000,
      "ocf": 18292000,
      "capex": -2625000,
      "gross_margin": 0.3917983544469113,
      "op_margin": -0.04189492930445481,
      "fcf_margin": 0.10768955823017122,
      "incr_op_margin_yoy": 0.4737254219592831,
      "rev_growth_yoy": -0.13645078381442505,
      "rev_growth_yoy_accel": -0.1251958326019818,
      "op_leverage_ratio": 0.12209967014549832,
      "fcf_margin_change": 0.26585905496041834
    },
    {
      "date": "2025-09-30T00:00:00",
      "quarter_label": "2025-09 (Q3)",
      "revenue": 125396000,
      "gross_profit": 48546000,
      "operating_income": -83360000,
      "net_income": -89819000,
      "opex": 131906000,
      "cogs": 76850000,
      "rd": null,
      "sga": null,
      "fcf": 6391000,
      "ocf": 7554000,
      "capex": -1163000,
      "gross_margin": 0.3871415356151711,
      "op_margin": -0.6647739959807331,
      "fcf_margin": 0.05096653800759195,
      "incr_op_margin_yoy": -22.693365212193665,
      "rev_growth_yoy": 0.02741499385497747,
      "rev_growth_yoy_accel": 0.16386577766940252,
      "fcf_margin_change": -0.05672302022257927
    }
  ],
  "signals": [
    {
      "quarter": "2025-09 (Q3)",
      "signal": "YoY REVENUE GROWTH ACCELERATION",
      "detail": "YoY growth: +2.7% vs prior quarter YoY: -13.6% (accel: +16.4%)",
      "severity": "HIGH"
    },
    {
      "quarter": "2025-06 (Q2)",
      "signal": "FCF TURNED POSITIVE",
      "detail": "FCF margin: -15.8% -> +10.8%",
      "severity": "HIGH"
    },
    {
      "quarter": "2025-06 (Q2)",
      "signal": "YoY REVENUE GROWTH DECELERATION",
      "detail": "YoY growth: -13.6% vs prior quarter YoY: -1.1% (decel: -12.5%)",
      "severity": "WARNING"
    },
    {
      "quarter": "2025-03 (Q1)",
      "signal": "OP MARGIN TURNED POSITIVE (YoY)",
      "detail": "Op margin: -0.1% (year-ago) -> +2.4%",
      "severity": "HIGH"
    },
    {
      "quarter": "2025-03 (Q1)",
      "signal": "OP MARGIN TURNED POSITIVE (QoQ)",
      "detail": "Op margin: -0.1% -> +2.4%",
      "severity": "HIGH"
    },
    {
      "quarter": "2024-12 (Q4)",
      "signal": "OPERATING LEVERAGE",
      "detail": "Rev growth +38.2% vs OpEx growth +16.9% (leverage: 2.3x)",
      "severity": "MEDIUM"
    },
    {
      "quarter": "2024-09 (Q3)",
      "signal": "YoY REVENUE GROWTH ACCELERATION",
      "detail": "YoY growth: +3.7% vs prior quarter YoY: -1.8% (accel: +5.4%)",
      "severity": "MEDIUM"
    },
    {
      "quarter": "2024-06 (Q2)",
      "signal": "FCF TURNED POSITIVE",
      "detail": "FCF margin: -12.6% -> +7.0%",
      "severity": "HIGH"
    },
    {
      "quarter": "2024-06 (Q2)",
      "signal": "OPERATING LEVERAGE",
      "detail": "Rev growth +16.3% vs OpEx growth +7.8% (leverage: 2.1x)",
      "severity": "MEDIUM"
    },
    {
      "quarter": "2024-06 (Q2)",
      "signal": "OP MARGIN TURNED POSITIVE (YoY)",
      "detail": "Op margin: -16.1% (year-ago) -> +2.8%",
      "severity": "HIGH"
    },
    {
      "quarter": "2024-06 (Q2)",
      "signal": "OP MARGIN TURNED POSITIVE (QoQ)",
      "detail": "Op margin: -0.1% -> +2.8%",
      "severity": "HIGH"
    },
    {
      "quarter": "2024-03 (Q1)",
      "signal": "GROSS MARGIN INFLECTION",
      "detail": "GM: +37.9% -> +36.8% -> +43.2% (reversal +6.4%)",
      "severity": "HIGH"
    },
    {
      "quarter": "2024-03 (Q1)",
      "signal": "YoY REVENUE GROWTH DECELERATION",
      "detail": "YoY growth: -5.4% vs prior quarter YoY: +18.3% (decel: -23.7%)",
      "severity": "WARNING"
    },
    {
      "quarter": "2023-12 (Q4)",
      "signal": "OPERATING LEVERAGE",
      "detail": "Rev growth +38.9% vs OpEx growth +24.8% (leverage: 1.6x)",
      "severity": "MEDIUM"
    },
    {
      "quarter": "2023-12 (Q4)",
      "signal": "YoY REVENUE GROWTH DECELERATION",
      "detail": "YoY growth: +18.3% vs prior quarter YoY: +25.5% (decel: -7.2%)",
      "severity": "WARNING"
    },
    {
      "quarter": "2023-09 (Q3)",
      "signal": "YoY REVENUE GROWTH ACCELERATION",
      "detail": "YoY growth: +25.5% vs prior quarter YoY: -14.4% (accel: +39.9%)",
      "severity": "HIGH"
    },
    {
      "quarter": "2023-06 (Q2)",
      "signal": "FCF TURNED POSITIVE",
      "detail": "FCF margin: -16.8% -> +24.9%",
      "severity": "HIGH"
    },
    {
      "quarter": "2023-06 (Q2)",
      "signal": "YoY REVENUE GROWTH ACCELERATION",
      "detail": "YoY growth: -14.4% vs prior quarter YoY: -31.5% (accel: +17.2%)",
      "severity": "HIGH"
    },
    {
      "quarter": "2023-03 (Q1)",
      "signal": "YoY REVENUE GROWTH DECELERATION",
      "detail": "YoY growth: -31.5% vs prior quarter YoY: -21.0% (decel: -10.5%)",
      "severity": "WARNING"
    },
    {
      "quarter": "2022-12 (Q4)",
      "signal": "GROSS MARGIN INFLECTION",
      "detail": "GM: +36.7% -> +27.7% -> +33.1% (reversal +5.4%)",
      "severity": "HIGH"
    },
    {
      "quarter": "2022-12 (Q4)",
      "signal": "YoY REVENUE GROWTH ACCELERATION",
      "detail": "YoY growth: -21.0% vs prior quarter YoY: -42.1% (accel: +21.1%)",
      "severity": "HIGH"
    },
    {
      "quarter": "2022-09 (Q3)",
      "signal": "FCF MARGIN EXPANSION",
      "detail": "FCF margin: +4.5% -> +22.8% (+18.3%)",
      "severity": "MEDIUM"
    },
    {
      "quarter": "2022-09 (Q3)",
      "signal": "YoY REVENUE GROWTH DECELERATION",
      "detail": "YoY growth: -42.1% vs prior quarter YoY: -6.0% (decel: -36.1%)",
      "severity": "WARNING"
    },
    {
      "quarter": "2022-06 (Q2)",
      "signal": "FCF TURNED POSITIVE",
      "detail": "FCF margin: -23.0% -> +4.5%",
      "severity": "HIGH"
    },
    {
      "quarter": "2022-03 (Q1)",
      "signal": "YoY REVENUE GROWTH DECELERATION",
      "detail": "YoY growth: -5.0% vs prior quarter YoY: +30.8% (decel: -35.8%)",
      "severity": "WARNING"
    },
    {
      "quarter": "2021-12 (Q4)",
      "signal": "GROSS MARGIN INFLECTION",
      "detail": "GM: +39.1% -> +33.5% -> +37.0% (reversal +3.5%)",
      "severity": "MEDIUM"
    },
    {
      "quarter": "2021-06 (Q2)",
      "signal": "FCF TURNED POSITIVE",
      "detail": "FCF margin: -13.3% -> +17.1%",
      "severity": "HIGH"
    },
    {
      "quarter": "2021-03 (Q1)",
      "signal": "OPERATING LEVERAGE",
      "detail": "Rev growth +76.2% vs OpEx growth +1.2% (leverage: 64.6x)",
      "severity": "MEDIUM"
    },
    {
      "quarter": "2021-03 (Q1)",
      "signal": "OP MARGIN TURNED POSITIVE (QoQ)",
      "detail": "Op margin: -0.7% -> +20.3%",
      "severity": "HIGH"
    }
  ],
  "data_quality": {
    "n_quarters": 20,
    "coverage": {
      "revenue": [
        20,
        20
      ],
      "gross_profit": [
        20,
        20
      ],
      "op_income": [
        20,
        20
      ],
      "fcf": [
        20,
        20
      ]
    },
    "gaps": [],
    "warnings": []
  },
  "market_cap": null,
  "source": "SEC EDGAR",
  "last_updated": "2026-02-02T23:10:47.707947",
  "sector": "Consumer Cyclical",
  "industry": "Furnishings, Fixtures & Appliances"
}