{
  "ticker": "CORT",
  "name": "CORCEPT THERAPEUTICS INC",
  "quarters": [
    {
      "date": "2020-12-31T00:00:00",
      "quarter_label": "2020-12 (Q4)",
      "revenue": 85735000,
      "gross_profit": 84481000,
      "operating_income": 30510000,
      "net_income": 25994000,
      "opex": 55225000,
      "cogs": 1254000,
      "rd": 28275000,
      "sga": 25696000,
      "fcf": 34640000,
      "ocf": 35071000,
      "capex": -431000,
      "gross_margin": 0.9853735347291072,
      "op_margin": 0.3558639995334461,
      "fcf_margin": 0.40403569137458445
    },
    {
      "date": "2021-03-31T00:00:00",
      "quarter_label": "2021-03 (Q1)",
      "revenue": 79437000,
      "gross_profit": 78169000,
      "operating_income": 19638000,
      "net_income": 23465000,
      "opex": 59799000,
      "cogs": 1268000,
      "rd": 29022000,
      "sga": 29509000,
      "fcf": 25296000,
      "ocf": 25422000,
      "capex": -126000,
      "gross_margin": 0.9840376650679155,
      "op_margin": 0.24721477397182673,
      "fcf_margin": 0.31844102873975605,
      "fcf_margin_change": -0.0855946626348284
    },
    {
      "date": "2021-06-30T00:00:00",
      "quarter_label": "2021-06 (Q2)",
      "revenue": 91588000,
      "gross_profit": 90204000,
      "operating_income": 31943000,
      "net_income": 26523000,
      "opex": 59645000,
      "cogs": 1384000,
      "rd": 28232000,
      "sga": 30029000,
      "fcf": 44220000,
      "ocf": 44339000,
      "capex": -119000,
      "gross_margin": 0.9848888500676944,
      "op_margin": 0.3487683976066734,
      "fcf_margin": 0.48281434249028254,
      "op_leverage_ratio": Infinity,
      "fcf_margin_change": 0.1643733137505265
    },
    {
      "date": "2021-09-30T00:00:00",
      "quarter_label": "2021-09 (Q3)",
      "revenue": 96131000,
      "gross_profit": 94856000,
      "operating_income": 36232000,
      "net_income": 30471000,
      "opex": 59899000,
      "cogs": 1275000,
      "rd": 28091000,
      "sga": 30533000,
      "fcf": 48545000,
      "ocf": 48704000,
      "capex": -159000,
      "gross_margin": 0.9867368486752452,
      "op_margin": 0.37690235199883493,
      "fcf_margin": 0.5049879851452705,
      "op_leverage_ratio": 11.647815628633396,
      "fcf_margin_change": 0.022173642654988
    },
    {
      "date": "2021-12-31T00:00:00",
      "quarter_label": "2021-12 (Q4)",
      "revenue": 98822000,
      "gross_profit": 97468000,
      "operating_income": 36664000,
      "net_income": 32053000,
      "opex": 62158000,
      "cogs": 1354000,
      "rd": 28519000,
      "sga": 32285000,
      "fcf": 49362000,
      "ocf": 49427000,
      "capex": -65000,
      "gross_margin": 0.9862985974782943,
      "op_margin": 0.37101050373398636,
      "fcf_margin": 0.4995041589929368,
      "incr_op_margin_yoy": 0.4702376404065103,
      "rev_growth_yoy": 0.15264477751210123,
      "op_leverage_ratio": 0.7422557639535792,
      "fcf_margin_change": -0.005483826152333726
    },
    {
      "date": "2022-03-31T00:00:00",
      "quarter_label": "2022-03 (Q1)",
      "revenue": 93688000,
      "gross_profit": 92438000,
      "operating_income": 26769000,
      "net_income": 22797000,
      "opex": 66919000,
      "cogs": 1250000,
      "rd": 28120000,
      "sga": 37549000,
      "fcf": 35235000,
      "ocf": 35247000,
      "capex": -12000,
      "gross_margin": 0.9866578430535394,
      "op_margin": 0.2857249594398429,
      "fcf_margin": 0.3760887200068312,
      "incr_op_margin_yoy": 0.5003859378289243,
      "rev_growth_yoy": 0.17940002769490287,
      "rev_growth_yoy_accel": 0.026755250182801643,
      "fcf_margin_change": -0.12341543898610563
    },
    {
      "date": "2022-06-30T00:00:00",
      "quarter_label": "2022-06 (Q2)",
      "revenue": 103386000,
      "gross_profit": 102070000,
      "operating_income": 31432000,
      "net_income": 27412000,
      "opex": 71954000,
      "cogs": 1316000,
      "rd": 32825000,
      "sga": 37813000,
      "fcf": 18021000,
      "ocf": 18040000,
      "capex": -19000,
      "gross_margin": 0.9872710038109609,
      "op_margin": 0.3040256901321262,
      "fcf_margin": 0.1743079333758923,
      "incr_op_margin_yoy": -0.04331242583488727,
      "rev_growth_yoy": 0.1288160020963445,
      "rev_growth_yoy_accel": -0.050584025598558374,
      "op_leverage_ratio": 1.3757774266836948,
      "fcf_margin_change": -0.2017807866309389
    },
    {
      "date": "2022-09-30T00:00:00",
      "quarter_label": "2022-09 (Q3)",
      "revenue": 101728000,
      "gross_profit": 100389000,
      "operating_income": 31934000,
      "net_income": 34608000,
      "opex": 69794000,
      "cogs": 1339000,
      "rd": 33292000,
      "sga": 35163000,
      "fcf": 33297000,
      "ocf": 33648000,
      "capex": -351000,
      "gross_margin": 0.9868374488832966,
      "op_margin": 0.3139155394778232,
      "fcf_margin": 0.3273140138408305,
      "incr_op_margin_yoy": -0.7679113810970163,
      "rev_growth_yoy": 0.05822263369776659,
      "rev_growth_yoy_accel": -0.07059336839857791,
      "fcf_margin_change": 0.1530060804649382
    },
    {
      "date": "2022-12-31T00:00:00",
      "quarter_label": "2022-12 (Q4)",
      "revenue": 103056000,
      "gross_profit": 101576000,
      "operating_income": 22499000,
      "net_income": 16601000,
      "opex": 80557000,
      "cogs": 1480000,
      "rd": 36754000,
      "sga": 42323000,
      "fcf": 33357000,
      "ocf": 33388000,
      "capex": -31000,
      "gross_margin": 0.9856388759509392,
      "op_margin": 0.21831819593230864,
      "fcf_margin": 0.3236783884489986,
      "incr_op_margin_yoy": -3.3455361360415683,
      "rev_growth_yoy": 0.042844710691951185,
      "rev_growth_yoy_accel": -0.015377923005815405,
      "op_leverage_ratio": 0.08465299299205153,
      "fcf_margin_change": -0.003635625391831876
    },
    {
      "date": "2023-03-31T00:00:00",
      "quarter_label": "2023-03 (Q1)",
      "revenue": 105654000,
      "gross_profit": 104268000,
      "operating_income": 14853000,
      "net_income": 15879000,
      "opex": 90801000,
      "cogs": 1386000,
      "rd": 40851000,
      "sga": 48564000,
      "fcf": 25957000,
      "ocf": 25957000,
      "capex": null,
      "gross_margin": 0.9868817082173889,
      "op_margin": 0.1405815208132205,
      "fcf_margin": 0.24567929278588602,
      "incr_op_margin_yoy": -0.9958214942336621,
      "rev_growth_yoy": 0.12772180001707797,
      "rev_growth_yoy_accel": 0.08487708932512679,
      "op_leverage_ratio": 0.19824378435844026,
      "fcf_margin_change": -0.07799909566311258
    },
    {
      "date": "2023-06-30T00:00:00",
      "quarter_label": "2023-06 (Q2)",
      "revenue": 117715000,
      "gross_profit": 116141000,
      "operating_income": 29583000,
      "net_income": 27528000,
      "opex": 88132000,
      "cogs": 1574000,
      "rd": 43277000,
      "sga": 43281000,
      "fcf": 42184000,
      "ocf": 42286000,
      "capex": -102000,
      "gross_margin": 0.9866287219130951,
      "op_margin": 0.2513103682623285,
      "fcf_margin": 0.3583570488043155,
      "incr_op_margin_yoy": -0.1290390117942634,
      "rev_growth_yoy": 0.1385971021221442,
      "rev_growth_yoy_accel": 0.010875302105066237,
      "op_leverage_ratio": Infinity,
      "fcf_margin_change": 0.1126777560184295
    },
    {
      "date": "2023-09-30T00:00:00",
      "quarter_label": "2023-09 (Q3)",
      "revenue": 123601000,
      "gross_profit": 121956000,
      "operating_income": 31177000,
      "net_income": 31378000,
      "opex": 92424000,
      "cogs": 1645000,
      "rd": 45517000,
      "sga": 45262000,
      "fcf": 52872000,
      "ocf": 52909000,
      "capex": -37000,
      "gross_margin": 0.9866910461889467,
      "op_margin": 0.25223905955453435,
      "fcf_margin": 0.427763529421283,
      "incr_op_margin_yoy": -0.03460887852603667,
      "rev_growth_yoy": 0.21501454860018873,
      "rev_growth_yoy_accel": 0.07641744647804452,
      "op_leverage_ratio": 1.0267444483709074,
      "fcf_margin_change": 0.06940648061696747
    },
    {
      "date": "2023-12-31T00:00:00",
      "quarter_label": "2023-12 (Q4)",
      "revenue": 135405000,
      "gross_profit": 133528000,
      "operating_income": 31669000,
      "net_income": 31355000,
      "opex": 103736000,
      "cogs": 1877000,
      "rd": 54707000,
      "sga": 47152000,
      "fcf": 5887000,
      "ocf": 5887000,
      "capex": null,
      "gross_margin": 0.9861378826483512,
      "op_margin": 0.23388353458144087,
      "fcf_margin": 0.04347697647797349,
      "incr_op_margin_yoy": 0.28347089554545735,
      "rev_growth_yoy": 0.3138972985561248,
      "rev_growth_yoy_accel": 0.09888274995593607,
      "op_leverage_ratio": 0.7802837819146284,
      "fcf_margin_change": -0.3842865529433095
    },
    {
      "date": "2024-03-31T00:00:00",
      "quarter_label": "2024-03 (Q1)",
      "revenue": 146808000,
      "gross_profit": 144273000,
      "operating_income": 29500000,
      "net_income": 27762000,
      "opex": 117308000,
      "cogs": 2535000,
      "rd": 58505000,
      "sga": 56268000,
      "fcf": 23756000,
      "ocf": 23756000,
      "capex": null,
      "gross_margin": 0.9827325486349517,
      "op_margin": 0.2009427279167348,
      "fcf_margin": 0.1618167947250831,
      "incr_op_margin_yoy": 0.3559070807211936,
      "rev_growth_yoy": 0.3895167244022943,
      "rev_growth_yoy_accel": 0.07561942584616949,
      "op_leverage_ratio": 0.6436800806931794,
      "fcf_margin_change": 0.1183398182471096
    },
    {
      "date": "2024-06-30T00:00:00",
      "quarter_label": "2024-06 (Q2)",
      "revenue": 163796000,
      "gross_profit": 161272000,
      "operating_income": 35592000,
      "net_income": 35488000,
      "opex": 128204000,
      "cogs": 2524000,
      "rd": 58745000,
      "sga": 66935000,
      "fcf": 40772000,
      "ocf": 41188000,
      "capex": -416000,
      "gross_margin": 0.9845905882927544,
      "op_margin": 0.2172946836308579,
      "fcf_margin": 0.24891938753083104,
      "incr_op_margin_yoy": 0.1304008159545149,
      "rev_growth_yoy": 0.3914624304464172,
      "rev_growth_yoy_accel": 0.001945706044122919,
      "op_leverage_ratio": 1.2458135956452376,
      "fcf_margin_change": 0.08710259280574795
    },
    {
      "date": "2024-09-30T00:00:00",
      "quarter_label": "2024-09 (Q3)",
      "revenue": 182546000,
      "gross_profit": 179679000,
      "operating_income": 46598000,
      "net_income": 47213000,
      "opex": 135948000,
      "cogs": 2867000,
      "rd": 59336000,
      "sga": 73745000,
      "fcf": 71658000,
      "ocf": 73293000,
      "capex": -1635000,
      "gross_margin": 0.9842943696383377,
      "op_margin": 0.255267165536358,
      "fcf_margin": 0.39254763182978536,
      "incr_op_margin_yoy": 0.2616167613877343,
      "rev_growth_yoy": 0.4768974361048859,
      "rev_growth_yoy_accel": 0.08543500565846868,
      "op_leverage_ratio": 1.8951090756613396,
      "fcf_margin_change": 0.14362824429895432
    },
    {
      "date": "2024-12-31T00:00:00",
      "quarter_label": "2024-12 (Q4)",
      "revenue": 181890000,
      "gross_profit": 178934000,
      "operating_income": 25262000,
      "net_income": 30746000,
      "opex": 156628000,
      "cogs": 2956000,
      "rd": 70300000,
      "sga": 83372000,
      "fcf": 59709000,
      "ocf": 59830000,
      "capex": -121000,
      "gross_margin": 0.9837484193743471,
      "op_margin": 0.13888613997471,
      "fcf_margin": 0.32826983341580074,
      "incr_op_margin_yoy": -0.13782940733569968,
      "rev_growth_yoy": 0.3433034230641409,
      "rev_growth_yoy_accel": -0.13359401304074497,
      "fcf_margin_change": -0.06427779841398462
    },
    {
      "date": "2025-03-31T00:00:00",
      "quarter_label": "2025-03 (Q1)",
      "revenue": 157214000,
      "gross_profit": 154811000,
      "operating_income": 3416000,
      "net_income": 20547000,
      "opex": 153798000,
      "cogs": 2403000,
      "rd": 60735000,
      "sga": 90660000,
      "fcf": 5024000,
      "ocf": 5128000,
      "capex": -104000,
      "gross_margin": 0.9847151017084993,
      "op_margin": 0.021728344803897872,
      "fcf_margin": 0.0319564415382854,
      "incr_op_margin_yoy": -2.506630789928887,
      "rev_growth_yoy": 0.07088169582039126,
      "rev_growth_yoy_accel": -0.27242172724374963,
      "fcf_margin_change": -0.2963133918775153
    },
    {
      "date": "2025-06-30T00:00:00",
      "quarter_label": "2025-06 (Q2)",
      "revenue": 194430000,
      "gross_profit": 190997000,
      "operating_income": 26675000,
      "net_income": 35149000,
      "opex": 167755000,
      "cogs": 3433000,
      "rd": 60471000,
      "sga": 103851000,
      "fcf": 43882000,
      "ocf": 43939000,
      "capex": -57000,
      "gross_margin": 0.9823432597850126,
      "op_margin": 0.1371959059815872,
      "fcf_margin": 0.22569562310343055,
      "incr_op_margin_yoy": -0.29108180453091337,
      "rev_growth_yoy": 0.18702532418374074,
      "rev_growth_yoy_accel": 0.11614362836334947,
      "op_leverage_ratio": 2.6085375023126844,
      "fcf_margin_change": 0.19373918156514516
    },
    {
      "date": "2025-09-30T00:00:00",
      "quarter_label": "2025-09 (Q3)",
      "revenue": 207638000,
      "gross_profit": 203042000,
      "operating_income": 10219000,
      "net_income": 19668000,
      "opex": 197419000,
      "cogs": 4596000,
      "rd": 68846000,
      "sga": 123977000,
      "fcf": 54481000,
      "ocf": 54481000,
      "capex": null,
      "gross_margin": 0.9778653233030563,
      "op_margin": 0.04921546152438378,
      "fcf_margin": 0.2623845346227569,
      "incr_op_margin_yoy": -1.4498246453052765,
      "rev_growth_yoy": 0.13745576457440864,
      "rev_growth_yoy_accel": -0.0495695596093321,
      "op_leverage_ratio": 0.3841665477951454,
      "fcf_margin_change": 0.03668891151932635
    }
  ],
  "signals": [
    {
      "quarter": "2025-06 (Q2)",
      "signal": "FCF MARGIN EXPANSION",
      "detail": "FCF margin: +3.2% -> +22.6% (+19.4%)",
      "severity": "MEDIUM"
    },
    {
      "quarter": "2025-06 (Q2)",
      "signal": "OPERATING LEVERAGE",
      "detail": "Rev growth +23.7% vs OpEx growth +9.1% (leverage: 2.6x)",
      "severity": "MEDIUM"
    },
    {
      "quarter": "2025-06 (Q2)",
      "signal": "YoY REVENUE GROWTH ACCELERATION",
      "detail": "YoY growth: +18.7% vs prior quarter YoY: +7.1% (accel: +11.6%)",
      "severity": "MEDIUM"
    },
    {
      "quarter": "2025-03 (Q1)",
      "signal": "YoY REVENUE GROWTH DECELERATION",
      "detail": "YoY growth: +7.1% vs prior quarter YoY: +34.3% (decel: -27.2%)",
      "severity": "WARNING"
    },
    {
      "quarter": "2024-12 (Q4)",
      "signal": "YoY REVENUE GROWTH DECELERATION",
      "detail": "YoY growth: +34.3% vs prior quarter YoY: +47.7% (decel: -13.4%)",
      "severity": "WARNING"
    },
    {
      "quarter": "2024-09 (Q3)",
      "signal": "FCF MARGIN EXPANSION",
      "detail": "FCF margin: +24.9% -> +39.3% (+14.4%)",
      "severity": "MEDIUM"
    },
    {
      "quarter": "2024-09 (Q3)",
      "signal": "OPERATING LEVERAGE",
      "detail": "Rev growth +11.4% vs OpEx growth +6.0% (leverage: 1.9x)",
      "severity": "MEDIUM"
    },
    {
      "quarter": "2024-09 (Q3)",
      "signal": "YoY REVENUE GROWTH ACCELERATION",
      "detail": "YoY growth: +47.7% vs prior quarter YoY: +39.1% (accel: +8.5%)",
      "severity": "MEDIUM"
    },
    {
      "quarter": "2024-06 (Q2)",
      "signal": "FCF MARGIN EXPANSION",
      "detail": "FCF margin: +16.2% -> +24.9% (+8.7%)",
      "severity": "MEDIUM"
    },
    {
      "quarter": "2024-03 (Q1)",
      "signal": "FCF MARGIN EXPANSION",
      "detail": "FCF margin: +4.3% -> +16.2% (+11.8%)",
      "severity": "MEDIUM"
    },
    {
      "quarter": "2024-03 (Q1)",
      "signal": "YoY REVENUE GROWTH ACCELERATION",
      "detail": "YoY growth: +39.0% vs prior quarter YoY: +31.4% (accel: +7.6%)",
      "severity": "MEDIUM"
    },
    {
      "quarter": "2024-03 (Q1)",
      "signal": "INCREMENTAL MARGIN (YoY)",
      "detail": "YoY Incr OPM: +35.6% vs year-ago OPM: +14.1%",
      "severity": "HIGH"
    },
    {
      "quarter": "2023-12 (Q4)",
      "signal": "YoY REVENUE GROWTH ACCELERATION",
      "detail": "YoY growth: +31.4% vs prior quarter YoY: +21.5% (accel: +9.9%)",
      "severity": "MEDIUM"
    },
    {
      "quarter": "2023-09 (Q3)",
      "signal": "FCF MARGIN EXPANSION",
      "detail": "FCF margin: +35.8% -> +42.8% (+6.9%)",
      "severity": "MEDIUM"
    },
    {
      "quarter": "2023-09 (Q3)",
      "signal": "YoY REVENUE GROWTH ACCELERATION",
      "detail": "YoY growth: +21.5% vs prior quarter YoY: +13.9% (accel: +7.6%)",
      "severity": "MEDIUM"
    },
    {
      "quarter": "2023-06 (Q2)",
      "signal": "FCF MARGIN EXPANSION",
      "detail": "FCF margin: +24.6% -> +35.8% (+11.3%)",
      "severity": "MEDIUM"
    },
    {
      "quarter": "2023-03 (Q1)",
      "signal": "YoY REVENUE GROWTH ACCELERATION",
      "detail": "YoY growth: +12.8% vs prior quarter YoY: +4.3% (accel: +8.5%)",
      "severity": "MEDIUM"
    },
    {
      "quarter": "2022-09 (Q3)",
      "signal": "FCF MARGIN EXPANSION",
      "detail": "FCF margin: +17.4% -> +32.7% (+15.3%)",
      "severity": "MEDIUM"
    },
    {
      "quarter": "2022-09 (Q3)",
      "signal": "YoY REVENUE GROWTH DECELERATION",
      "detail": "YoY growth: +5.8% vs prior quarter YoY: +12.9% (decel: -7.1%)",
      "severity": "WARNING"
    },
    {
      "quarter": "2022-06 (Q2)",
      "signal": "YoY REVENUE GROWTH DECELERATION",
      "detail": "YoY growth: +12.9% vs prior quarter YoY: +17.9% (decel: -5.1%)",
      "severity": "WARNING"
    },
    {
      "quarter": "2022-03 (Q1)",
      "signal": "INCREMENTAL MARGIN (YoY)",
      "detail": "YoY Incr OPM: +50.0% vs year-ago OPM: +24.7%",
      "severity": "HIGH"
    },
    {
      "quarter": "2021-12 (Q4)",
      "signal": "INCREMENTAL MARGIN (YoY)",
      "detail": "YoY Incr OPM: +47.0% vs year-ago OPM: +35.6%",
      "severity": "MEDIUM"
    },
    {
      "quarter": "2021-09 (Q3)",
      "signal": "OPERATING LEVERAGE",
      "detail": "Rev growth +5.0% vs OpEx growth +0.4% (leverage: 11.6x)",
      "severity": "MEDIUM"
    },
    {
      "quarter": "2021-06 (Q2)",
      "signal": "FCF MARGIN EXPANSION",
      "detail": "FCF margin: +31.8% -> +48.3% (+16.4%)",
      "severity": "MEDIUM"
    }
  ],
  "data_quality": {
    "n_quarters": 20,
    "coverage": {
      "revenue": [
        20,
        20
      ],
      "gross_profit": [
        20,
        20
      ],
      "op_income": [
        20,
        20
      ],
      "fcf": [
        20,
        20
      ]
    },
    "gaps": [],
    "warnings": []
  },
  "market_cap": null,
  "source": "SEC EDGAR",
  "last_updated": "2026-02-02T21:05:25.888812",
  "sector": "Healthcare",
  "industry": "Biotechnology"
}