{
  "ticker": "CORZ",
  "name": "Core Scientific, Inc./tx",
  "quarters": [
    {
      "date": "2021-03-31T00:00:00",
      "quarter_label": "2021-03 (Q1)",
      "revenue": 54246000,
      "gross_profit": 14533000,
      "operating_income": -430803,
      "net_income": 4962873,
      "opex": 5537000,
      "cogs": 39713000,
      "rd": 1208000,
      "sga": null,
      "fcf": 4655000,
      "ocf": 15412000,
      "capex": -10757000,
      "gross_margin": 0.2679091545920437,
      "op_margin": -0.007941654684216348,
      "fcf_margin": 0.08581277882240165
    },
    {
      "date": "2021-06-30T00:00:00",
      "quarter_label": "2021-06 (Q2)",
      "revenue": 75303000,
      "gross_profit": 24538000,
      "operating_income": -1457712,
      "net_income": -5556078,
      "opex": 25995712,
      "cogs": 50765000,
      "rd": 1437000,
      "sga": null,
      "fcf": -165061000,
      "ocf": -136743000,
      "capex": -28318000,
      "gross_margin": 0.32585687157218174,
      "op_margin": -0.019357953866379826,
      "fcf_margin": -2.1919578237254824,
      "op_leverage_ratio": 0.10505700418222254,
      "fcf_margin_change": -2.277770602547884
    },
    {
      "date": "2021-09-30T00:00:00",
      "quarter_label": "2021-09 (Q3)",
      "revenue": 113139000,
      "gross_profit": 58424000,
      "operating_income": -2497065,
      "net_income": -18724535,
      "opex": 60921065,
      "cogs": 54715000,
      "rd": 1586000,
      "sga": null,
      "fcf": -122142000,
      "ocf": -45143000,
      "capex": -76999000,
      "gross_margin": 0.51639134162402,
      "op_margin": -0.022070771352053667,
      "fcf_margin": -1.0795746824702357,
      "op_leverage_ratio": 0.37398471349146895,
      "fcf_margin_change": 1.1123831412552467
    },
    {
      "date": "2021-12-31T00:00:00",
      "quarter_label": "2021-12 (Q4)",
      "revenue": 301795000,
      "gross_profit": 141367000,
      "operating_income": -828012,
      "net_income": -13180813,
      "opex": 142195012,
      "cogs": 160428000,
      "rd": 3443000,
      "sga": null,
      "fcf": 225813000,
      "ocf": 109739000,
      "capex": 116074000,
      "gross_margin": 0.46842061664374823,
      "op_margin": -0.002743623983167382,
      "fcf_margin": 0.748233072118491,
      "op_leverage_ratio": 1.2498975641679386,
      "fcf_margin_change": 1.8278077545887266
    },
    {
      "date": "2022-03-31T00:00:00",
      "quarter_label": "2022-03 (Q1)",
      "revenue": 192519000,
      "gross_profit": 70003000,
      "operating_income": -26717000,
      "net_income": -466204000,
      "opex": 44898000,
      "cogs": 122516000,
      "rd": 3340000,
      "sga": null,
      "fcf": -136838000,
      "ocf": -3615000,
      "capex": -133223000,
      "gross_margin": 0.3636160586747282,
      "op_margin": -0.1387759130267662,
      "fcf_margin": -0.7107765986733777,
      "incr_op_margin_yoy": -0.1901036138653244,
      "rev_growth_yoy": 2.5489990045348967,
      "fcf_margin_change": -1.4590096707918687
    },
    {
      "date": "2022-06-30T00:00:00",
      "quarter_label": "2022-06 (Q2)",
      "revenue": 163972000,
      "gross_profit": 12717000,
      "operating_income": -1045383000,
      "net_income": -810475000,
      "opex": 1058100000,
      "cogs": 151255000,
      "rd": 14773000,
      "sga": null,
      "fcf": 39574000,
      "ocf": 144888000,
      "capex": -105314000,
      "gross_margin": 0.07755592418217744,
      "op_margin": -6.375375064035323,
      "fcf_margin": 0.24134608347766692,
      "incr_op_margin_yoy": -11.773283650430251,
      "rev_growth_yoy": 1.177496248489436,
      "rev_growth_yoy_accel": -1.3715027560454607,
      "fcf_margin_change": 0.9521226821510447
    },
    {
      "date": "2022-09-30T00:00:00",
      "quarter_label": "2022-09 (Q3)",
      "revenue": 162572000,
      "gross_profit": -27076000,
      "operating_income": -401374000,
      "net_income": -434792000,
      "opex": 374298000,
      "cogs": 189648000,
      "rd": 6192000,
      "sga": null,
      "fcf": -57300000,
      "ocf": -52100000,
      "capex": -5200000,
      "gross_margin": -0.16654774499913885,
      "op_margin": -2.4688999335678963,
      "fcf_margin": -0.3524592180695323,
      "incr_op_margin_yoy": -8.069041632108107,
      "rev_growth_yoy": 0.4369227233756706,
      "rev_growth_yoy_accel": -0.7405735251137654,
      "fcf_margin_change": -0.5938053015471992
    },
    {
      "date": "2022-12-31T00:00:00",
      "quarter_label": "2022-12 (Q4)",
      "revenue": 121250000,
      "gross_profit": -47244000,
      "operating_income": -636079000,
      "net_income": -434847000,
      "opex": 588835000,
      "cogs": 168494000,
      "rd": 2657000,
      "sga": null,
      "fcf": -24239000,
      "ocf": 115986000,
      "capex": -140225000,
      "gross_margin": -0.38964123711340204,
      "op_margin": -5.246012371134021,
      "fcf_margin": -0.19990927835051547,
      "incr_op_margin_yoy": 3.51851886233349,
      "rev_growth_yoy": -0.5982372140028828,
      "rev_growth_yoy_accel": -1.0351599373785534,
      "fcf_margin_change": 0.1525499397190168
    },
    {
      "date": "2023-03-31T00:00:00",
      "quarter_label": "2023-03 (Q1)",
      "revenue": 120655000,
      "gross_profit": 20484000,
      "operating_income": -3695000,
      "net_income": -11685000,
      "opex": 24179000,
      "cogs": 100171000,
      "rd": 1415000,
      "sga": null,
      "fcf": 18403000,
      "ocf": 19942000,
      "capex": -1539000,
      "gross_margin": 0.16977332062492229,
      "op_margin": -0.03062450789440968,
      "fcf_margin": 0.15252579669305044,
      "incr_op_margin_yoy": -0.3203551152176333,
      "rev_growth_yoy": -0.3732826370384222,
      "rev_growth_yoy_accel": 0.22495457696446058,
      "fcf_margin_change": 0.3524350750435659
    },
    {
      "date": "2023-06-30T00:00:00",
      "quarter_label": "2023-06 (Q2)",
      "revenue": 126912000,
      "gross_profit": 36959000,
      "operating_income": 9384000,
      "net_income": -9260000,
      "opex": 27575000,
      "cogs": 89953000,
      "rd": 1640000,
      "sga": null,
      "fcf": 17800000,
      "ocf": 18035000,
      "capex": -235000,
      "gross_margin": 0.2912175365607665,
      "op_margin": 0.0739409984871407,
      "fcf_margin": 0.14025466464952094,
      "incr_op_margin_yoy": -28.461063140852673,
      "rev_growth_yoy": -0.22601419754592247,
      "rev_growth_yoy_accel": 0.1472684394924997,
      "op_leverage_ratio": 0.3692253277519023,
      "fcf_margin_change": -0.012271132043529503
    },
    {
      "date": "2023-09-30T00:00:00",
      "quarter_label": "2023-09 (Q3)",
      "revenue": 112904000,
      "gross_profit": 15419000,
      "operating_income": -12044000,
      "net_income": -41146000,
      "opex": 27463000,
      "cogs": 97485000,
      "rd": 2253000,
      "sga": null,
      "fcf": 2692000,
      "ocf": 5434000,
      "capex": -2742000,
      "gross_margin": 0.13656734925246228,
      "op_margin": -0.1066746970877914,
      "fcf_margin": 0.02384326507475377,
      "incr_op_margin_yoy": -7.8386486268825,
      "rev_growth_yoy": -0.3055138646261349,
      "rev_growth_yoy_accel": -0.07949966708021242,
      "fcf_margin_change": -0.11641139957476716
    },
    {
      "date": "2023-12-31T00:00:00",
      "quarter_label": "2023-12 (Q4)",
      "revenue": 141929000,
      "gross_profit": 39300000,
      "operating_income": 3934000,
      "net_income": -195693000,
      "opex": 35366000,
      "cogs": 102629000,
      "rd": 1876000,
      "sga": null,
      "fcf": 10058000,
      "ocf": 21703000,
      "capex": -11645000,
      "gross_margin": 0.276899012886725,
      "op_margin": 0.027718084394309832,
      "fcf_margin": 0.07086641912505548,
      "incr_op_margin_yoy": 30.949900865612456,
      "rev_growth_yoy": 0.1705484536082474,
      "rev_growth_yoy_accel": 0.4760623182343823,
      "op_leverage_ratio": 0.8933443496173432,
      "fcf_margin_change": 0.047023154050301705
    },
    {
      "date": "2024-03-31T00:00:00",
      "quarter_label": "2024-03 (Q1)",
      "revenue": 179291000,
      "gross_profit": 77646000,
      "operating_income": 55227000,
      "net_income": 210691000,
      "opex": 22419000,
      "cogs": 101645000,
      "rd": 1799000,
      "sga": 16924000,
      "fcf": -9720000,
      "ocf": 22174000,
      "capex": -31894000,
      "gross_margin": 0.43307249108990414,
      "op_margin": 0.30802996246325803,
      "fcf_margin": -0.05421354111472411,
      "incr_op_margin_yoy": 1.0048775496282147,
      "rev_growth_yoy": 0.4859806887406241,
      "rev_growth_yoy_accel": 0.3154322351323767,
      "op_leverage_ratio": Infinity,
      "fcf_margin_change": -0.12507996023977958
    },
    {
      "date": "2024-06-30T00:00:00",
      "quarter_label": "2024-06 (Q2)",
      "revenue": 141102000,
      "gross_profit": 38817000,
      "operating_income": 6579000,
      "net_income": -804896000,
      "opex": 32238000,
      "cogs": 102285000,
      "rd": 2174000,
      "sga": 31383000,
      "fcf": -1931000,
      "ocf": 1204000,
      "capex": -3135000,
      "gross_margin": 0.27509886465110345,
      "op_margin": 0.04662584513330782,
      "fcf_margin": -0.01368513557568284,
      "incr_op_margin_yoy": -0.19767441860465115,
      "rev_growth_yoy": 0.11180975794251134,
      "rev_growth_yoy_accel": -0.37417093079811276,
      "fcf_margin_change": 0.04052840553904127
    },
    {
      "date": "2024-09-30T00:00:00",
      "quarter_label": "2024-09 (Q3)",
      "revenue": 95354000,
      "gross_profit": -156000,
      "operating_income": -41219000,
      "net_income": -455259000,
      "opex": 41063000,
      "cogs": 95510000,
      "rd": 2841000,
      "sga": 40348000,
      "fcf": -25461000,
      "ocf": 5713000,
      "capex": -31174000,
      "gross_margin": -0.0016360089770749,
      "op_margin": -0.43227342324391216,
      "fcf_margin": -0.2670155420852822,
      "incr_op_margin_yoy": 1.6623931623931625,
      "rev_growth_yoy": -0.15544179125628854,
      "rev_growth_yoy_accel": -0.2672515491987999,
      "fcf_margin_change": -0.25333040650959937
    },
    {
      "date": "2024-12-31T00:00:00",
      "quarter_label": "2024-12 (Q4)",
      "revenue": 94925000,
      "gross_profit": 4763000,
      "operating_income": -39783000,
      "net_income": -265541000,
      "opex": 44546000,
      "cogs": 90162000,
      "rd": 5016000,
      "sga": null,
      "fcf": -14953000,
      "ocf": 13805000,
      "capex": -28758000,
      "gross_margin": 0.050176455096128524,
      "op_margin": -0.4190992889122992,
      "fcf_margin": -0.15752436133789835,
      "incr_op_margin_yoy": 0.9300697812952089,
      "rev_growth_yoy": -0.33117967434421436,
      "rev_growth_yoy_accel": -0.17573788308792582,
      "fcf_margin_change": 0.10949118074738387
    },
    {
      "date": "2025-03-31T00:00:00",
      "quarter_label": "2025-03 (Q1)",
      "revenue": 79525000,
      "gross_profit": 8213000,
      "operating_income": -42596000,
      "net_income": 580693000,
      "opex": 50809000,
      "cogs": 71312000,
      "rd": null,
      "sga": 40115000,
      "fcf": -129021000,
      "ocf": -40599000,
      "capex": -88422000,
      "gross_margin": 0.10327569946557687,
      "op_margin": -0.5356303049355549,
      "fcf_margin": -1.6223954731216599,
      "incr_op_margin_yoy": 0.9805244271595533,
      "rev_growth_yoy": -0.5564473397995437,
      "rev_growth_yoy_accel": -0.2252676654553294,
      "fcf_margin_change": -1.4648711117837616
    },
    {
      "date": "2025-06-30T00:00:00",
      "quarter_label": "2025-06 (Q2)",
      "revenue": 78628000,
      "gross_profit": 5025000,
      "operating_income": -26284000,
      "net_income": -936799000,
      "opex": 31309000,
      "cogs": 73603000,
      "rd": null,
      "sga": 56940000,
      "fcf": -87279000,
      "ocf": 34000000,
      "capex": -121279000,
      "gross_margin": 0.06390853131200082,
      "op_margin": -0.3342829526377372,
      "fcf_margin": -1.1100244187821133,
      "incr_op_margin_yoy": 0.5260268271600986,
      "rev_growth_yoy": -0.44275772136468655,
      "rev_growth_yoy_accel": 0.1136896184348572,
      "fcf_margin_change": 0.5123710543395465
    },
    {
      "date": "2025-09-30T00:00:00",
      "quarter_label": "2025-09 (Q3)",
      "revenue": 81103000,
      "gross_profit": 3905000,
      "operating_income": -57425000,
      "net_income": -146660000,
      "opex": 61330000,
      "cogs": 77198000,
      "rd": null,
      "sga": 69354000,
      "fcf": -112712000,
      "ocf": 131781000,
      "capex": -244493000,
      "gross_margin": 0.048148650481486505,
      "op_margin": -0.7080502570805026,
      "fcf_margin": -1.3897389738973898,
      "incr_op_margin_yoy": 1.1371833555539963,
      "rev_growth_yoy": -0.1494536149506051,
      "rev_growth_yoy_accel": 0.29330410641408144,
      "op_leverage_ratio": 0.032827817953286084,
      "fcf_margin_change": -0.27971455511527643
    }
  ],
  "signals": [
    {
      "quarter": "2025-09 (Q3)",
      "signal": "YoY REVENUE GROWTH ACCELERATION",
      "detail": "YoY growth: -14.9% vs prior quarter YoY: -44.3% (accel: +29.3%)",
      "severity": "HIGH"
    },
    {
      "quarter": "2025-06 (Q2)",
      "signal": "FCF MARGIN EXPANSION",
      "detail": "FCF margin: -162.2% -> -111.0% (+51.2%)",
      "severity": "MEDIUM"
    },
    {
      "quarter": "2025-06 (Q2)",
      "signal": "YoY REVENUE GROWTH ACCELERATION",
      "detail": "YoY growth: -44.3% vs prior quarter YoY: -55.6% (accel: +11.4%)",
      "severity": "MEDIUM"
    },
    {
      "quarter": "2025-03 (Q1)",
      "signal": "YoY REVENUE GROWTH DECELERATION",
      "detail": "YoY growth: -55.6% vs prior quarter YoY: -33.1% (decel: -22.5%)",
      "severity": "WARNING"
    },
    {
      "quarter": "2024-12 (Q4)",
      "signal": "FCF MARGIN EXPANSION",
      "detail": "FCF margin: -26.7% -> -15.8% (+10.9%)",
      "severity": "MEDIUM"
    },
    {
      "quarter": "2024-12 (Q4)",
      "signal": "GROSS MARGIN INFLECTION",
      "detail": "GM: +27.5% -> -0.2% -> +5.0% (reversal +5.2%)",
      "severity": "HIGH"
    },
    {
      "quarter": "2024-12 (Q4)",
      "signal": "YoY REVENUE GROWTH DECELERATION",
      "detail": "YoY growth: -33.1% vs prior quarter YoY: -15.5% (decel: -17.6%)",
      "severity": "WARNING"
    },
    {
      "quarter": "2024-09 (Q3)",
      "signal": "YoY REVENUE GROWTH DECELERATION",
      "detail": "YoY growth: -15.5% vs prior quarter YoY: +11.2% (decel: -26.7%)",
      "severity": "WARNING"
    },
    {
      "quarter": "2024-06 (Q2)",
      "signal": "YoY REVENUE GROWTH DECELERATION",
      "detail": "YoY growth: +11.2% vs prior quarter YoY: +48.6% (decel: -37.4%)",
      "severity": "WARNING"
    },
    {
      "quarter": "2024-03 (Q1)",
      "signal": "YoY REVENUE GROWTH ACCELERATION",
      "detail": "YoY growth: +48.6% vs prior quarter YoY: +17.1% (accel: +31.5%)",
      "severity": "HIGH"
    },
    {
      "quarter": "2024-03 (Q1)",
      "signal": "OP MARGIN TURNED POSITIVE (YoY)",
      "detail": "Op margin: -3.1% (year-ago) -> +30.8%",
      "severity": "HIGH"
    },
    {
      "quarter": "2023-12 (Q4)",
      "signal": "GROSS MARGIN INFLECTION",
      "detail": "GM: +29.1% -> +13.7% -> +27.7% (reversal +14.0%)",
      "severity": "HIGH"
    },
    {
      "quarter": "2023-12 (Q4)",
      "signal": "YoY REVENUE GROWTH ACCELERATION",
      "detail": "YoY growth: +17.1% vs prior quarter YoY: -30.6% (accel: +47.6%)",
      "severity": "HIGH"
    },
    {
      "quarter": "2023-12 (Q4)",
      "signal": "OP MARGIN TURNED POSITIVE (YoY)",
      "detail": "Op margin: -524.6% (year-ago) -> +2.8%",
      "severity": "HIGH"
    },
    {
      "quarter": "2023-12 (Q4)",
      "signal": "OP MARGIN TURNED POSITIVE (QoQ)",
      "detail": "Op margin: -10.7% -> +2.8%",
      "severity": "HIGH"
    },
    {
      "quarter": "2023-09 (Q3)",
      "signal": "YoY REVENUE GROWTH DECELERATION",
      "detail": "YoY growth: -30.6% vs prior quarter YoY: -22.6% (decel: -7.9%)",
      "severity": "WARNING"
    },
    {
      "quarter": "2023-06 (Q2)",
      "signal": "YoY REVENUE GROWTH ACCELERATION",
      "detail": "YoY growth: -22.6% vs prior quarter YoY: -37.3% (accel: +14.7%)",
      "severity": "MEDIUM"
    },
    {
      "quarter": "2023-06 (Q2)",
      "signal": "OP MARGIN TURNED POSITIVE (YoY)",
      "detail": "Op margin: -637.5% (year-ago) -> +7.4%",
      "severity": "HIGH"
    },
    {
      "quarter": "2023-06 (Q2)",
      "signal": "OP MARGIN TURNED POSITIVE (QoQ)",
      "detail": "Op margin: -3.1% -> +7.4%",
      "severity": "HIGH"
    },
    {
      "quarter": "2023-03 (Q1)",
      "signal": "FCF TURNED POSITIVE",
      "detail": "FCF margin: -20.0% -> +15.3%",
      "severity": "HIGH"
    },
    {
      "quarter": "2023-03 (Q1)",
      "signal": "GROSS MARGIN INFLECTION",
      "detail": "GM: -16.7% -> -39.0% -> +17.0% (reversal +55.9%)",
      "severity": "HIGH"
    },
    {
      "quarter": "2023-03 (Q1)",
      "signal": "YoY REVENUE GROWTH ACCELERATION",
      "detail": "YoY growth: -37.3% vs prior quarter YoY: -59.8% (accel: +22.5%)",
      "severity": "HIGH"
    },
    {
      "quarter": "2022-12 (Q4)",
      "signal": "FCF MARGIN EXPANSION",
      "detail": "FCF margin: -35.2% -> -20.0% (+15.3%)",
      "severity": "MEDIUM"
    },
    {
      "quarter": "2022-12 (Q4)",
      "signal": "YoY REVENUE GROWTH DECELERATION",
      "detail": "YoY growth: -59.8% vs prior quarter YoY: +43.7% (decel: -103.5%)",
      "severity": "WARNING"
    },
    {
      "quarter": "2022-09 (Q3)",
      "signal": "YoY REVENUE GROWTH DECELERATION",
      "detail": "YoY growth: +43.7% vs prior quarter YoY: +117.7% (decel: -74.1%)",
      "severity": "WARNING"
    },
    {
      "quarter": "2022-06 (Q2)",
      "signal": "FCF TURNED POSITIVE",
      "detail": "FCF margin: -71.1% -> +24.1%",
      "severity": "HIGH"
    },
    {
      "quarter": "2022-06 (Q2)",
      "signal": "YoY REVENUE GROWTH DECELERATION",
      "detail": "YoY growth: +117.7% vs prior quarter YoY: +254.9% (decel: -137.2%)",
      "severity": "WARNING"
    },
    {
      "quarter": "2021-12 (Q4)",
      "signal": "FCF TURNED POSITIVE",
      "detail": "FCF margin: -108.0% -> +74.8%",
      "severity": "HIGH"
    },
    {
      "quarter": "2021-09 (Q3)",
      "signal": "FCF MARGIN EXPANSION",
      "detail": "FCF margin: -219.2% -> -108.0% (+111.2%)",
      "severity": "MEDIUM"
    }
  ],
  "data_quality": {
    "n_quarters": 19,
    "coverage": {
      "revenue": [
        19,
        19
      ],
      "gross_profit": [
        19,
        19
      ],
      "op_income": [
        19,
        19
      ],
      "fcf": [
        19,
        19
      ]
    },
    "gaps": [],
    "warnings": []
  },
  "market_cap": null,
  "source": "SEC EDGAR",
  "last_updated": "2026-02-02T20:55:24.197917"
}