{
  "ticker": "COSM",
  "name": "COSMOS HEALTH INC.",
  "quarters": [
    {
      "date": "2020-12-31T00:00:00",
      "quarter_label": "2020-12 (Q4)",
      "revenue": 16301019,
      "gross_profit": 2121768,
      "operating_income": 422413,
      "net_income": -831081,
      "opex": 1699355,
      "cogs": 14179251,
      "rd": null,
      "sga": null,
      "fcf": -1163502,
      "ocf": -1159603,
      "capex": -3899,
      "gross_margin": 0.13016167884964738,
      "op_margin": 0.02591328799751721,
      "fcf_margin": -0.07137602870102783
    },
    {
      "date": "2021-03-31T00:00:00",
      "quarter_label": "2021-03 (Q1)",
      "revenue": 11619076,
      "gross_profit": 1001335,
      "operating_income": -1731098,
      "net_income": -2173903,
      "opex": 2732433,
      "cogs": 10617741,
      "rd": null,
      "sga": null,
      "fcf": -667649,
      "ocf": -665339,
      "capex": -2310,
      "gross_margin": 0.08618026080559246,
      "op_margin": -0.1489875787024717,
      "fcf_margin": -0.057461453905628984,
      "fcf_margin_change": 0.013914574795398843
    },
    {
      "date": "2021-06-30T00:00:00",
      "quarter_label": "2021-06 (Q2)",
      "revenue": 14846925,
      "gross_profit": 2036843,
      "operating_income": -1376471,
      "net_income": -2379056,
      "opex": 3413314,
      "cogs": 12810082,
      "rd": null,
      "sga": null,
      "fcf": -1863845,
      "ocf": -1854055,
      "capex": -9790,
      "gross_margin": 0.137189552718829,
      "op_margin": -0.0927108475324015,
      "fcf_margin": -0.12553744293852093,
      "op_leverage_ratio": 1.114858948315881,
      "fcf_margin_change": -0.06807598903289194
    },
    {
      "date": "2021-09-30T00:00:00",
      "quarter_label": "2021-09 (Q3)",
      "revenue": 13595418,
      "gross_profit": 2345570,
      "operating_income": -914551,
      "net_income": -1936543,
      "opex": 3260121,
      "cogs": 11249848,
      "rd": null,
      "sga": null,
      "fcf": -3539533,
      "ocf": -3029875,
      "capex": -509658,
      "gross_margin": 0.17252650856339982,
      "op_margin": -0.0672690607968067,
      "fcf_margin": -0.2603474935452518,
      "fcf_margin_change": -0.13481005060673085
    },
    {
      "date": "2021-12-31T00:00:00",
      "quarter_label": "2021-12 (Q4)",
      "revenue": 16178248,
      "gross_profit": 2946739,
      "operating_income": -511284,
      "net_income": -1472147,
      "opex": 3458023,
      "cogs": 13231509,
      "rd": null,
      "sga": null,
      "fcf": -1607545,
      "ocf": -1547905,
      "capex": -59640,
      "gross_margin": 0.1821420341683475,
      "op_margin": -0.0316031748307975,
      "fcf_margin": -0.09936459127094603,
      "rev_growth_yoy": -0.007531492356398088,
      "op_leverage_ratio": 3.129585301869724,
      "fcf_margin_change": 0.16098290227430573
    },
    {
      "date": "2022-03-31T00:00:00",
      "quarter_label": "2022-03 (Q1)",
      "revenue": 13071800,
      "gross_profit": 1891932,
      "operating_income": 242251,
      "net_income": 203347,
      "opex": 1649681,
      "cogs": 11179868,
      "rd": null,
      "sga": null,
      "fcf": -2341714,
      "ocf": -2337276,
      "capex": -4438,
      "gross_margin": 0.14473385455713828,
      "op_margin": 0.018532336786058538,
      "fcf_margin": -0.1791424287397298,
      "incr_op_margin_yoy": 1.3583784669352197,
      "rev_growth_yoy": 0.1250292191909236,
      "rev_growth_yoy_accel": 0.13256071154732169,
      "fcf_margin_change": -0.07977783746878377
    },
    {
      "date": "2022-06-30T00:00:00",
      "quarter_label": "2022-06 (Q2)",
      "revenue": 13208504,
      "gross_profit": 1845872,
      "operating_income": -74363,
      "net_income": -1241256,
      "opex": 1920235,
      "cogs": 11362632,
      "rd": null,
      "sga": null,
      "fcf": -713517,
      "ocf": -686409,
      "capex": -27108,
      "gross_margin": 0.13974875580156543,
      "op_margin": -0.005629933564013002,
      "fcf_margin": -0.05401951651754052,
      "incr_op_margin_yoy": -0.7947334659406832,
      "rev_growth_yoy": -0.11035423160014615,
      "rev_growth_yoy_accel": -0.23538345079106976,
      "op_leverage_ratio": 0.06376639149810272,
      "fcf_margin_change": 0.12512291222218927
    },
    {
      "date": "2022-09-30T00:00:00",
      "quarter_label": "2022-09 (Q3)",
      "revenue": 12016098,
      "gross_profit": 1783897,
      "operating_income": -344112,
      "net_income": -1972775,
      "opex": 2128009,
      "cogs": 10232201,
      "rd": null,
      "sga": null,
      "fcf": -1534238,
      "ocf": -1528647,
      "capex": -5591,
      "gross_margin": 0.14845892568452754,
      "op_margin": -0.02863758268283098,
      "fcf_margin": -0.12768188142273806,
      "incr_op_margin_yoy": -0.3611927918344604,
      "rev_growth_yoy": -0.11616560814827466,
      "rev_growth_yoy_accel": -0.005811376548128508,
      "fcf_margin_change": -0.07366236490519754
    },
    {
      "date": "2022-12-31T00:00:00",
      "quarter_label": "2022-12 (Q4)",
      "revenue": 12051250,
      "gross_profit": 435256,
      "operating_income": -7297812,
      "net_income": -10819687,
      "opex": 7733068,
      "cogs": 11615994,
      "rd": null,
      "sga": null,
      "fcf": -10355377,
      "ocf": -10318307,
      "capex": -37070,
      "gross_margin": 0.036117083290115135,
      "op_margin": -0.6055647339487605,
      "fcf_margin": -0.8592782491442796,
      "incr_op_margin_yoy": 1.644422410672358,
      "rev_growth_yoy": -0.2550954837631368,
      "rev_growth_yoy_accel": -0.13892987561486214,
      "fcf_margin_change": -0.7315963677215416
    },
    {
      "date": "2023-03-31T00:00:00",
      "quarter_label": "2023-03 (Q1)",
      "revenue": 12349777,
      "gross_profit": 957077,
      "operating_income": -2651172,
      "net_income": -459863,
      "opex": 3608249,
      "cogs": 11392700,
      "rd": null,
      "sga": null,
      "fcf": -6370201,
      "ocf": -6344173,
      "capex": -26028,
      "gross_margin": 0.0774975127081242,
      "op_margin": -0.21467367386471836,
      "fcf_margin": -0.5158150628954676,
      "rev_growth_yoy": -0.05523516271668783,
      "rev_growth_yoy_accel": 0.19986032104644896,
      "op_leverage_ratio": Infinity,
      "fcf_margin_change": 0.343463186248812
    },
    {
      "date": "2023-06-30T00:00:00",
      "quarter_label": "2023-06 (Q2)",
      "revenue": 12363429,
      "gross_profit": 946834,
      "operating_income": -2576465,
      "net_income": -981530,
      "opex": 3523299,
      "cogs": 11416595,
      "rd": null,
      "sga": null,
      "fcf": -6943800,
      "ocf": -5719895,
      "capex": -1223905,
      "gross_margin": 0.07658344622677091,
      "op_margin": -0.20839404666779743,
      "fcf_margin": -0.5616403022171276,
      "rev_growth_yoy": -0.06397961495109514,
      "rev_growth_yoy_accel": -0.008744452234407306,
      "fcf_margin_change": -0.04582523932165994
    },
    {
      "date": "2023-09-30T00:00:00",
      "quarter_label": "2023-09 (Q3)",
      "revenue": 12823797,
      "gross_profit": 1214758,
      "operating_income": -3017301,
      "net_income": -3349204,
      "opex": 4232059,
      "cogs": 11609039,
      "rd": null,
      "sga": null,
      "fcf": -4540215,
      "ocf": -4523658,
      "capex": -16557,
      "gross_margin": 0.09472685819964242,
      "op_margin": -0.23528920490553618,
      "fcf_margin": -0.3540460754330406,
      "rev_growth_yoy": 0.06721807694977189,
      "rev_growth_yoy_accel": 0.13119769190086703,
      "op_leverage_ratio": 0.1851042926362755,
      "fcf_margin_change": 0.20759422678408695
    },
    {
      "date": "2023-12-31T00:00:00",
      "quarter_label": "2023-12 (Q4)",
      "revenue": 15839871,
      "gross_profit": 1230900,
      "operating_income": -13586279,
      "net_income": -13752057,
      "opex": 14817179,
      "cogs": 14608971,
      "rd": null,
      "sga": null,
      "fcf": 905022,
      "ocf": 951727,
      "capex": -46705,
      "gross_margin": 0.07770896619044436,
      "op_margin": -0.8577266191119864,
      "fcf_margin": 0.057135692582344896,
      "incr_op_margin_yoy": -1.659830054259848,
      "rev_growth_yoy": 0.31437577014832485,
      "rev_growth_yoy_accel": 0.24715769319855296,
      "op_leverage_ratio": 0.09403321526009042,
      "fcf_margin_change": 0.41118176801538553
    },
    {
      "date": "2024-03-31T00:00:00",
      "quarter_label": "2024-03 (Q1)",
      "revenue": 14584473,
      "gross_profit": 1333626,
      "operating_income": -1836108,
      "net_income": -1866690,
      "opex": 3169734,
      "cogs": 13250847,
      "rd": 0,
      "sga": null,
      "fcf": -3494765,
      "ocf": -3412103,
      "capex": -82662,
      "gross_margin": 0.09144149397787633,
      "op_margin": -0.12589471007968542,
      "fcf_margin": -0.23962230243081117,
      "incr_op_margin_yoy": 0.36473148920479564,
      "rev_growth_yoy": 0.18095031189632008,
      "rev_growth_yoy_accel": -0.13342545825200477,
      "fcf_margin_change": -0.2967579950131561
    },
    {
      "date": "2024-06-30T00:00:00",
      "quarter_label": "2024-06 (Q2)",
      "revenue": 13206717,
      "gross_profit": 767248,
      "operating_income": -2502026,
      "net_income": -2590711,
      "opex": 3269274,
      "cogs": 12439469,
      "rd": 0,
      "sga": null,
      "fcf": -1245050,
      "ocf": -1210886,
      "capex": -34164,
      "gross_margin": 0.058095285906406564,
      "op_margin": -0.18945101950772475,
      "fcf_margin": -0.09427399708799697,
      "rev_growth_yoy": 0.0682082616400353,
      "rev_growth_yoy_accel": -0.11274205025628478,
      "fcf_margin_change": 0.1453483053428142
    },
    {
      "date": "2024-09-30T00:00:00",
      "quarter_label": "2024-09 (Q3)",
      "revenue": 12411048,
      "gross_profit": 1206862,
      "operating_income": -2239864,
      "net_income": -2182534,
      "opex": 3446726,
      "cogs": 11204186,
      "rd": 0,
      "sga": null,
      "fcf": 511007,
      "ocf": 739774,
      "capex": -228767,
      "gross_margin": 0.0972409421025525,
      "op_margin": -0.18047339757287217,
      "fcf_margin": 0.04117355762382033,
      "rev_growth_yoy": -0.032186176995783695,
      "rev_growth_yoy_accel": -0.10039443863581898,
      "fcf_margin_change": 0.1354475547118173
    },
    {
      "date": "2024-12-31T00:00:00",
      "quarter_label": "2024-12 (Q4)",
      "revenue": 14224164,
      "gross_profit": 1003587,
      "operating_income": -8966832,
      "net_income": -9543083,
      "opex": 9970419,
      "cogs": 13220577,
      "rd": 533293,
      "sga": null,
      "fcf": -3906301,
      "ocf": -3833819,
      "capex": -72482,
      "gross_margin": 0.07055507796451166,
      "op_margin": -0.6303943064773437,
      "fcf_margin": -0.2746242942643237,
      "incr_op_margin_yoy": -2.859087074574784,
      "rev_growth_yoy": -0.10200253524791963,
      "rev_growth_yoy_accel": -0.06981635825213595,
      "op_leverage_ratio": 0.07718455063641826,
      "fcf_margin_change": -0.315797851888144
    },
    {
      "date": "2025-03-31T00:00:00",
      "quarter_label": "2025-03 (Q1)",
      "revenue": 13712528,
      "gross_profit": 2049799,
      "operating_income": -833145,
      "net_income": -818097,
      "opex": 2882944,
      "cogs": 11662729,
      "rd": 15629,
      "sga": null,
      "fcf": -198846,
      "ocf": -186316,
      "capex": -12530,
      "gross_margin": 0.1494836692402743,
      "op_margin": -0.06075794339307821,
      "fcf_margin": -0.014501046050735503,
      "rev_growth_yoy": -0.05978584210756192,
      "rev_growth_yoy_accel": 0.04221669314035771,
      "fcf_margin_change": 0.26012324821358823
    },
    {
      "date": "2025-06-30T00:00:00",
      "quarter_label": "2025-06 (Q2)",
      "revenue": 14745702,
      "gross_profit": 1163814,
      "operating_income": -2645319,
      "net_income": -2828068,
      "opex": 3809133,
      "cogs": 13581888,
      "rd": 74637,
      "sga": null,
      "fcf": -1232454,
      "ocf": -1209920,
      "capex": -22534,
      "gross_margin": 0.07892564219729925,
      "op_margin": -0.17939593516809169,
      "fcf_margin": -0.083580557914435,
      "incr_op_margin_yoy": -0.0931087697410956,
      "rev_growth_yoy": 0.11653047460621743,
      "rev_growth_yoy_accel": 0.17631631671377934,
      "op_leverage_ratio": 0.23452682755987314,
      "fcf_margin_change": -0.0690795118636995
    },
    {
      "date": "2025-09-30T00:00:00",
      "quarter_label": "2025-09 (Q3)",
      "revenue": 17110425,
      "gross_profit": 2602618,
      "operating_income": -1818715,
      "net_income": -5352890,
      "opex": 4421333,
      "cogs": 14507807,
      "rd": 18337,
      "sga": null,
      "fcf": -2467753,
      "ocf": -2455037,
      "capex": -12716,
      "gross_margin": 0.15210715104972553,
      "op_margin": -0.10629280102627492,
      "fcf_margin": -0.14422511422130074,
      "incr_op_margin_yoy": 0.08961804937122517,
      "rev_growth_yoy": 0.37864465595492014,
      "rev_growth_yoy_accel": 0.2621141813487027,
      "op_leverage_ratio": 0.997809499170564,
      "fcf_margin_change": -0.06064455630686574
    }
  ],
  "signals": [
    {
      "quarter": "2025-09 (Q3)",
      "signal": "GROSS MARGIN INFLECTION",
      "detail": "GM: +14.9% -> +7.9% -> +15.2% (reversal +7.3%)",
      "severity": "HIGH"
    },
    {
      "quarter": "2025-09 (Q3)",
      "signal": "YoY REVENUE GROWTH ACCELERATION",
      "detail": "YoY growth: +37.9% vs prior quarter YoY: +11.7% (accel: +26.2%)",
      "severity": "HIGH"
    },
    {
      "quarter": "2025-06 (Q2)",
      "signal": "YoY REVENUE GROWTH ACCELERATION",
      "detail": "YoY growth: +11.7% vs prior quarter YoY: -6.0% (accel: +17.6%)",
      "severity": "HIGH"
    },
    {
      "quarter": "2025-03 (Q1)",
      "signal": "FCF MARGIN EXPANSION",
      "detail": "FCF margin: -27.5% -> -1.5% (+26.0%)",
      "severity": "MEDIUM"
    },
    {
      "quarter": "2025-03 (Q1)",
      "signal": "GROSS MARGIN INFLECTION",
      "detail": "GM: +9.7% -> +7.1% -> +14.9% (reversal +7.9%)",
      "severity": "HIGH"
    },
    {
      "quarter": "2024-12 (Q4)",
      "signal": "YoY REVENUE GROWTH DECELERATION",
      "detail": "YoY growth: -10.2% vs prior quarter YoY: -3.2% (decel: -7.0%)",
      "severity": "WARNING"
    },
    {
      "quarter": "2024-09 (Q3)",
      "signal": "FCF TURNED POSITIVE",
      "detail": "FCF margin: -9.4% -> +4.1%",
      "severity": "HIGH"
    },
    {
      "quarter": "2024-09 (Q3)",
      "signal": "GROSS MARGIN INFLECTION",
      "detail": "GM: +9.1% -> +5.8% -> +9.7% (reversal +3.9%)",
      "severity": "MEDIUM"
    },
    {
      "quarter": "2024-09 (Q3)",
      "signal": "YoY REVENUE GROWTH DECELERATION",
      "detail": "YoY growth: -3.2% vs prior quarter YoY: +6.8% (decel: -10.0%)",
      "severity": "WARNING"
    },
    {
      "quarter": "2024-06 (Q2)",
      "signal": "FCF MARGIN EXPANSION",
      "detail": "FCF margin: -24.0% -> -9.4% (+14.5%)",
      "severity": "MEDIUM"
    },
    {
      "quarter": "2024-06 (Q2)",
      "signal": "YoY REVENUE GROWTH DECELERATION",
      "detail": "YoY growth: +6.8% vs prior quarter YoY: +18.1% (decel: -11.3%)",
      "severity": "WARNING"
    },
    {
      "quarter": "2024-03 (Q1)",
      "signal": "YoY REVENUE GROWTH DECELERATION",
      "detail": "YoY growth: +18.1% vs prior quarter YoY: +31.4% (decel: -13.3%)",
      "severity": "WARNING"
    },
    {
      "quarter": "2023-12 (Q4)",
      "signal": "FCF TURNED POSITIVE",
      "detail": "FCF margin: -35.4% -> +5.7%",
      "severity": "HIGH"
    },
    {
      "quarter": "2023-12 (Q4)",
      "signal": "YoY REVENUE GROWTH ACCELERATION",
      "detail": "YoY growth: +31.4% vs prior quarter YoY: +6.7% (accel: +24.7%)",
      "severity": "HIGH"
    },
    {
      "quarter": "2023-09 (Q3)",
      "signal": "FCF MARGIN EXPANSION",
      "detail": "FCF margin: -56.2% -> -35.4% (+20.8%)",
      "severity": "MEDIUM"
    },
    {
      "quarter": "2023-09 (Q3)",
      "signal": "YoY REVENUE GROWTH ACCELERATION",
      "detail": "YoY growth: +6.7% vs prior quarter YoY: -6.4% (accel: +13.1%)",
      "severity": "MEDIUM"
    },
    {
      "quarter": "2023-03 (Q1)",
      "signal": "FCF MARGIN EXPANSION",
      "detail": "FCF margin: -85.9% -> -51.6% (+34.3%)",
      "severity": "MEDIUM"
    },
    {
      "quarter": "2023-03 (Q1)",
      "signal": "GROSS MARGIN INFLECTION",
      "detail": "GM: +14.8% -> +3.6% -> +7.7% (reversal +4.1%)",
      "severity": "MEDIUM"
    },
    {
      "quarter": "2023-03 (Q1)",
      "signal": "YoY REVENUE GROWTH ACCELERATION",
      "detail": "YoY growth: -5.5% vs prior quarter YoY: -25.5% (accel: +20.0%)",
      "severity": "HIGH"
    },
    {
      "quarter": "2022-12 (Q4)",
      "signal": "YoY REVENUE GROWTH DECELERATION",
      "detail": "YoY growth: -25.5% vs prior quarter YoY: -11.6% (decel: -13.9%)",
      "severity": "WARNING"
    },
    {
      "quarter": "2022-06 (Q2)",
      "signal": "FCF MARGIN EXPANSION",
      "detail": "FCF margin: -17.9% -> -5.4% (+12.5%)",
      "severity": "MEDIUM"
    },
    {
      "quarter": "2022-06 (Q2)",
      "signal": "YoY REVENUE GROWTH DECELERATION",
      "detail": "YoY growth: -11.0% vs prior quarter YoY: +12.5% (decel: -23.5%)",
      "severity": "WARNING"
    },
    {
      "quarter": "2022-03 (Q1)",
      "signal": "YoY REVENUE GROWTH ACCELERATION",
      "detail": "YoY growth: +12.5% vs prior quarter YoY: -0.8% (accel: +13.3%)",
      "severity": "MEDIUM"
    },
    {
      "quarter": "2022-03 (Q1)",
      "signal": "OP MARGIN TURNED POSITIVE (YoY)",
      "detail": "Op margin: -14.9% (year-ago) -> +1.9%",
      "severity": "HIGH"
    },
    {
      "quarter": "2022-03 (Q1)",
      "signal": "OP MARGIN TURNED POSITIVE (QoQ)",
      "detail": "Op margin: -3.2% -> +1.9%",
      "severity": "HIGH"
    },
    {
      "quarter": "2021-12 (Q4)",
      "signal": "FCF MARGIN EXPANSION",
      "detail": "FCF margin: -26.0% -> -9.9% (+16.1%)",
      "severity": "MEDIUM"
    },
    {
      "quarter": "2021-12 (Q4)",
      "signal": "OPERATING LEVERAGE",
      "detail": "Rev growth +19.0% vs OpEx growth +6.1% (leverage: 3.1x)",
      "severity": "MEDIUM"
    },
    {
      "quarter": "2021-06 (Q2)",
      "signal": "GROSS MARGIN INFLECTION",
      "detail": "GM: +13.0% -> +8.6% -> +13.7% (reversal +5.1%)",
      "severity": "HIGH"
    }
  ],
  "data_quality": {
    "n_quarters": 20,
    "coverage": {
      "revenue": [
        20,
        20
      ],
      "gross_profit": [
        20,
        20
      ],
      "op_income": [
        20,
        20
      ],
      "fcf": [
        20,
        20
      ]
    },
    "gaps": [],
    "warnings": []
  },
  "market_cap": null,
  "source": "SEC EDGAR",
  "last_updated": "2026-02-03T00:00:32.037760"
}