{
  "ticker": "COTY",
  "name": "COTY INC.",
  "quarters": [
    {
      "date": "2020-12-31T00:00:00",
      "quarter_label": "2020-12 (Q4)",
      "revenue": 1415600000,
      "gross_profit": 831600000,
      "operating_income": 17000000,
      "net_income": -252300000,
      "opex": 814600000,
      "cogs": 584000000,
      "rd": null,
      "sga": 641500000,
      "fcf": 430100000,
      "ocf": 430100000,
      "capex": null,
      "gross_margin": 0.5874540830743148,
      "op_margin": 0.012009042102288783,
      "fcf_margin": 0.3038287651879062
    },
    {
      "date": "2021-03-31T00:00:00",
      "quarter_label": "2021-03 (Q1)",
      "revenue": 1027800000,
      "gross_profit": 636100000,
      "operating_income": -1400000,
      "net_income": 15600000,
      "opex": 637500000,
      "cogs": 391700000,
      "rd": null,
      "sga": 545600000,
      "fcf": -186300000,
      "ocf": -186300000,
      "capex": null,
      "gross_margin": 0.6188947266005059,
      "op_margin": -0.0013621327106440942,
      "fcf_margin": -0.18126094570928197,
      "fcf_margin_change": -0.48508971089718816
    },
    {
      "date": "2021-06-30T00:00:00",
      "quarter_label": "2021-06 (Q2)",
      "revenue": 1062400000,
      "gross_profit": 641300000,
      "operating_income": 1800000,
      "net_income": -186000000,
      "opex": 639500000,
      "cogs": 421100000,
      "rd": null,
      "sga": 592700000,
      "fcf": 32300000,
      "ocf": 32300000,
      "capex": null,
      "gross_margin": 0.6036332831325302,
      "op_margin": 0.001694277108433735,
      "fcf_margin": 0.030402861445783132,
      "op_leverage_ratio": 10.730443666082897,
      "fcf_margin_change": 0.2116638071550651
    },
    {
      "date": "2021-09-30T00:00:00",
      "quarter_label": "2021-09 (Q3)",
      "revenue": 1371700000,
      "gross_profit": 866900000,
      "operating_income": 17200000,
      "net_income": 226000000,
      "opex": 849700000,
      "cogs": 504800000,
      "rd": null,
      "sga": 776300000,
      "fcf": 285700000,
      "ocf": 285700000,
      "capex": null,
      "gross_margin": 0.6319895020777138,
      "op_margin": 0.012539184952978056,
      "fcf_margin": 0.2082816942480134,
      "op_leverage_ratio": 0.8857266154293674,
      "fcf_margin_change": 0.17787883280223027
    },
    {
      "date": "2021-12-31T00:00:00",
      "quarter_label": "2021-12 (Q4)",
      "revenue": 1578200000,
      "gross_profit": 1017100000,
      "operating_income": 244000000,
      "net_income": 261400000,
      "opex": 773100000,
      "cogs": 561100000,
      "rd": null,
      "sga": 718900000,
      "fcf": 449000000,
      "ocf": 449000000,
      "capex": null,
      "gross_margin": 0.6444683817006717,
      "op_margin": 0.15460651374984158,
      "fcf_margin": 0.28450133062983146,
      "incr_op_margin_yoy": 1.3960639606396064,
      "rev_growth_yoy": 0.11486295563718564,
      "op_leverage_ratio": Infinity,
      "fcf_margin_change": 0.07621963638181806
    },
    {
      "date": "2022-03-31T00:00:00",
      "quarter_label": "2022-03 (Q1)",
      "revenue": 1186200000,
      "gross_profit": 763100000,
      "operating_income": 57100000,
      "net_income": 53600000,
      "opex": 706000000,
      "cogs": 423100000,
      "rd": null,
      "sga": 659300000,
      "fcf": 24800000,
      "ocf": 24800000,
      "capex": null,
      "gross_margin": 0.6433147867138762,
      "op_margin": 0.04813690777271961,
      "fcf_margin": 0.02090709829708312,
      "incr_op_margin_yoy": 0.3693181818181818,
      "rev_growth_yoy": 0.15411558669001751,
      "rev_growth_yoy_accel": 0.039252631052831874,
      "fcf_margin_change": -0.26359423233274837
    },
    {
      "date": "2022-06-30T00:00:00",
      "quarter_label": "2022-06 (Q2)",
      "revenue": 1168300000,
      "gross_profit": 722100000,
      "operating_income": -77400000,
      "net_income": -281500000,
      "opex": 799500000,
      "cogs": 446200000,
      "rd": null,
      "sga": 726800000,
      "fcf": -32900000,
      "ocf": -32900000,
      "capex": null,
      "gross_margin": 0.6180775485748523,
      "op_margin": -0.06625010699306685,
      "fcf_margin": -0.02816057519472738,
      "incr_op_margin_yoy": -0.7478753541076487,
      "rev_growth_yoy": 0.09967996987951808,
      "rev_growth_yoy_accel": -0.05443561681049944,
      "fcf_margin_change": -0.0490676734918105
    },
    {
      "date": "2022-09-30T00:00:00",
      "quarter_label": "2022-09 (Q3)",
      "revenue": 1390000000,
      "gross_profit": 888700000,
      "operating_income": 171900000,
      "net_income": 128600000,
      "opex": 716800000,
      "cogs": 501300000,
      "rd": null,
      "sga": 670700000,
      "fcf": 163200000,
      "ocf": 163200000,
      "capex": null,
      "gross_margin": 0.6393525179856115,
      "op_margin": 0.12366906474820144,
      "fcf_margin": 0.11741007194244604,
      "incr_op_margin_yoy": 8.453551912568306,
      "rev_growth_yoy": 0.013341109572063862,
      "rev_growth_yoy_accel": -0.08633886030745422,
      "op_leverage_ratio": Infinity,
      "fcf_margin_change": 0.14557064713717344
    },
    {
      "date": "2022-12-31T00:00:00",
      "quarter_label": "2022-12 (Q4)",
      "revenue": 1523600000,
      "gross_profit": 998300000,
      "operating_income": 199300000,
      "net_income": 238300000,
      "opex": 799000000,
      "cogs": 525300000,
      "rd": null,
      "sga": 754300000,
      "fcf": 482200000,
      "ocf": 482200000,
      "capex": null,
      "gross_margin": 0.6552244683644001,
      "op_margin": 0.1308086111840378,
      "fcf_margin": 0.31648726699921237,
      "incr_op_margin_yoy": 0.8186813186813187,
      "rev_growth_yoy": -0.03459637561779242,
      "rev_growth_yoy_accel": -0.047937485189856285,
      "op_leverage_ratio": 0.8381424495440144,
      "fcf_margin_change": 0.19907719505676633
    },
    {
      "date": "2023-03-31T00:00:00",
      "quarter_label": "2023-03 (Q1)",
      "revenue": 1288900000,
      "gross_profit": 810800000,
      "operating_income": 43500000,
      "net_income": 108400000,
      "opex": 767300000,
      "cogs": 478100000,
      "rd": null,
      "sga": 720400000,
      "fcf": -124600000,
      "ocf": -124600000,
      "capex": null,
      "gross_margin": 0.6290635425556677,
      "op_margin": 0.03374970905423229,
      "fcf_margin": -0.0966715804174102,
      "incr_op_margin_yoy": -0.13242453748782862,
      "rev_growth_yoy": 0.08657899173832406,
      "rev_growth_yoy_accel": 0.12117536735611648,
      "fcf_margin_change": -0.41315884741662257
    },
    {
      "date": "2023-06-30T00:00:00",
      "quarter_label": "2023-06 (Q2)",
      "revenue": 1351600000,
      "gross_profit": 849500000,
      "operating_income": 129000000,
      "net_income": 32900000,
      "opex": 720500000,
      "cogs": 502100000,
      "rd": null,
      "sga": 672900000,
      "fcf": 104900000,
      "ocf": 104900000,
      "capex": null,
      "gross_margin": 0.628514353358982,
      "op_margin": 0.0954424385912992,
      "fcf_margin": 0.07761171944362237,
      "incr_op_margin_yoy": 1.126022913256956,
      "rev_growth_yoy": 0.15689463322776684,
      "rev_growth_yoy_accel": 0.07031564148944278,
      "op_leverage_ratio": Infinity,
      "fcf_margin_change": 0.17428329986103258
    },
    {
      "date": "2023-09-30T00:00:00",
      "quarter_label": "2023-09 (Q3)",
      "revenue": 1641400000,
      "gross_profit": 1041900000,
      "operating_income": 197500000,
      "net_income": 1600000,
      "opex": 844400000,
      "cogs": 599500000,
      "rd": null,
      "sga": 767400000,
      "fcf": 186200000,
      "ocf": 186200000,
      "capex": null,
      "gross_margin": 0.634763007188985,
      "op_margin": 0.12032411356159377,
      "fcf_margin": 0.1134397465578165,
      "incr_op_margin_yoy": 0.10182975338106603,
      "rev_growth_yoy": 0.180863309352518,
      "rev_growth_yoy_accel": 0.023968676124751148,
      "op_leverage_ratio": 1.2468461735244105,
      "fcf_margin_change": 0.035828027114194125
    },
    {
      "date": "2023-12-31T00:00:00",
      "quarter_label": "2023-12 (Q4)",
      "revenue": 1727600000,
      "gross_profit": 1124100000,
      "operating_income": 236700000,
      "net_income": 180900000,
      "opex": 887400000,
      "cogs": 603500000,
      "rd": null,
      "sga": 833400000,
      "fcf": 421900000,
      "ocf": 421900000,
      "capex": null,
      "gross_margin": 0.6506714517249363,
      "op_margin": 0.1370108821486455,
      "fcf_margin": 0.24421162306089372,
      "incr_op_margin_yoy": 0.18333333333333332,
      "rev_growth_yoy": 0.1338934103439223,
      "rev_growth_yoy_accel": -0.04696989900859569,
      "op_leverage_ratio": 1.0312705262949098,
      "fcf_margin_change": 0.13077187650307723
    },
    {
      "date": "2024-03-31T00:00:00",
      "quarter_label": "2024-03 (Q1)",
      "revenue": 1385600000,
      "gross_profit": 897800000,
      "operating_income": 77800000,
      "net_income": 3800000,
      "opex": 820000000,
      "cogs": 487800000,
      "rd": null,
      "sga": 770600000,
      "fcf": -170000000,
      "ocf": -170000000,
      "capex": null,
      "gross_margin": 0.6479503464203233,
      "op_margin": 0.05614896073903002,
      "fcf_margin": -0.1226905311778291,
      "incr_op_margin_yoy": 0.35470527404343327,
      "rev_growth_yoy": 0.07502521529986811,
      "rev_growth_yoy_accel": -0.05886819504405419,
      "fcf_margin_change": -0.36690215423872286
    },
    {
      "date": "2024-06-30T00:00:00",
      "quarter_label": "2024-06 (Q2)",
      "revenue": 1363400000,
      "gross_profit": 875400000,
      "operating_income": 34700000,
      "net_income": -96900000,
      "opex": 840700000,
      "cogs": 488000000,
      "rd": null,
      "sga": 791000000,
      "fcf": 176500000,
      "ocf": 176500000,
      "capex": null,
      "gross_margin": 0.642071292357342,
      "op_margin": 0.025451078186885728,
      "fcf_margin": 0.1294557723338712,
      "incr_op_margin_yoy": -7.991525423728813,
      "rev_growth_yoy": 0.008730393607576206,
      "rev_growth_yoy_accel": -0.06629482169229191,
      "fcf_margin_change": 0.2521463035117003
    },
    {
      "date": "2024-09-30T00:00:00",
      "quarter_label": "2024-09 (Q3)",
      "revenue": 1671500000,
      "gross_profit": 1094600000,
      "operating_income": 237800000,
      "net_income": 82900000,
      "opex": 856800000,
      "cogs": 576900000,
      "rd": null,
      "sga": 808000000,
      "fcf": 67400000,
      "ocf": 67400000,
      "capex": null,
      "gross_margin": 0.6548609033801974,
      "op_margin": 0.14226742446903978,
      "fcf_margin": 0.040323063116960815,
      "incr_op_margin_yoy": 1.3388704318936877,
      "rev_growth_yoy": 0.018338004142804922,
      "rev_growth_yoy_accel": 0.009607610535228716,
      "op_leverage_ratio": 11.80004273204457,
      "fcf_margin_change": -0.08913270921691038
    },
    {
      "date": "2024-12-31T00:00:00",
      "quarter_label": "2024-12 (Q4)",
      "revenue": 1669900000,
      "gross_profit": 1114200000,
      "operating_income": 268200000,
      "net_income": 23700000,
      "opex": 846000000,
      "cogs": 555700000,
      "rd": null,
      "sga": 797300000,
      "fcf": 464500000,
      "ocf": 464500000,
      "capex": null,
      "gross_margin": 0.6672255823702018,
      "op_margin": 0.16060841966584827,
      "fcf_margin": 0.27816036888436435,
      "incr_op_margin_yoy": -0.5459272097053726,
      "rev_growth_yoy": -0.0333989349386432,
      "rev_growth_yoy_accel": -0.05173693908144812,
      "fcf_margin_change": 0.23783730576740353
    },
    {
      "date": "2025-03-31T00:00:00",
      "quarter_label": "2025-03 (Q1)",
      "revenue": 1299100000,
      "gross_profit": 832400000,
      "operating_income": -280400000,
      "net_income": -405700000,
      "opex": 1112800000,
      "cogs": 466700000,
      "rd": null,
      "sga": 777500000,
      "fcf": -122500000,
      "ocf": -122500000,
      "capex": null,
      "gross_margin": 0.6407512893541683,
      "op_margin": -0.21584173658686784,
      "fcf_margin": -0.09429605111230852,
      "incr_op_margin_yoy": 4.141040462427745,
      "rev_growth_yoy": -0.06242782909930716,
      "rev_growth_yoy_accel": -0.029028894160663954,
      "fcf_margin_change": -0.3724564199966729
    },
    {
      "date": "2025-06-30T00:00:00",
      "quarter_label": "2025-06 (Q2)",
      "revenue": 1252400000,
      "gross_profit": 779700000,
      "operating_income": 15500000,
      "net_income": -68800000,
      "opex": 764200000,
      "cogs": 472700000,
      "rd": null,
      "sga": 720600000,
      "fcf": 83200000,
      "ocf": 83200000,
      "capex": null,
      "gross_margin": 0.6225646758224209,
      "op_margin": 0.012376237623762377,
      "fcf_margin": 0.06643244969658256,
      "incr_op_margin_yoy": 0.17297297297297298,
      "rev_growth_yoy": -0.08141411177937509,
      "rev_growth_yoy_accel": -0.018986282680067933,
      "fcf_margin_change": 0.16072850080889106
    },
    {
      "date": "2025-09-30T00:00:00",
      "quarter_label": "2025-09 (Q3)",
      "revenue": 1577200000,
      "gross_profit": 1016800000,
      "operating_income": 185000000,
      "net_income": 67900000,
      "opex": 831800000,
      "cogs": 560400000,
      "rd": null,
      "sga": 793500000,
      "fcf": 65200000,
      "ocf": 65200000,
      "capex": null,
      "gross_margin": 0.6446867867106264,
      "op_margin": 0.11729647476540705,
      "fcf_margin": 0.041339081917321836,
      "incr_op_margin_yoy": 0.559915164369035,
      "rev_growth_yoy": -0.0564163924618606,
      "rev_growth_yoy_accel": 0.02499771931751449,
      "op_leverage_ratio": 2.9317929693332,
      "fcf_margin_change": -0.025093367779260724
    }
  ],
  "signals": [
    {
      "quarter": "2025-09 (Q3)",
      "signal": "OPERATING LEVERAGE",
      "detail": "Rev growth +25.9% vs OpEx growth +8.8% (leverage: 2.9x)",
      "severity": "MEDIUM"
    },
    {
      "quarter": "2025-09 (Q3)",
      "signal": "GROSS MARGIN INFLECTION",
      "detail": "GM: +64.1% -> +62.3% -> +64.5% (reversal +2.2%)",
      "severity": "MEDIUM"
    },
    {
      "quarter": "2025-09 (Q3)",
      "signal": "INCREMENTAL MARGIN (YoY)",
      "detail": "YoY Incr OPM: +56.0% vs year-ago OPM: +14.2%",
      "severity": "HIGH"
    },
    {
      "quarter": "2025-06 (Q2)",
      "signal": "FCF TURNED POSITIVE",
      "detail": "FCF margin: -9.4% -> +6.6%",
      "severity": "HIGH"
    },
    {
      "quarter": "2025-06 (Q2)",
      "signal": "INCREMENTAL MARGIN (YoY)",
      "detail": "YoY Incr OPM: +17.3% vs year-ago OPM: +2.5%",
      "severity": "MEDIUM"
    },
    {
      "quarter": "2025-06 (Q2)",
      "signal": "OP MARGIN TURNED POSITIVE (QoQ)",
      "detail": "Op margin: -21.6% -> +1.2%",
      "severity": "HIGH"
    },
    {
      "quarter": "2024-12 (Q4)",
      "signal": "FCF MARGIN EXPANSION",
      "detail": "FCF margin: +4.0% -> +27.8% (+23.8%)",
      "severity": "MEDIUM"
    },
    {
      "quarter": "2024-12 (Q4)",
      "signal": "YoY REVENUE GROWTH DECELERATION",
      "detail": "YoY growth: -3.3% vs prior quarter YoY: +1.8% (decel: -5.2%)",
      "severity": "WARNING"
    },
    {
      "quarter": "2024-09 (Q3)",
      "signal": "OPERATING LEVERAGE",
      "detail": "Rev growth +22.6% vs OpEx growth +1.9% (leverage: 11.8x)",
      "severity": "MEDIUM"
    },
    {
      "quarter": "2024-09 (Q3)",
      "signal": "INCREMENTAL MARGIN (YoY)",
      "detail": "YoY Incr OPM: +133.9% vs year-ago OPM: +12.0%",
      "severity": "HIGH"
    },
    {
      "quarter": "2024-06 (Q2)",
      "signal": "FCF TURNED POSITIVE",
      "detail": "FCF margin: -12.3% -> +12.9%",
      "severity": "HIGH"
    },
    {
      "quarter": "2024-06 (Q2)",
      "signal": "YoY REVENUE GROWTH DECELERATION",
      "detail": "YoY growth: +0.9% vs prior quarter YoY: +7.5% (decel: -6.6%)",
      "severity": "WARNING"
    },
    {
      "quarter": "2024-03 (Q1)",
      "signal": "YoY REVENUE GROWTH DECELERATION",
      "detail": "YoY growth: +7.5% vs prior quarter YoY: +13.4% (decel: -5.9%)",
      "severity": "WARNING"
    },
    {
      "quarter": "2024-03 (Q1)",
      "signal": "INCREMENTAL MARGIN (YoY)",
      "detail": "YoY Incr OPM: +35.5% vs year-ago OPM: +3.4%",
      "severity": "HIGH"
    },
    {
      "quarter": "2023-12 (Q4)",
      "signal": "FCF MARGIN EXPANSION",
      "detail": "FCF margin: +11.3% -> +24.4% (+13.1%)",
      "severity": "MEDIUM"
    },
    {
      "quarter": "2023-06 (Q2)",
      "signal": "FCF TURNED POSITIVE",
      "detail": "FCF margin: -9.7% -> +7.8%",
      "severity": "HIGH"
    },
    {
      "quarter": "2023-06 (Q2)",
      "signal": "YoY REVENUE GROWTH ACCELERATION",
      "detail": "YoY growth: +15.7% vs prior quarter YoY: +8.7% (accel: +7.0%)",
      "severity": "MEDIUM"
    },
    {
      "quarter": "2023-06 (Q2)",
      "signal": "OP MARGIN TURNED POSITIVE (YoY)",
      "detail": "Op margin: -6.6% (year-ago) -> +9.5%",
      "severity": "HIGH"
    },
    {
      "quarter": "2023-03 (Q1)",
      "signal": "YoY REVENUE GROWTH ACCELERATION",
      "detail": "YoY growth: +8.7% vs prior quarter YoY: -3.5% (accel: +12.1%)",
      "severity": "MEDIUM"
    },
    {
      "quarter": "2022-12 (Q4)",
      "signal": "FCF MARGIN EXPANSION",
      "detail": "FCF margin: +11.7% -> +31.6% (+19.9%)",
      "severity": "MEDIUM"
    },
    {
      "quarter": "2022-12 (Q4)",
      "signal": "INCREMENTAL MARGIN (YoY)",
      "detail": "YoY Incr OPM: +81.9% vs year-ago OPM: +15.5%",
      "severity": "HIGH"
    },
    {
      "quarter": "2022-09 (Q3)",
      "signal": "FCF TURNED POSITIVE",
      "detail": "FCF margin: -2.8% -> +11.7%",
      "severity": "HIGH"
    },
    {
      "quarter": "2022-09 (Q3)",
      "signal": "GROSS MARGIN INFLECTION",
      "detail": "GM: +64.3% -> +61.8% -> +63.9% (reversal +2.1%)",
      "severity": "MEDIUM"
    },
    {
      "quarter": "2022-09 (Q3)",
      "signal": "YoY REVENUE GROWTH DECELERATION",
      "detail": "YoY growth: +1.3% vs prior quarter YoY: +10.0% (decel: -8.6%)",
      "severity": "WARNING"
    },
    {
      "quarter": "2022-09 (Q3)",
      "signal": "INCREMENTAL MARGIN (YoY)",
      "detail": "YoY Incr OPM: +845.4% vs year-ago OPM: +1.3%",
      "severity": "HIGH"
    },
    {
      "quarter": "2022-09 (Q3)",
      "signal": "OP MARGIN TURNED POSITIVE (QoQ)",
      "detail": "Op margin: -6.6% -> +12.4%",
      "severity": "HIGH"
    },
    {
      "quarter": "2022-06 (Q2)",
      "signal": "YoY REVENUE GROWTH DECELERATION",
      "detail": "YoY growth: +10.0% vs prior quarter YoY: +15.4% (decel: -5.4%)",
      "severity": "WARNING"
    },
    {
      "quarter": "2022-03 (Q1)",
      "signal": "OP MARGIN TURNED POSITIVE (YoY)",
      "detail": "Op margin: -0.1% (year-ago) -> +4.8%",
      "severity": "HIGH"
    },
    {
      "quarter": "2021-12 (Q4)",
      "signal": "FCF MARGIN EXPANSION",
      "detail": "FCF margin: +20.8% -> +28.5% (+7.6%)",
      "severity": "MEDIUM"
    },
    {
      "quarter": "2021-12 (Q4)",
      "signal": "INCREMENTAL MARGIN (YoY)",
      "detail": "YoY Incr OPM: +139.6% vs year-ago OPM: +1.2%",
      "severity": "HIGH"
    },
    {
      "quarter": "2021-09 (Q3)",
      "signal": "FCF MARGIN EXPANSION",
      "detail": "FCF margin: +3.0% -> +20.8% (+17.8%)",
      "severity": "MEDIUM"
    },
    {
      "quarter": "2021-09 (Q3)",
      "signal": "GROSS MARGIN INFLECTION",
      "detail": "GM: +61.9% -> +60.4% -> +63.2% (reversal +2.8%)",
      "severity": "MEDIUM"
    },
    {
      "quarter": "2021-06 (Q2)",
      "signal": "FCF TURNED POSITIVE",
      "detail": "FCF margin: -18.1% -> +3.0%",
      "severity": "HIGH"
    },
    {
      "quarter": "2021-06 (Q2)",
      "signal": "OPERATING LEVERAGE",
      "detail": "Rev growth +3.4% vs OpEx growth +0.3% (leverage: 10.7x)",
      "severity": "MEDIUM"
    },
    {
      "quarter": "2021-06 (Q2)",
      "signal": "OP MARGIN TURNED POSITIVE (QoQ)",
      "detail": "Op margin: -0.1% -> +0.2%",
      "severity": "HIGH"
    }
  ],
  "data_quality": {
    "n_quarters": 20,
    "coverage": {
      "revenue": [
        20,
        20
      ],
      "gross_profit": [
        20,
        20
      ],
      "op_income": [
        20,
        20
      ],
      "fcf": [
        20,
        20
      ]
    },
    "gaps": [],
    "warnings": []
  },
  "market_cap": null,
  "source": "SEC EDGAR",
  "last_updated": "2026-02-02T21:25:56.970291",
  "sector": "Consumer Defensive",
  "industry": "Household & Personal Products"
}