{
  "ticker": "CPIX",
  "name": "Cumberland Pharmaceuticals Inc.",
  "quarters": [
    {
      "date": "2020-12-31T00:00:00",
      "quarter_label": "2020-12 (Q4)",
      "revenue": 10261534,
      "gross_profit": 7995516,
      "operating_income": -1745946,
      "net_income": -883776,
      "opex": 12007479,
      "cogs": 2266018,
      "rd": 1399433,
      "sga": null,
      "fcf": 808293,
      "ocf": 853921,
      "capex": -45628,
      "gross_margin": 0.7791735621594198,
      "op_margin": -0.1701447366446381,
      "fcf_margin": 0.07876921715603144
    },
    {
      "date": "2021-03-31T00:00:00",
      "quarter_label": "2021-03 (Q1)",
      "revenue": 10537159,
      "gross_profit": 8119830,
      "operating_income": -324300,
      "net_income": 166828,
      "opex": 10861459,
      "cogs": 2417329,
      "rd": 1257367,
      "sga": null,
      "fcf": 1766091,
      "ocf": 1785549,
      "capex": -19458,
      "gross_margin": 0.770590061324879,
      "op_margin": -0.030776796667868447,
      "fcf_margin": 0.16760599322834552,
      "op_leverage_ratio": Infinity,
      "fcf_margin_change": 0.08883677607231408
    },
    {
      "date": "2021-06-30T00:00:00",
      "quarter_label": "2021-06 (Q2)",
      "revenue": 9055483,
      "gross_profit": 7314834,
      "operating_income": -1435729,
      "net_income": 1228560,
      "opex": 10491212,
      "cogs": 1740649,
      "rd": 1360398,
      "sga": null,
      "fcf": 2684148,
      "ocf": 2699221,
      "capex": -15073,
      "gross_margin": 0.807779551902422,
      "op_margin": -0.15854803106581947,
      "fcf_margin": 0.29641135652289335,
      "fcf_margin_change": 0.12880536329454784
    },
    {
      "date": "2021-09-30T00:00:00",
      "quarter_label": "2021-09 (Q3)",
      "revenue": 8072540,
      "gross_profit": 6744513,
      "operating_income": -1563395,
      "net_income": -1055278,
      "opex": 9635935,
      "cogs": 1328027,
      "rd": 1453873,
      "sga": null,
      "fcf": -161961,
      "ocf": -102007,
      "capex": -59954,
      "gross_margin": 0.8354883345266794,
      "op_margin": -0.19366828780037015,
      "fcf_margin": -0.02006320191662104,
      "fcf_margin_change": -0.3164745584395144
    },
    {
      "date": "2021-12-31T00:00:00",
      "quarter_label": "2021-12 (Q4)",
      "revenue": 8319861,
      "gross_profit": 4994618,
      "operating_income": -4353996,
      "net_income": -3847697,
      "opex": 12673857,
      "cogs": 3325243,
      "rd": 1612827,
      "sga": null,
      "fcf": 1950633,
      "ocf": 1959680,
      "capex": -9047,
      "gross_margin": 0.6003246929245573,
      "op_margin": -0.5233255699824793,
      "fcf_margin": 0.23445499870731012,
      "incr_op_margin_yoy": 1.3431973354936697,
      "rev_growth_yoy": -0.18921859051482945,
      "op_leverage_ratio": 0.09717801662026719,
      "fcf_margin_change": 0.25451820062393116
    },
    {
      "date": "2022-03-31T00:00:00",
      "quarter_label": "2022-03 (Q1)",
      "revenue": 11175045,
      "gross_profit": 8963160,
      "operating_income": -1291999,
      "net_income": -1385253,
      "opex": 12467044,
      "cogs": 2211885,
      "rd": 1745136,
      "sga": null,
      "fcf": -177484,
      "ocf": -150498,
      "capex": -26986,
      "gross_margin": 0.8020692534124023,
      "op_margin": -0.11561465748012648,
      "fcf_margin": -0.015882173181405532,
      "rev_growth_yoy": 0.06053681072858443,
      "rev_growth_yoy_accel": 0.2497554012434139,
      "op_leverage_ratio": Infinity,
      "fcf_margin_change": -0.2503371718887157
    },
    {
      "date": "2022-06-30T00:00:00",
      "quarter_label": "2022-06 (Q2)",
      "revenue": 10299152,
      "gross_profit": 8267268,
      "operating_income": -1846538,
      "net_income": -1335620,
      "opex": 12145690,
      "cogs": 2031884,
      "rd": 1823693,
      "sga": null,
      "fcf": 2193281,
      "ocf": 2330536,
      "capex": -137255,
      "gross_margin": 0.8027134661183756,
      "op_margin": -0.17929029496797405,
      "fcf_margin": 0.21295743571897957,
      "incr_op_margin_yoy": -0.3303202057782256,
      "rev_growth_yoy": 0.13733878137698452,
      "rev_growth_yoy_accel": 0.07680197064840008,
      "fcf_margin_change": 0.2288396089003851
    },
    {
      "date": "2022-09-30T00:00:00",
      "quarter_label": "2022-09 (Q3)",
      "revenue": 11413072,
      "gross_profit": 9188629,
      "operating_income": -288588,
      "net_income": -408639,
      "opex": 11701660,
      "cogs": 2224443,
      "rd": 1714254,
      "sga": null,
      "fcf": 2543892,
      "ocf": 2635327,
      "capex": -91435,
      "gross_margin": 0.8050969099292461,
      "op_margin": -0.025285742524011064,
      "fcf_margin": 0.2228928372659,
      "incr_op_margin_yoy": 0.3816179578582094,
      "rev_growth_yoy": 0.4138142393843821,
      "rev_growth_yoy_accel": 0.2764754580073976,
      "op_leverage_ratio": Infinity,
      "fcf_margin_change": 0.009935401546920436
    },
    {
      "date": "2022-12-31T00:00:00",
      "quarter_label": "2022-12 (Q4)",
      "revenue": 9123680,
      "gross_profit": 6473371,
      "operating_income": -2277804,
      "net_income": -2440729,
      "opex": 11401484,
      "cogs": 2650309,
      "rd": 1405841,
      "sga": null,
      "fcf": 3791559,
      "ocf": 3638031,
      "capex": 153528,
      "gross_margin": 0.7095131569717482,
      "op_margin": -0.2496584711432229,
      "fcf_margin": 0.415573430896305,
      "rev_growth_yoy": 0.09661447468894012,
      "rev_growth_yoy_accel": -0.317199764695442,
      "fcf_margin_change": 0.192680593630405
    },
    {
      "date": "2023-03-31T00:00:00",
      "quarter_label": "2023-03 (Q1)",
      "revenue": 9224638,
      "gross_profit": 7974374,
      "operating_income": -1531678,
      "net_income": 192184,
      "opex": 10756316,
      "cogs": 1250264,
      "rd": 1499670,
      "sga": null,
      "fcf": -1525469,
      "ocf": -1418209,
      "capex": -107260,
      "gross_margin": 0.86446470853382,
      "op_margin": -0.16604207124442175,
      "fcf_margin": -0.16536898250099352,
      "incr_op_margin_yoy": 0.12288665904090787,
      "rev_growth_yoy": -0.1745323620620767,
      "rev_growth_yoy_accel": -0.2711468367510168,
      "op_leverage_ratio": Infinity,
      "fcf_margin_change": -0.5809424133972985
    },
    {
      "date": "2023-06-30T00:00:00",
      "quarter_label": "2023-06 (Q2)",
      "revenue": 10888877,
      "gross_profit": 9368103,
      "operating_income": 22859,
      "net_income": 872200,
      "opex": 10866018,
      "cogs": 1520774,
      "rd": 1145038,
      "sga": null,
      "fcf": 5163168,
      "ocf": 5235361,
      "capex": -72193,
      "gross_margin": 0.8603369291433818,
      "op_margin": 0.00209929821045825,
      "fcf_margin": 0.4741690075110592,
      "rev_growth_yoy": 0.05725956855477034,
      "rev_growth_yoy_accel": 0.23179193061684705,
      "op_leverage_ratio": 17.689492357529904,
      "fcf_margin_change": 0.6395379900120528
    },
    {
      "date": "2023-09-30T00:00:00",
      "quarter_label": "2023-09 (Q3)",
      "revenue": 10085926,
      "gross_profit": 8320336,
      "operating_income": -1866603,
      "net_income": -1049298,
      "opex": 11952529,
      "cogs": 1765590,
      "rd": 1924768,
      "sga": null,
      "fcf": 1183406,
      "ocf": 1236548,
      "capex": -53142,
      "gross_margin": 0.8249451760800148,
      "op_margin": -0.1850700669427874,
      "fcf_margin": 0.11733240953780545,
      "incr_op_margin_yoy": 1.1890289387904571,
      "rev_growth_yoy": -0.11628297797472933,
      "rev_growth_yoy_accel": -0.17354254652949969,
      "fcf_margin_change": -0.3568365979732538
    },
    {
      "date": "2023-12-31T00:00:00",
      "quarter_label": "2023-12 (Q4)",
      "revenue": 9353066,
      "gross_profit": 7823083,
      "operating_income": -6179239,
      "net_income": -6294406,
      "opex": 15532305,
      "cogs": 1529983,
      "rd": 1264753,
      "sga": null,
      "fcf": 991448,
      "ocf": 1040121,
      "capex": -48673,
      "gross_margin": 0.8364190950860392,
      "op_margin": -0.6606645350305451,
      "fcf_margin": 0.10600245951434535,
      "rev_growth_yoy": 0.025141828735773284,
      "rev_growth_yoy_accel": 0.14142480671050262,
      "fcf_margin_change": -0.0113299500234601
    },
    {
      "date": "2024-03-31T00:00:00",
      "quarter_label": "2024-03 (Q1)",
      "revenue": 8497701,
      "gross_profit": 6922159,
      "operating_income": -1869250,
      "net_income": -1946263,
      "opex": 10366951,
      "cogs": 1575542,
      "rd": 1158253,
      "sga": null,
      "fcf": -2178268,
      "ocf": -2136647,
      "capex": -41621,
      "gross_margin": 0.8145919702281829,
      "op_margin": -0.2199712604620944,
      "fcf_margin": -0.25633615492001893,
      "rev_growth_yoy": -0.07880385116467443,
      "rev_growth_yoy_accel": -0.10394567990044772,
      "fcf_margin_change": -0.36233861443436427
    },
    {
      "date": "2024-06-30T00:00:00",
      "quarter_label": "2024-06 (Q2)",
      "revenue": 9848849,
      "gross_profit": 8137905,
      "operating_income": -1026688,
      "net_income": -1085612,
      "opex": 10875537,
      "cogs": 1710944,
      "rd": 1059187,
      "sga": null,
      "fcf": -862838,
      "ocf": -855660,
      "capex": -7178,
      "gross_margin": 0.8262798018326811,
      "op_margin": -0.10424446552079335,
      "fcf_margin": -0.08760800373728951,
      "incr_op_margin_yoy": 1.0091526381982023,
      "rev_growth_yoy": -0.09551287979467488,
      "rev_growth_yoy_accel": -0.01670902863000044,
      "op_leverage_ratio": 3.2410678403079083,
      "fcf_margin_change": 0.16872815118272944
    },
    {
      "date": "2024-09-30T00:00:00",
      "quarter_label": "2024-09 (Q3)",
      "revenue": 9085826,
      "gross_profit": 7762813,
      "operating_income": -1694432,
      "net_income": -1544081,
      "opex": 10780258,
      "cogs": 1323013,
      "rd": 1306095,
      "sga": null,
      "fcf": 460124,
      "ocf": 475503,
      "capex": -15379,
      "gross_margin": 0.8543871520321873,
      "op_margin": -0.18649179502226876,
      "fcf_margin": 0.05064195594324611,
      "incr_op_margin_yoy": -0.17215378462153785,
      "rev_growth_yoy": -0.0991579751824473,
      "rev_growth_yoy_accel": -0.0036450953877724263,
      "fcf_margin_change": 0.1382499596805356
    },
    {
      "date": "2024-12-31T00:00:00",
      "quarter_label": "2024-12 (Q4)",
      "revenue": 10435569,
      "gross_profit": 8459096,
      "operating_income": -1842039,
      "net_income": -1903814,
      "opex": 12277608,
      "cogs": 1976473,
      "rd": 1292671,
      "sga": null,
      "fcf": 1902335,
      "ocf": 1904618,
      "capex": -2283,
      "gross_margin": 0.8106022776525171,
      "op_margin": -0.1765154348555407,
      "fcf_margin": 0.18229336608286525,
      "incr_op_margin_yoy": 4.006640166355197,
      "rev_growth_yoy": 0.11573776983932328,
      "rev_growth_yoy_accel": 0.21489574502177058,
      "op_leverage_ratio": 1.069528830860348,
      "fcf_margin_change": 0.13165141013961915
    },
    {
      "date": "2025-03-31T00:00:00",
      "quarter_label": "2025-03 (Q1)",
      "revenue": 11713055,
      "gross_profit": 10287341,
      "operating_income": 1291947,
      "net_income": 1257068,
      "opex": 10421108,
      "cogs": 1425714,
      "rd": 1295076,
      "sga": null,
      "fcf": 3850887,
      "ocf": 3898517,
      "capex": -47630,
      "gross_margin": 0.8782799192866422,
      "op_margin": 0.11029974673558691,
      "fcf_margin": 0.32876879686811,
      "incr_op_margin_yoy": 0.9831567535021027,
      "rev_growth_yoy": 0.3783792816433527,
      "rev_growth_yoy_accel": 0.26264151180402945,
      "op_leverage_ratio": Infinity,
      "fcf_margin_change": 0.14647543078524475
    },
    {
      "date": "2025-06-30T00:00:00",
      "quarter_label": "2025-06 (Q2)",
      "revenue": 10837363,
      "gross_profit": 8825974,
      "operating_income": -747478,
      "net_income": -740740,
      "opex": 11584841,
      "cogs": 2011389,
      "rd": 1468399,
      "sga": null,
      "fcf": 817315,
      "ocf": 843801,
      "capex": -26486,
      "gross_margin": 0.8144023596884223,
      "op_margin": -0.06897231365231561,
      "fcf_margin": 0.07541640895483523,
      "rev_growth_yoy": 0.10036847960609407,
      "rev_growth_yoy_accel": -0.27801080203725864,
      "fcf_margin_change": -0.25335238791327475
    },
    {
      "date": "2025-09-30T00:00:00",
      "quarter_label": "2025-09 (Q3)",
      "revenue": 8292362,
      "gross_profit": 7303602,
      "operating_income": -1965260,
      "net_income": -1940764,
      "opex": 10257622,
      "cogs": 988760,
      "rd": 1253367,
      "sga": null,
      "fcf": 163392,
      "ocf": 187180,
      "capex": -23788,
      "gross_margin": 0.880762561981737,
      "op_margin": -0.2369964070550707,
      "fcf_margin": 0.019703915482705652,
      "rev_growth_yoy": -0.08732986962330118,
      "rev_growth_yoy_accel": -0.18769834922939527,
      "fcf_margin_change": -0.05571249347212957
    }
  ],
  "signals": [
    {
      "quarter": "2025-09 (Q3)",
      "signal": "GROSS MARGIN INFLECTION",
      "detail": "GM: +87.8% -> +81.4% -> +88.1% (reversal +6.6%)",
      "severity": "HIGH"
    },
    {
      "quarter": "2025-09 (Q3)",
      "signal": "YoY REVENUE GROWTH DECELERATION",
      "detail": "YoY growth: -8.7% vs prior quarter YoY: +10.0% (decel: -18.8%)",
      "severity": "WARNING"
    },
    {
      "quarter": "2025-06 (Q2)",
      "signal": "YoY REVENUE GROWTH DECELERATION",
      "detail": "YoY growth: +10.0% vs prior quarter YoY: +37.8% (decel: -27.8%)",
      "severity": "WARNING"
    },
    {
      "quarter": "2025-03 (Q1)",
      "signal": "FCF MARGIN EXPANSION",
      "detail": "FCF margin: +18.2% -> +32.9% (+14.6%)",
      "severity": "MEDIUM"
    },
    {
      "quarter": "2025-03 (Q1)",
      "signal": "GROSS MARGIN INFLECTION",
      "detail": "GM: +85.4% -> +81.1% -> +87.8% (reversal +6.8%)",
      "severity": "HIGH"
    },
    {
      "quarter": "2025-03 (Q1)",
      "signal": "YoY REVENUE GROWTH ACCELERATION",
      "detail": "YoY growth: +37.8% vs prior quarter YoY: +11.6% (accel: +26.3%)",
      "severity": "HIGH"
    },
    {
      "quarter": "2025-03 (Q1)",
      "signal": "OP MARGIN TURNED POSITIVE (YoY)",
      "detail": "Op margin: -22.0% (year-ago) -> +11.0%",
      "severity": "HIGH"
    },
    {
      "quarter": "2025-03 (Q1)",
      "signal": "OP MARGIN TURNED POSITIVE (QoQ)",
      "detail": "Op margin: -17.7% -> +11.0%",
      "severity": "HIGH"
    },
    {
      "quarter": "2024-12 (Q4)",
      "signal": "FCF MARGIN EXPANSION",
      "detail": "FCF margin: +5.1% -> +18.2% (+13.2%)",
      "severity": "MEDIUM"
    },
    {
      "quarter": "2024-12 (Q4)",
      "signal": "YoY REVENUE GROWTH ACCELERATION",
      "detail": "YoY growth: +11.6% vs prior quarter YoY: -9.9% (accel: +21.5%)",
      "severity": "HIGH"
    },
    {
      "quarter": "2024-09 (Q3)",
      "signal": "FCF TURNED POSITIVE",
      "detail": "FCF margin: -8.8% -> +5.1%",
      "severity": "HIGH"
    },
    {
      "quarter": "2024-06 (Q2)",
      "signal": "FCF MARGIN EXPANSION",
      "detail": "FCF margin: -25.6% -> -8.8% (+16.9%)",
      "severity": "MEDIUM"
    },
    {
      "quarter": "2024-06 (Q2)",
      "signal": "OPERATING LEVERAGE",
      "detail": "Rev growth +15.9% vs OpEx growth +4.9% (leverage: 3.2x)",
      "severity": "MEDIUM"
    },
    {
      "quarter": "2024-03 (Q1)",
      "signal": "YoY REVENUE GROWTH DECELERATION",
      "detail": "YoY growth: -7.9% vs prior quarter YoY: +2.5% (decel: -10.4%)",
      "severity": "WARNING"
    },
    {
      "quarter": "2023-12 (Q4)",
      "signal": "YoY REVENUE GROWTH ACCELERATION",
      "detail": "YoY growth: +2.5% vs prior quarter YoY: -11.6% (accel: +14.1%)",
      "severity": "MEDIUM"
    },
    {
      "quarter": "2023-09 (Q3)",
      "signal": "YoY REVENUE GROWTH DECELERATION",
      "detail": "YoY growth: -11.6% vs prior quarter YoY: +5.7% (decel: -17.4%)",
      "severity": "WARNING"
    },
    {
      "quarter": "2023-06 (Q2)",
      "signal": "FCF TURNED POSITIVE",
      "detail": "FCF margin: -16.5% -> +47.4%",
      "severity": "HIGH"
    },
    {
      "quarter": "2023-06 (Q2)",
      "signal": "OPERATING LEVERAGE",
      "detail": "Rev growth +18.0% vs OpEx growth +1.0% (leverage: 17.7x)",
      "severity": "MEDIUM"
    },
    {
      "quarter": "2023-06 (Q2)",
      "signal": "YoY REVENUE GROWTH ACCELERATION",
      "detail": "YoY growth: +5.7% vs prior quarter YoY: -17.5% (accel: +23.2%)",
      "severity": "HIGH"
    },
    {
      "quarter": "2023-06 (Q2)",
      "signal": "OP MARGIN TURNED POSITIVE (YoY)",
      "detail": "Op margin: -17.9% (year-ago) -> +0.2%",
      "severity": "HIGH"
    },
    {
      "quarter": "2023-06 (Q2)",
      "signal": "OP MARGIN TURNED POSITIVE (QoQ)",
      "detail": "Op margin: -16.6% -> +0.2%",
      "severity": "HIGH"
    },
    {
      "quarter": "2023-03 (Q1)",
      "signal": "GROSS MARGIN INFLECTION",
      "detail": "GM: +80.5% -> +71.0% -> +86.4% (reversal +15.5%)",
      "severity": "HIGH"
    },
    {
      "quarter": "2023-03 (Q1)",
      "signal": "YoY REVENUE GROWTH DECELERATION",
      "detail": "YoY growth: -17.5% vs prior quarter YoY: +9.7% (decel: -27.1%)",
      "severity": "WARNING"
    },
    {
      "quarter": "2022-12 (Q4)",
      "signal": "FCF MARGIN EXPANSION",
      "detail": "FCF margin: +22.3% -> +41.6% (+19.3%)",
      "severity": "MEDIUM"
    },
    {
      "quarter": "2022-12 (Q4)",
      "signal": "YoY REVENUE GROWTH DECELERATION",
      "detail": "YoY growth: +9.7% vs prior quarter YoY: +41.4% (decel: -31.7%)",
      "severity": "WARNING"
    },
    {
      "quarter": "2022-09 (Q3)",
      "signal": "YoY REVENUE GROWTH ACCELERATION",
      "detail": "YoY growth: +41.4% vs prior quarter YoY: +13.7% (accel: +27.6%)",
      "severity": "HIGH"
    },
    {
      "quarter": "2022-06 (Q2)",
      "signal": "FCF TURNED POSITIVE",
      "detail": "FCF margin: -1.6% -> +21.3%",
      "severity": "HIGH"
    },
    {
      "quarter": "2022-06 (Q2)",
      "signal": "YoY REVENUE GROWTH ACCELERATION",
      "detail": "YoY growth: +13.7% vs prior quarter YoY: +6.1% (accel: +7.7%)",
      "severity": "MEDIUM"
    },
    {
      "quarter": "2022-03 (Q1)",
      "signal": "GROSS MARGIN INFLECTION",
      "detail": "GM: +83.5% -> +60.0% -> +80.2% (reversal +20.2%)",
      "severity": "HIGH"
    },
    {
      "quarter": "2022-03 (Q1)",
      "signal": "YoY REVENUE GROWTH ACCELERATION",
      "detail": "YoY growth: +6.1% vs prior quarter YoY: -18.9% (accel: +25.0%)",
      "severity": "HIGH"
    },
    {
      "quarter": "2021-12 (Q4)",
      "signal": "FCF TURNED POSITIVE",
      "detail": "FCF margin: -2.0% -> +23.4%",
      "severity": "HIGH"
    },
    {
      "quarter": "2021-06 (Q2)",
      "signal": "FCF MARGIN EXPANSION",
      "detail": "FCF margin: +16.8% -> +29.6% (+12.9%)",
      "severity": "MEDIUM"
    },
    {
      "quarter": "2021-06 (Q2)",
      "signal": "GROSS MARGIN INFLECTION",
      "detail": "GM: +77.9% -> +77.1% -> +80.8% (reversal +3.7%)",
      "severity": "MEDIUM"
    },
    {
      "quarter": "2021-03 (Q1)",
      "signal": "FCF MARGIN EXPANSION",
      "detail": "FCF margin: +7.9% -> +16.8% (+8.9%)",
      "severity": "MEDIUM"
    }
  ],
  "data_quality": {
    "n_quarters": 20,
    "coverage": {
      "revenue": [
        20,
        20
      ],
      "gross_profit": [
        20,
        20
      ],
      "op_income": [
        20,
        20
      ],
      "fcf": [
        20,
        20
      ]
    },
    "gaps": [],
    "warnings": []
  },
  "market_cap": null,
  "source": "SEC EDGAR",
  "last_updated": "2026-02-02T23:36:37.801760"
}