{
  "ticker": "CPNG",
  "name": "COUPANG, INC.",
  "quarters": [
    {
      "date": "2020-12-31T00:00:00",
      "quarter_label": "2020-12 (Q4)",
      "revenue": 3803493000,
      "gross_profit": 649252000,
      "operating_income": -130902000,
      "net_income": -82755000,
      "opex": 3934395000,
      "cogs": 3154241000,
      "rd": null,
      "sga": null,
      "fcf": -153223000,
      "ocf": 16466000,
      "capex": -169689000,
      "gross_margin": 0.17069888126519492,
      "op_margin": -0.03441625894933946,
      "fcf_margin": -0.04028481188213045
    },
    {
      "date": "2021-03-31T00:00:00",
      "quarter_label": "2021-03 (Q1)",
      "revenue": 4206860000,
      "gross_profit": 732506000,
      "operating_income": -267316000,
      "net_income": -295033000,
      "opex": 4474176000,
      "cogs": 3474354000,
      "rd": null,
      "sga": null,
      "fcf": -330180000,
      "ocf": -183349000,
      "capex": -146831000,
      "gross_margin": 0.17412179154999216,
      "op_margin": -0.06354287996272755,
      "fcf_margin": -0.07848609176440385,
      "op_leverage_ratio": 0.7729975362667789,
      "fcf_margin_change": -0.038201279882273405
    },
    {
      "date": "2021-06-30T00:00:00",
      "quarter_label": "2021-06 (Q2)",
      "revenue": 4478114000,
      "gross_profit": 658494000,
      "operating_income": -514936000,
      "net_income": -518601000,
      "opex": 4993050000,
      "cogs": 3819620000,
      "rd": null,
      "sga": null,
      "fcf": -137782000,
      "ocf": 30883000,
      "capex": -168665000,
      "gross_margin": 0.14704717209075072,
      "op_margin": -0.11498947994624523,
      "fcf_margin": -0.03076786343536587,
      "op_leverage_ratio": 0.555992900706934,
      "fcf_margin_change": 0.04771822832903798
    },
    {
      "date": "2021-09-30T00:00:00",
      "quarter_label": "2021-09 (Q3)",
      "revenue": 4644705000,
      "gross_profit": 754527000,
      "operating_income": -315112000,
      "net_income": -323977000,
      "opex": 4959817000,
      "cogs": 3890178000,
      "rd": null,
      "sga": null,
      "fcf": -245424000,
      "ocf": -55366000,
      "capex": -190058000,
      "gross_margin": 0.16244885304879428,
      "op_margin": -0.06784327529950772,
      "fcf_margin": -0.052839523715714994,
      "op_leverage_ratio": Infinity,
      "fcf_margin_change": -0.022071660280349122
    },
    {
      "date": "2021-12-31T00:00:00",
      "quarter_label": "2021-12 (Q4)",
      "revenue": 5076693000,
      "gross_profit": 805601000,
      "operating_income": -396598000,
      "net_income": -404979000,
      "opex": 5473291000,
      "cogs": 4271092000,
      "rd": null,
      "sga": null,
      "fcf": -371614000,
      "ocf": -203168000,
      "capex": -168446000,
      "gross_margin": 0.1586861762174707,
      "op_margin": -0.07812132819534291,
      "fcf_margin": -0.07320001426125236,
      "incr_op_margin_yoy": -0.20868363179390512,
      "rev_growth_yoy": 0.33474493051518694,
      "op_leverage_ratio": 0.8983813801868912,
      "fcf_margin_change": -0.020360490545537367
    },
    {
      "date": "2022-03-31T00:00:00",
      "quarter_label": "2022-03 (Q1)",
      "revenue": 5116686000,
      "gross_profit": 1043406000,
      "operating_income": -205705000,
      "net_income": -209294000,
      "opex": 5322391000,
      "cogs": 4073280000,
      "rd": null,
      "sga": null,
      "fcf": -293845000,
      "ocf": -54939000,
      "capex": -238906000,
      "gross_margin": 0.2039222262222071,
      "op_margin": -0.04020277968982267,
      "fcf_margin": -0.05742877323329983,
      "incr_op_margin_yoy": 0.06771734375583903,
      "rev_growth_yoy": 0.216271993838635,
      "rev_growth_yoy_accel": -0.11847293667655195,
      "fcf_margin_change": 0.015771241027952528
    },
    {
      "date": "2022-06-30T00:00:00",
      "quarter_label": "2022-06 (Q2)",
      "revenue": 5037821000,
      "gross_profit": 1153793000,
      "operating_income": -67143000,
      "net_income": -75491000,
      "opex": 5104964000,
      "cogs": 3884028000,
      "rd": null,
      "sga": null,
      "fcf": -199030000,
      "ocf": -18262000,
      "capex": -180768000,
      "gross_margin": 0.22902620001782517,
      "op_margin": -0.013327785961430546,
      "fcf_margin": -0.039507159940775985,
      "incr_op_margin_yoy": 0.8000489541849575,
      "rev_growth_yoy": 0.12498721560013881,
      "rev_growth_yoy_accel": -0.09128477823849618,
      "fcf_margin_change": 0.01792161329252385
    },
    {
      "date": "2022-09-30T00:00:00",
      "quarter_label": "2022-09 (Q3)",
      "revenue": 5101334000,
      "gross_profit": 1233888000,
      "operating_income": 77420000,
      "net_income": 90679000,
      "opex": 5023914000,
      "cogs": 3867446000,
      "rd": null,
      "sga": null,
      "fcf": -225236000,
      "ocf": 58164000,
      "capex": -283400000,
      "gross_margin": 0.2418755564720914,
      "op_margin": 0.01517642248086481,
      "fcf_margin": -0.04415237269310341,
      "incr_op_margin_yoy": 0.8596300278782119,
      "rev_growth_yoy": 0.09831173346854107,
      "rev_growth_yoy_accel": -0.026675482131597747,
      "op_leverage_ratio": Infinity,
      "fcf_margin_change": -0.004645212752327425
    },
    {
      "date": "2022-12-31T00:00:00",
      "quarter_label": "2022-12 (Q4)",
      "revenue": 5326774000,
      "gross_profit": 1278786000,
      "operating_income": 83409000,
      "net_income": 102064000,
      "opex": 5243365000,
      "cogs": 4047988000,
      "rd": null,
      "sga": null,
      "fcf": 459111000,
      "ocf": 580037000,
      "capex": -120926000,
      "gross_margin": 0.24006762817420074,
      "op_margin": 0.015658445430573927,
      "fcf_margin": 0.0861893145832731,
      "incr_op_margin_yoy": 1.919406112419576,
      "rev_growth_yoy": 0.049260611189213134,
      "rev_growth_yoy_accel": -0.04905112227932793,
      "op_leverage_ratio": 1.011700230647907,
      "fcf_margin_change": 0.13034168727637652
    },
    {
      "date": "2023-03-31T00:00:00",
      "quarter_label": "2023-03 (Q1)",
      "revenue": 5800530000,
      "gross_profit": 1419927000,
      "operating_income": 106775000,
      "net_income": 90855000,
      "opex": 5693755000,
      "cogs": 4380603000,
      "rd": null,
      "sga": null,
      "fcf": 406000000,
      "ocf": 501000000,
      "capex": -95000000,
      "gross_margin": 0.24479263101820006,
      "op_margin": 0.01840780066649082,
      "fcf_margin": 0.06999360403273494,
      "incr_op_margin_yoy": 0.4569463210907751,
      "rev_growth_yoy": 0.13364978816366688,
      "rev_growth_yoy_accel": 0.08438917697445375,
      "op_leverage_ratio": 1.0354086847545305,
      "fcf_margin_change": -0.01619571055053816
    },
    {
      "date": "2023-06-30T00:00:00",
      "quarter_label": "2023-06 (Q2)",
      "revenue": 5837889000,
      "gross_profit": 1523788000,
      "operating_income": 147642000,
      "net_income": 145192000,
      "opex": 5690247000,
      "cogs": 4314101000,
      "rd": null,
      "sga": null,
      "fcf": 443000000,
      "ocf": 820000000,
      "capex": -377000000,
      "gross_margin": 0.2610169532171646,
      "op_margin": 0.025290306136344833,
      "fcf_margin": 0.07588359422387099,
      "incr_op_margin_yoy": 0.26845843103336214,
      "rev_growth_yoy": 0.1588123119102485,
      "rev_growth_yoy_accel": 0.025162523746581622,
      "fcf_margin_change": 0.005889990191136049
    },
    {
      "date": "2023-09-30T00:00:00",
      "quarter_label": "2023-09 (Q3)",
      "revenue": 6183555000,
      "gross_profit": 1565787000,
      "operating_income": 87484000,
      "net_income": 91300000,
      "opex": 6096071000,
      "cogs": 4617768000,
      "rd": null,
      "sga": null,
      "fcf": 532000000,
      "ocf": 722000000,
      "capex": -190000000,
      "gross_margin": 0.25321793046233115,
      "op_margin": 0.014147848608122673,
      "fcf_margin": 0.08603465158796195,
      "incr_op_margin_yoy": 0.009299394485969132,
      "rev_growth_yoy": 0.21214470567894594,
      "rev_growth_yoy_accel": 0.053332393768697445,
      "op_leverage_ratio": 0.830221970704232,
      "fcf_margin_change": 0.010151057364090957
    },
    {
      "date": "2023-12-31T00:00:00",
      "quarter_label": "2023-12 (Q4)",
      "revenue": 6561026000,
      "gross_profit": 1680498000,
      "operating_income": 131099000,
      "net_income": 1032653000,
      "opex": 6429927000,
      "cogs": 4880528000,
      "rd": null,
      "sga": null,
      "fcf": 375000000,
      "ocf": 609000000,
      "capex": -234000000,
      "gross_margin": 0.25613341571882203,
      "op_margin": 0.019981478506562844,
      "fcf_margin": 0.05715569485626181,
      "incr_op_margin_yoy": 0.03863878689279013,
      "rev_growth_yoy": 0.23170722091832693,
      "rev_growth_yoy_accel": 0.01956251523938099,
      "op_leverage_ratio": 1.1146440304743461,
      "fcf_margin_change": -0.028878956731700135
    },
    {
      "date": "2024-03-31T00:00:00",
      "quarter_label": "2024-03 (Q1)",
      "revenue": 7114000000,
      "gross_profit": 1929000000,
      "operating_income": 40000000,
      "net_income": 5000000,
      "opex": 7074000000,
      "cogs": 5185000000,
      "rd": null,
      "sga": null,
      "fcf": 105000000,
      "ocf": 212000000,
      "capex": -107000000,
      "gross_margin": 0.271155468091088,
      "op_margin": 0.0056227157717177395,
      "fcf_margin": 0.014759628900759067,
      "incr_op_margin_yoy": -0.050838618316368094,
      "rev_growth_yoy": 0.2264396529282669,
      "rev_growth_yoy_accel": -0.005267567990060035,
      "op_leverage_ratio": 0.8414027010980306,
      "fcf_margin_change": -0.04239606595550274
    },
    {
      "date": "2024-06-30T00:00:00",
      "quarter_label": "2024-06 (Q2)",
      "revenue": 7323000000,
      "gross_profit": 2142000000,
      "operating_income": -25000000,
      "net_income": -77000000,
      "opex": 7348000000,
      "cogs": 5181000000,
      "rd": null,
      "sga": null,
      "fcf": 486000000,
      "ocf": 664000000,
      "capex": -178000000,
      "gross_margin": 0.2925030725112659,
      "op_margin": -0.0034139014065273795,
      "fcf_margin": 0.06636624334289226,
      "incr_op_margin_yoy": -0.11624854977170057,
      "rev_growth_yoy": 0.25439178442755594,
      "rev_growth_yoy_accel": 0.027952131499289046,
      "op_leverage_ratio": 0.7584848627872665,
      "fcf_margin_change": 0.05160661444213319
    },
    {
      "date": "2024-09-30T00:00:00",
      "quarter_label": "2024-09 (Q3)",
      "revenue": 7866000000,
      "gross_profit": 2269000000,
      "operating_income": 109000000,
      "net_income": 70000000,
      "opex": 7757000000,
      "cogs": 5597000000,
      "rd": null,
      "sga": null,
      "fcf": -46000000,
      "ocf": 334000000,
      "capex": -380000000,
      "gross_margin": 0.28845664886854816,
      "op_margin": 0.013857106534452072,
      "fcf_margin": -0.005847953216374269,
      "incr_op_margin_yoy": 0.012788530977238484,
      "rev_growth_yoy": 0.2720837770505801,
      "rev_growth_yoy_accel": 0.017691992623024178,
      "op_leverage_ratio": 1.3321607541900842,
      "fcf_margin_change": -0.07221419655926653
    },
    {
      "date": "2024-12-31T00:00:00",
      "quarter_label": "2024-12 (Q4)",
      "revenue": 7965000000,
      "gross_profit": 2491000000,
      "operating_income": 312000000,
      "net_income": 156000000,
      "opex": 7653000000,
      "cogs": 5474000000,
      "rd": null,
      "sga": null,
      "fcf": 462000000,
      "ocf": 676000000,
      "capex": -214000000,
      "gross_margin": 0.3127432517263026,
      "op_margin": 0.039171374764595104,
      "fcf_margin": 0.05800376647834275,
      "incr_op_margin_yoy": 0.12884925219412896,
      "rev_growth_yoy": 0.21398695874700085,
      "rev_growth_yoy_accel": -0.05809681830357927,
      "op_leverage_ratio": Infinity,
      "fcf_margin_change": 0.06385171969471702
    },
    {
      "date": "2025-03-31T00:00:00",
      "quarter_label": "2025-03 (Q1)",
      "revenue": 7908000000,
      "gross_profit": 2316000000,
      "operating_income": 154000000,
      "net_income": 107000000,
      "opex": 7754000000,
      "cogs": 5592000000,
      "rd": null,
      "sga": null,
      "fcf": 115000000,
      "ocf": 354000000,
      "capex": -239000000,
      "gross_margin": 0.2928679817905918,
      "op_margin": 0.01947395042994436,
      "fcf_margin": 0.014542235710672737,
      "incr_op_margin_yoy": 0.14357682619647355,
      "rev_growth_yoy": 0.11161090806859714,
      "rev_growth_yoy_accel": -0.10237605067840372,
      "fcf_margin_change": -0.043461530767670016
    },
    {
      "date": "2025-06-30T00:00:00",
      "quarter_label": "2025-06 (Q2)",
      "revenue": 8524000000,
      "gross_profit": 2561000000,
      "operating_income": 149000000,
      "net_income": 32000000,
      "opex": 8375000000,
      "cogs": 5963000000,
      "rd": null,
      "sga": null,
      "fcf": 246000000,
      "ocf": 545000000,
      "capex": -299000000,
      "gross_margin": 0.30044580009385263,
      "op_margin": 0.017480056311590803,
      "fcf_margin": 0.028859690286250586,
      "incr_op_margin_yoy": 0.14487926727726894,
      "rev_growth_yoy": 0.16400382356957532,
      "rev_growth_yoy_accel": 0.05239291550097819,
      "op_leverage_ratio": 0.9726313148714241,
      "fcf_margin_change": 0.01431745457557785
    },
    {
      "date": "2025-09-30T00:00:00",
      "quarter_label": "2025-09 (Q3)",
      "revenue": 9267000000,
      "gross_profit": 2720000000,
      "operating_income": 162000000,
      "net_income": 95000000,
      "opex": 9105000000,
      "cogs": 6547000000,
      "rd": null,
      "sga": null,
      "fcf": 439000000,
      "ocf": 792000000,
      "capex": -353000000,
      "gross_margin": 0.2935146217761951,
      "op_margin": 0.017481385561670445,
      "fcf_margin": 0.04737239667637855,
      "incr_op_margin_yoy": 0.03783012134189864,
      "rev_growth_yoy": 0.17810831426392068,
      "rev_growth_yoy_accel": 0.014104490694345356,
      "op_leverage_ratio": 1.0000168741924493,
      "fcf_margin_change": 0.01851270639012796
    }
  ],
  "signals": [
    {
      "quarter": "2025-06 (Q2)",
      "signal": "YoY REVENUE GROWTH ACCELERATION",
      "detail": "YoY growth: +16.4% vs prior quarter YoY: +11.2% (accel: +5.2%)",
      "severity": "MEDIUM"
    },
    {
      "quarter": "2025-06 (Q2)",
      "signal": "OP MARGIN TURNED POSITIVE (YoY)",
      "detail": "Op margin: -0.3% (year-ago) -> +1.7%",
      "severity": "HIGH"
    },
    {
      "quarter": "2025-03 (Q1)",
      "signal": "YoY REVENUE GROWTH DECELERATION",
      "detail": "YoY growth: +11.2% vs prior quarter YoY: +21.4% (decel: -10.2%)",
      "severity": "WARNING"
    },
    {
      "quarter": "2025-03 (Q1)",
      "signal": "INCREMENTAL MARGIN (YoY)",
      "detail": "YoY Incr OPM: +14.4% vs year-ago OPM: +0.6%",
      "severity": "MEDIUM"
    },
    {
      "quarter": "2024-12 (Q4)",
      "signal": "FCF TURNED POSITIVE",
      "detail": "FCF margin: -0.6% -> +5.8%",
      "severity": "HIGH"
    },
    {
      "quarter": "2024-12 (Q4)",
      "signal": "GROSS MARGIN INFLECTION",
      "detail": "GM: +29.3% -> +28.8% -> +31.3% (reversal +2.4%)",
      "severity": "MEDIUM"
    },
    {
      "quarter": "2024-12 (Q4)",
      "signal": "YoY REVENUE GROWTH DECELERATION",
      "detail": "YoY growth: +21.4% vs prior quarter YoY: +27.2% (decel: -5.8%)",
      "severity": "WARNING"
    },
    {
      "quarter": "2024-12 (Q4)",
      "signal": "INCREMENTAL MARGIN (YoY)",
      "detail": "YoY Incr OPM: +12.9% vs year-ago OPM: +2.0%",
      "severity": "MEDIUM"
    },
    {
      "quarter": "2024-09 (Q3)",
      "signal": "OP MARGIN TURNED POSITIVE (QoQ)",
      "detail": "Op margin: -0.3% -> +1.4%",
      "severity": "HIGH"
    },
    {
      "quarter": "2024-06 (Q2)",
      "signal": "FCF MARGIN EXPANSION",
      "detail": "FCF margin: +1.5% -> +6.6% (+5.2%)",
      "severity": "MEDIUM"
    },
    {
      "quarter": "2023-09 (Q3)",
      "signal": "YoY REVENUE GROWTH ACCELERATION",
      "detail": "YoY growth: +21.2% vs prior quarter YoY: +15.9% (accel: +5.3%)",
      "severity": "MEDIUM"
    },
    {
      "quarter": "2023-06 (Q2)",
      "signal": "OP MARGIN TURNED POSITIVE (YoY)",
      "detail": "Op margin: -1.3% (year-ago) -> +2.5%",
      "severity": "HIGH"
    },
    {
      "quarter": "2023-03 (Q1)",
      "signal": "YoY REVENUE GROWTH ACCELERATION",
      "detail": "YoY growth: +13.4% vs prior quarter YoY: +4.9% (accel: +8.4%)",
      "severity": "MEDIUM"
    },
    {
      "quarter": "2023-03 (Q1)",
      "signal": "OP MARGIN TURNED POSITIVE (YoY)",
      "detail": "Op margin: -4.0% (year-ago) -> +1.8%",
      "severity": "HIGH"
    },
    {
      "quarter": "2022-12 (Q4)",
      "signal": "FCF TURNED POSITIVE",
      "detail": "FCF margin: -4.4% -> +8.6%",
      "severity": "HIGH"
    },
    {
      "quarter": "2022-12 (Q4)",
      "signal": "OP MARGIN TURNED POSITIVE (YoY)",
      "detail": "Op margin: -7.8% (year-ago) -> +1.6%",
      "severity": "HIGH"
    },
    {
      "quarter": "2022-09 (Q3)",
      "signal": "OP MARGIN TURNED POSITIVE (YoY)",
      "detail": "Op margin: -6.8% (year-ago) -> +1.5%",
      "severity": "HIGH"
    },
    {
      "quarter": "2022-09 (Q3)",
      "signal": "OP MARGIN TURNED POSITIVE (QoQ)",
      "detail": "Op margin: -1.3% -> +1.5%",
      "severity": "HIGH"
    },
    {
      "quarter": "2022-06 (Q2)",
      "signal": "YoY REVENUE GROWTH DECELERATION",
      "detail": "YoY growth: +12.5% vs prior quarter YoY: +21.6% (decel: -9.1%)",
      "severity": "WARNING"
    },
    {
      "quarter": "2022-03 (Q1)",
      "signal": "GROSS MARGIN INFLECTION",
      "detail": "GM: +16.2% -> +15.9% -> +20.4% (reversal +4.5%)",
      "severity": "MEDIUM"
    },
    {
      "quarter": "2022-03 (Q1)",
      "signal": "YoY REVENUE GROWTH DECELERATION",
      "detail": "YoY growth: +21.6% vs prior quarter YoY: +33.5% (decel: -11.8%)",
      "severity": "WARNING"
    }
  ],
  "data_quality": {
    "n_quarters": 20,
    "coverage": {
      "revenue": [
        20,
        20
      ],
      "gross_profit": [
        20,
        20
      ],
      "op_income": [
        20,
        20
      ],
      "fcf": [
        20,
        20
      ]
    },
    "gaps": [],
    "warnings": []
  },
  "market_cap": null,
  "source": "SEC EDGAR",
  "last_updated": "2026-02-02T20:05:21.493847"
}