{
  "ticker": "CPRI",
  "name": "CAPRI HOLDINGS LTD",
  "quarters": [
    {
      "date": "2021-03-27T00:00:00",
      "quarter_label": "2021-03 (Q1)",
      "revenue": 1197000000,
      "gross_profit": 737000000,
      "operating_income": -139000000,
      "net_income": -183000000,
      "opex": 876000000,
      "cogs": 460000000,
      "rd": null,
      "sga": 604000000,
      "fcf": 53000000,
      "ocf": 79000000,
      "capex": -26000000,
      "gross_margin": 0.6157059314954052,
      "op_margin": -0.1161236424394319,
      "fcf_margin": 0.04427736006683375
    },
    {
      "date": "2021-06-26T00:00:00",
      "quarter_label": "2021-06 (Q2)",
      "revenue": 1253000000,
      "gross_profit": 856000000,
      "operating_income": 258000000,
      "net_income": 219000000,
      "opex": 598000000,
      "cogs": 397000000,
      "rd": null,
      "sga": 545000000,
      "fcf": 181000000,
      "ocf": 204000000,
      "capex": -23000000,
      "gross_margin": 0.6831604150039904,
      "op_margin": 0.20590582601755786,
      "fcf_margin": 0.14445331205107742,
      "op_leverage_ratio": null,
      "fcf_margin_change": 0.10017595198424367
    },
    {
      "date": "2021-09-25T00:00:00",
      "quarter_label": "2021-09 (Q3)",
      "revenue": 1300000000,
      "gross_profit": 884000000,
      "operating_income": 195000000,
      "net_income": 200000000,
      "opex": 689000000,
      "cogs": 416000000,
      "rd": null,
      "sga": 599000000,
      "fcf": 167000000,
      "ocf": 192000000,
      "capex": -25000000,
      "gross_margin": 0.68,
      "op_margin": 0.15,
      "fcf_margin": 0.12846153846153846,
      "op_leverage_ratio": 0.246494128377608,
      "fcf_margin_change": -0.01599177358953896
    },
    {
      "date": "2021-12-25T00:00:00",
      "quarter_label": "2021-12 (Q4)",
      "revenue": 1609000000,
      "gross_profit": 1048000000,
      "operating_income": 331000000,
      "net_income": 322000000,
      "opex": 717000000,
      "cogs": 561000000,
      "rd": null,
      "sga": 656000000,
      "fcf": 280000000,
      "ocf": 317000000,
      "capex": -37000000,
      "gross_margin": 0.651336233685519,
      "op_margin": 0.20571783716594158,
      "fcf_margin": 0.1740211311373524,
      "op_leverage_ratio": 5.848928571428572,
      "fcf_margin_change": 0.04555959267581394
    },
    {
      "date": "2022-04-02T00:00:00",
      "quarter_label": "2022-04 (Q2)",
      "revenue": 1492000000,
      "gross_profit": 956000000,
      "operating_income": 119000000,
      "net_income": 81000000,
      "opex": 837000000,
      "cogs": 536000000,
      "rd": null,
      "sga": 733000000,
      "fcf": -55000000,
      "ocf": -9000000,
      "capex": -46000000,
      "gross_margin": 0.6407506702412868,
      "op_margin": 0.07975871313672922,
      "fcf_margin": -0.03686327077747989,
      "incr_op_margin_yoy": 0.8745762711864407,
      "rev_growth_yoy": 0.24644945697577275,
      "fcf_margin_change": -0.2108844019148323
    },
    {
      "date": "2022-07-02T00:00:00",
      "quarter_label": "2022-07 (Q3)",
      "revenue": 1360000000,
      "gross_profit": 901000000,
      "operating_income": 231000000,
      "net_income": 201000000,
      "opex": 670000000,
      "cogs": 459000000,
      "rd": null,
      "sga": 622000000,
      "fcf": 101000000,
      "ocf": 137000000,
      "capex": -36000000,
      "gross_margin": 0.6625,
      "op_margin": 0.1698529411764706,
      "fcf_margin": 0.07426470588235294,
      "incr_op_margin_yoy": -0.2523364485981308,
      "rev_growth_yoy": 0.0853950518754988,
      "rev_growth_yoy_accel": -0.16105440510027397,
      "fcf_margin_change": 0.11112797665983283
    },
    {
      "date": "2022-10-01T00:00:00",
      "quarter_label": "2022-10 (Q4)",
      "revenue": 1412000000,
      "gross_profit": 951000000,
      "operating_income": 252000000,
      "net_income": 224000000,
      "opex": 699000000,
      "cogs": 461000000,
      "rd": null,
      "sga": 642000000,
      "fcf": -148000000,
      "ocf": -98000000,
      "capex": -50000000,
      "gross_margin": 0.6735127478753541,
      "op_margin": 0.17847025495750707,
      "fcf_margin": -0.1048158640226629,
      "incr_op_margin_yoy": 0.5089285714285714,
      "rev_growth_yoy": 0.08615384615384615,
      "rev_growth_yoy_accel": 0.0007587942783473522,
      "op_leverage_ratio": 0.8833671399594321,
      "fcf_margin_change": -0.17908056990501584
    },
    {
      "date": "2022-12-31T00:00:00",
      "quarter_label": "2022-12 (Q4)",
      "revenue": 1512000000,
      "gross_profit": 1005000000,
      "operating_income": 236000000,
      "net_income": 225000000,
      "opex": 769000000,
      "cogs": 507000000,
      "rd": null,
      "sga": 720000000,
      "fcf": 495000000,
      "ocf": 577000000,
      "capex": -82000000,
      "gross_margin": 0.6646825396825397,
      "op_margin": 0.15608465608465608,
      "fcf_margin": 0.3273809523809524,
      "incr_op_margin_yoy": 0.979381443298969,
      "rev_growth_yoy": -0.06028589185829708,
      "rev_growth_yoy_accel": -0.14643973801214322,
      "op_leverage_ratio": 0.70720356131121,
      "fcf_margin_change": 0.4321968164036153
    },
    {
      "date": "2023-04-01T00:00:00",
      "quarter_label": "2023-04 (Q2)",
      "revenue": 1335000000,
      "gross_profit": 867000000,
      "operating_income": -40000000,
      "net_income": -34000000,
      "opex": 907000000,
      "cogs": 468000000,
      "rd": null,
      "sga": 724000000,
      "fcf": 97000000,
      "ocf": 155000000,
      "capex": -58000000,
      "gross_margin": 0.6494382022471911,
      "op_margin": -0.0299625468164794,
      "fcf_margin": 0.07265917602996255,
      "incr_op_margin_yoy": 1.0127388535031847,
      "rev_growth_yoy": -0.10522788203753351,
      "rev_growth_yoy_accel": -0.04494199017923643,
      "fcf_margin_change": -0.2547217763509898
    },
    {
      "date": "2023-07-01T00:00:00",
      "quarter_label": "2023-07 (Q3)",
      "revenue": 1229000000,
      "gross_profit": 812000000,
      "operating_income": 80000000,
      "net_income": 48000000,
      "opex": 732000000,
      "cogs": 417000000,
      "rd": null,
      "sga": 689000000,
      "fcf": -10000000,
      "ocf": 40000000,
      "capex": -50000000,
      "gross_margin": 0.660699755899105,
      "op_margin": 0.06509357200976404,
      "fcf_margin": -0.008136696501220505,
      "incr_op_margin_yoy": 1.1526717557251909,
      "rev_growth_yoy": -0.09632352941176471,
      "rev_growth_yoy_accel": 0.008904352625768802,
      "fcf_margin_change": -0.08079587253118306
    },
    {
      "date": "2023-09-30T00:00:00",
      "quarter_label": "2023-09 (Q3)",
      "revenue": 1291000000,
      "gross_profit": 832000000,
      "operating_income": 100000000,
      "net_income": 90000000,
      "opex": 732000000,
      "cogs": 459000000,
      "rd": null,
      "sga": 664000000,
      "fcf": -177000000,
      "ocf": -137000000,
      "capex": -40000000,
      "gross_margin": 0.6444616576297444,
      "op_margin": 0.07745933384972889,
      "fcf_margin": -0.13710302091402013,
      "incr_op_margin_yoy": 1.256198347107438,
      "rev_growth_yoy": -0.08569405099150142,
      "rev_growth_yoy_accel": 0.010629478420263294,
      "op_leverage_ratio": null,
      "fcf_margin_change": -0.12896632441279962
    },
    {
      "date": "2023-12-30T00:00:00",
      "quarter_label": "2023-12 (Q4)",
      "revenue": 1427000000,
      "gross_profit": 928000000,
      "operating_income": 122000000,
      "net_income": 105000000,
      "opex": 806000000,
      "cogs": 499000000,
      "rd": null,
      "sga": 749000000,
      "fcf": 313000000,
      "ocf": 362000000,
      "capex": -49000000,
      "gross_margin": 0.6503153468815698,
      "op_margin": 0.08549404344779257,
      "fcf_margin": 0.21934127540294324,
      "incr_op_margin_yoy": 1.3411764705882352,
      "rev_growth_yoy": -0.056216931216931214,
      "rev_growth_yoy_accel": 0.029477119774570203,
      "op_leverage_ratio": 1.0420583247848934,
      "fcf_margin_change": 0.3564442963169634
    },
    {
      "date": "2024-03-30T00:00:00",
      "quarter_label": "2024-03 (Q1)",
      "revenue": 1223000000,
      "gross_profit": 767000000,
      "operating_income": -543000000,
      "net_income": -472000000,
      "opex": 1310000000,
      "cogs": 456000000,
      "rd": null,
      "sga": 682000000,
      "fcf": -6000000,
      "ocf": 44000000,
      "capex": -50000000,
      "gross_margin": 0.6271463614063778,
      "op_margin": -0.4439901880621423,
      "fcf_margin": -0.004905968928863451,
      "incr_op_margin_yoy": 4.491071428571429,
      "rev_growth_yoy": -0.08389513108614233,
      "rev_growth_yoy_accel": -0.027678199869211113,
      "fcf_margin_change": -0.22424724433180668
    },
    {
      "date": "2024-06-29T00:00:00",
      "quarter_label": "2024-06 (Q2)",
      "revenue": 1067000000,
      "gross_profit": 689000000,
      "operating_income": -8000000,
      "net_income": -14000000,
      "opex": 697000000,
      "cogs": 378000000,
      "rd": null,
      "sga": 649000000,
      "fcf": 67000000,
      "ocf": 83000000,
      "capex": -16000000,
      "gross_margin": 0.6457357075913777,
      "op_margin": -0.007497656982193065,
      "fcf_margin": 0.06279287722586692,
      "incr_op_margin_yoy": 0.5432098765432098,
      "rev_growth_yoy": -0.13181448331977216,
      "rev_growth_yoy_accel": -0.047919352233629836,
      "fcf_margin_change": 0.06769884615473037
    },
    {
      "date": "2024-09-28T00:00:00",
      "quarter_label": "2024-09 (Q3)",
      "revenue": 1079000000,
      "gross_profit": 694000000,
      "operating_income": -38000000,
      "net_income": 24000000,
      "opex": 732000000,
      "cogs": 385000000,
      "rd": null,
      "sga": 639000000,
      "fcf": 30000000,
      "ocf": 50000000,
      "capex": -20000000,
      "gross_margin": 0.6431881371640408,
      "op_margin": -0.03521779425393883,
      "fcf_margin": 0.027803521779425393,
      "incr_op_margin_yoy": 0.6509433962264151,
      "rev_growth_yoy": -0.16421378776142526,
      "rev_growth_yoy_accel": -0.03239930444165309,
      "op_leverage_ratio": 0.22396572499665282,
      "fcf_margin_change": -0.03498935544644152
    },
    {
      "date": "2024-12-28T00:00:00",
      "quarter_label": "2024-12 (Q4)",
      "revenue": 1261000000,
      "gross_profit": 812000000,
      "operating_income": -590000000,
      "net_income": -547000000,
      "opex": 1402000000,
      "cogs": 449000000,
      "rd": null,
      "sga": 680000000,
      "fcf": 287000000,
      "ocf": 309000000,
      "capex": -22000000,
      "gross_margin": 0.6439333862014275,
      "op_margin": -0.46788263283108644,
      "fcf_margin": 0.22759714512291832,
      "incr_op_margin_yoy": 4.289156626506024,
      "rev_growth_yoy": -0.11632796075683252,
      "rev_growth_yoy_accel": 0.047885827004592735,
      "op_leverage_ratio": 0.18428340226577952,
      "fcf_margin_change": 0.19979362334349293
    },
    {
      "date": "2025-03-29T00:00:00",
      "quarter_label": "2025-03 (Q1)",
      "revenue": 1035000000,
      "gross_profit": 631000000,
      "operating_income": -116000000,
      "net_income": -645000000,
      "opex": 747000000,
      "cogs": 404000000,
      "rd": null,
      "sga": 613000000,
      "fcf": -231000000,
      "ocf": -161000000,
      "capex": -70000000,
      "gross_margin": 0.6096618357487923,
      "op_margin": -0.11207729468599034,
      "fcf_margin": -0.22318840579710145,
      "incr_op_margin_yoy": -2.271276595744681,
      "rev_growth_yoy": -0.15372035977105478,
      "rev_growth_yoy_accel": -0.037392399014222255,
      "fcf_margin_change": -0.45078555092001976
    },
    {
      "date": "2025-06-28T00:00:00",
      "quarter_label": "2025-06 (Q2)",
      "revenue": 797000000,
      "gross_profit": 502000000,
      "operating_income": 16000000,
      "net_income": 53000000,
      "opex": 486000000,
      "cogs": 295000000,
      "rd": null,
      "sga": 455000000,
      "fcf": -21000000,
      "ocf": -8000000,
      "capex": -13000000,
      "gross_margin": 0.6298619824341279,
      "op_margin": 0.020075282308657464,
      "fcf_margin": -0.026348808030112924,
      "incr_op_margin_yoy": -0.08888888888888889,
      "rev_growth_yoy": -0.2530459231490159,
      "rev_growth_yoy_accel": -0.09932556337796114,
      "fcf_margin_change": 0.19683959776698853
    },
    {
      "date": "2025-09-27T00:00:00",
      "quarter_label": "2025-09 (Q3)",
      "revenue": 856000000,
      "gross_profit": 522000000,
      "operating_income": -12000000,
      "net_income": -28000000,
      "opex": 534000000,
      "cogs": 334000000,
      "rd": null,
      "sga": 481000000,
      "fcf": -65000000,
      "ocf": -52000000,
      "capex": -13000000,
      "gross_margin": 0.6098130841121495,
      "op_margin": -0.014018691588785047,
      "fcf_margin": -0.07593457943925233,
      "incr_op_margin_yoy": -0.11659192825112108,
      "rev_growth_yoy": -0.20667284522706209,
      "rev_growth_yoy_accel": 0.04637307792195383,
      "op_leverage_ratio": 0.7495294855708908,
      "fcf_margin_change": -0.049585771409139404
    },
    {
      "date": "2025-12-27T00:00:00",
      "quarter_label": "2025-12 (Q4)",
      "revenue": 1025000000,
      "gross_profit": 623000000,
      "operating_income": 46000000,
      "net_income": 116000000,
      "opex": 577000000,
      "cogs": 402000000,
      "rd": null,
      "sga": 535000000,
      "fcf": 183000000,
      "ocf": 202000000,
      "capex": -19000000,
      "gross_margin": 0.6078048780487805,
      "op_margin": 0.0448780487804878,
      "fcf_margin": 0.17853658536585365,
      "incr_op_margin_yoy": -2.694915254237288,
      "rev_growth_yoy": -0.18715305313243458,
      "rev_growth_yoy_accel": 0.01951979209462751,
      "op_leverage_ratio": 2.4518039556618128,
      "fcf_margin_change": 0.254471164805106
    }
  ],
  "signals": [
    {
      "quarter": "2025-12 (Q4)",
      "signal": "FCF TURNED POSITIVE",
      "detail": "FCF margin: -7.6% -> +17.9%",
      "severity": "HIGH"
    },
    {
      "quarter": "2025-12 (Q4)",
      "signal": "OPERATING LEVERAGE",
      "detail": "Rev growth +19.7% vs OpEx growth +8.1% (leverage: 2.5x)",
      "severity": "MEDIUM"
    },
    {
      "quarter": "2025-12 (Q4)",
      "signal": "OP MARGIN TURNED POSITIVE (YoY)",
      "detail": "Op margin: -46.8% (year-ago) -> +4.5%",
      "severity": "HIGH"
    },
    {
      "quarter": "2025-12 (Q4)",
      "signal": "OP MARGIN TURNED POSITIVE (QoQ)",
      "detail": "Op margin: -1.4% -> +4.5%",
      "severity": "HIGH"
    },
    {
      "quarter": "2025-06 (Q2)",
      "signal": "FCF MARGIN EXPANSION",
      "detail": "FCF margin: -22.3% -> -2.6% (+19.7%)",
      "severity": "MEDIUM"
    },
    {
      "quarter": "2025-06 (Q2)",
      "signal": "GROSS MARGIN INFLECTION",
      "detail": "GM: +64.4% -> +61.0% -> +63.0% (reversal +2.0%)",
      "severity": "MEDIUM"
    },
    {
      "quarter": "2025-06 (Q2)",
      "signal": "YoY REVENUE GROWTH DECELERATION",
      "detail": "YoY growth: -25.3% vs prior quarter YoY: -15.4% (decel: -9.9%)",
      "severity": "WARNING"
    },
    {
      "quarter": "2025-06 (Q2)",
      "signal": "OP MARGIN TURNED POSITIVE (YoY)",
      "detail": "Op margin: -0.7% (year-ago) -> +2.0%",
      "severity": "HIGH"
    },
    {
      "quarter": "2025-06 (Q2)",
      "signal": "OP MARGIN TURNED POSITIVE (QoQ)",
      "detail": "Op margin: -11.2% -> +2.0%",
      "severity": "HIGH"
    },
    {
      "quarter": "2024-12 (Q4)",
      "signal": "FCF MARGIN EXPANSION",
      "detail": "FCF margin: +2.8% -> +22.8% (+20.0%)",
      "severity": "MEDIUM"
    },
    {
      "quarter": "2024-06 (Q2)",
      "signal": "FCF TURNED POSITIVE",
      "detail": "FCF margin: -0.5% -> +6.3%",
      "severity": "HIGH"
    },
    {
      "quarter": "2023-12 (Q4)",
      "signal": "FCF TURNED POSITIVE",
      "detail": "FCF margin: -13.7% -> +21.9%",
      "severity": "HIGH"
    },
    {
      "quarter": "2023-12 (Q4)",
      "signal": "INCREMENTAL MARGIN (YoY)",
      "detail": "YoY Incr OPM: +134.1% vs year-ago OPM: +15.6%",
      "severity": "HIGH"
    },
    {
      "quarter": "2023-09 (Q3)",
      "signal": "INCREMENTAL MARGIN (YoY)",
      "detail": "YoY Incr OPM: +125.6% vs year-ago OPM: +17.8%",
      "severity": "HIGH"
    },
    {
      "quarter": "2023-07 (Q3)",
      "signal": "INCREMENTAL MARGIN (YoY)",
      "detail": "YoY Incr OPM: +115.3% vs year-ago OPM: +17.0%",
      "severity": "HIGH"
    },
    {
      "quarter": "2023-07 (Q3)",
      "signal": "OP MARGIN TURNED POSITIVE (QoQ)",
      "detail": "Op margin: -3.0% -> +6.5%",
      "severity": "HIGH"
    },
    {
      "quarter": "2022-12 (Q4)",
      "signal": "FCF TURNED POSITIVE",
      "detail": "FCF margin: -10.5% -> +32.7%",
      "severity": "HIGH"
    },
    {
      "quarter": "2022-12 (Q4)",
      "signal": "YoY REVENUE GROWTH DECELERATION",
      "detail": "YoY growth: -6.0% vs prior quarter YoY: +8.6% (decel: -14.6%)",
      "severity": "WARNING"
    },
    {
      "quarter": "2022-12 (Q4)",
      "signal": "INCREMENTAL MARGIN (YoY)",
      "detail": "YoY Incr OPM: +97.9% vs year-ago OPM: +20.6%",
      "severity": "HIGH"
    },
    {
      "quarter": "2022-10 (Q4)",
      "signal": "INCREMENTAL MARGIN (YoY)",
      "detail": "YoY Incr OPM: +50.9% vs year-ago OPM: +15.0%",
      "severity": "HIGH"
    },
    {
      "quarter": "2022-07 (Q3)",
      "signal": "FCF TURNED POSITIVE",
      "detail": "FCF margin: -3.7% -> +7.4%",
      "severity": "HIGH"
    },
    {
      "quarter": "2022-07 (Q3)",
      "signal": "GROSS MARGIN INFLECTION",
      "detail": "GM: +65.1% -> +64.1% -> +66.2% (reversal +2.2%)",
      "severity": "MEDIUM"
    },
    {
      "quarter": "2022-07 (Q3)",
      "signal": "YoY REVENUE GROWTH DECELERATION",
      "detail": "YoY growth: +8.5% vs prior quarter YoY: +24.6% (decel: -16.1%)",
      "severity": "WARNING"
    },
    {
      "quarter": "2022-04 (Q2)",
      "signal": "OP MARGIN TURNED POSITIVE (YoY)",
      "detail": "Op margin: -11.6% (year-ago) -> +8.0%",
      "severity": "HIGH"
    },
    {
      "quarter": "2021-12 (Q4)",
      "signal": "OPERATING LEVERAGE",
      "detail": "Rev growth +23.8% vs OpEx growth +4.1% (leverage: 5.8x)",
      "severity": "MEDIUM"
    },
    {
      "quarter": "2021-06 (Q2)",
      "signal": "FCF MARGIN EXPANSION",
      "detail": "FCF margin: +4.4% -> +14.4% (+10.0%)",
      "severity": "MEDIUM"
    },
    {
      "quarter": "2021-06 (Q2)",
      "signal": "OP MARGIN TURNED POSITIVE (QoQ)",
      "detail": "Op margin: -11.6% -> +20.6%",
      "severity": "HIGH"
    }
  ],
  "data_quality": {
    "n_quarters": 20,
    "coverage": {
      "revenue": [
        20,
        20
      ],
      "gross_profit": [
        20,
        20
      ],
      "op_income": [
        20,
        20
      ],
      "fcf": [
        20,
        20
      ]
    },
    "gaps": [],
    "warnings": []
  },
  "market_cap": null,
  "source": "SEC EDGAR",
  "last_updated": "2026-02-04T13:46:23.532823",
  "sector": "Consumer Cyclical",
  "industry": "Luxury Goods"
}