{
  "ticker": "CPRX",
  "name": "CATALYST PHARMACEUTICALS, INC.",
  "quarters": [
    {
      "date": "2020-12-31T00:00:00",
      "quarter_label": "2020-12 (Q4)",
      "revenue": 31014909,
      "gross_profit": 26145251,
      "operating_income": 8617836,
      "net_income": 11437131,
      "opex": 17527415,
      "cogs": 4869658,
      "rd": 4175028,
      "sga": 13352387,
      "fcf": 13105000,
      "ocf": 13105000,
      "capex": null,
      "gross_margin": 0.8429897698555233,
      "op_margin": 0.2778610764261794,
      "fcf_margin": 0.42253872161933476
    },
    {
      "date": "2021-03-31T00:00:00",
      "quarter_label": "2021-03 (Q1)",
      "revenue": 30205000,
      "gross_profit": 25524000,
      "operating_income": 9801000,
      "net_income": 7663000,
      "opex": 15723000,
      "cogs": 4681000,
      "rd": 3007000,
      "sga": 12716000,
      "fcf": 2903000,
      "ocf": 3814000,
      "capex": -911000,
      "gross_margin": 0.8450256580036418,
      "op_margin": 0.3244827015394802,
      "fcf_margin": 0.09610991557689125,
      "fcf_margin_change": -0.3264288060424435
    },
    {
      "date": "2021-06-30T00:00:00",
      "quarter_label": "2021-06 (Q2)",
      "revenue": 36365000,
      "gross_profit": 31820000,
      "operating_income": 15838000,
      "net_income": 12181000,
      "opex": 15982000,
      "cogs": 4545000,
      "rd": 4450000,
      "sga": 11532000,
      "fcf": 15674000,
      "ocf": 15675000,
      "capex": -1000,
      "gross_margin": 0.8750171868554929,
      "op_margin": 0.4355286676749622,
      "fcf_margin": 0.43101883679362024,
      "op_leverage_ratio": 12.380481126715194,
      "fcf_margin_change": 0.334908921216729
    },
    {
      "date": "2021-09-30T00:00:00",
      "quarter_label": "2021-09 (Q3)",
      "revenue": 35954000,
      "gross_profit": 30644000,
      "operating_income": 14004000,
      "net_income": 10329000,
      "opex": 16640000,
      "cogs": 5310000,
      "rd": 4487000,
      "sga": 12153000,
      "fcf": 21639000,
      "ocf": 21707000,
      "capex": -68000,
      "gross_margin": 0.8523112866440452,
      "op_margin": 0.38949769149468766,
      "fcf_margin": 0.601852366913278,
      "fcf_margin_change": 0.1708335301196578
    },
    {
      "date": "2021-12-31T00:00:00",
      "quarter_label": "2021-12 (Q4)",
      "revenue": 38309000,
      "gross_profit": 30961000,
      "operating_income": 12742000,
      "net_income": 9309000,
      "opex": 18219000,
      "cogs": 7348000,
      "rd": 4992000,
      "sga": 13227000,
      "fcf": 19135000,
      "ocf": 19176000,
      "capex": -41000,
      "gross_margin": 0.8081912866428255,
      "op_margin": 0.3326111357644418,
      "fcf_margin": 0.4994909812315644,
      "incr_op_margin_yoy": 0.5654116462215786,
      "rev_growth_yoy": 0.235180151584517,
      "op_leverage_ratio": 0.6902634683829874,
      "fcf_margin_change": -0.10236138568171366
    },
    {
      "date": "2022-03-31T00:00:00",
      "quarter_label": "2022-03 (Q1)",
      "revenue": 43089000,
      "gross_profit": 37199000,
      "operating_income": 17366000,
      "net_income": 13241000,
      "opex": 19833000,
      "cogs": 5890000,
      "rd": 3403000,
      "sga": 16430000,
      "fcf": 8478000,
      "ocf": 8478000,
      "capex": null,
      "gross_margin": 0.8633061802316137,
      "op_margin": 0.40302629441388754,
      "fcf_margin": 0.19675555246118498,
      "incr_op_margin_yoy": 0.587162371934182,
      "rev_growth_yoy": 0.42655189538155935,
      "rev_growth_yoy_accel": 0.19137174379704236,
      "op_leverage_ratio": 1.4084715744725367,
      "fcf_margin_change": -0.3027354287703794
    },
    {
      "date": "2022-06-30T00:00:00",
      "quarter_label": "2022-06 (Q2)",
      "revenue": 53113000,
      "gross_profit": 45470000,
      "operating_income": 28569000,
      "net_income": 21619000,
      "opex": 16901000,
      "cogs": 7643000,
      "rd": 3983000,
      "sga": 12918000,
      "fcf": 26191000,
      "ocf": 26191000,
      "capex": null,
      "gross_margin": 0.8560992600681566,
      "op_margin": 0.5378909118294956,
      "fcf_margin": 0.4931184455782953,
      "incr_op_margin_yoy": 0.760150465727251,
      "rev_growth_yoy": 0.4605527292726523,
      "rev_growth_yoy_accel": 0.03400083389109293,
      "op_leverage_ratio": Infinity,
      "fcf_margin_change": 0.29636289311711034
    },
    {
      "date": "2022-09-30T00:00:00",
      "quarter_label": "2022-09 (Q3)",
      "revenue": 57244000,
      "gross_profit": 47579000,
      "operating_income": 25102000,
      "net_income": 22748000,
      "opex": 22477000,
      "cogs": 9665000,
      "rd": 8310000,
      "sga": 14167000,
      "fcf": 41301000,
      "ocf": 41301000,
      "capex": null,
      "gross_margin": 0.8311613444203759,
      "op_margin": 0.4385088393543428,
      "fcf_margin": 0.721490461882468,
      "incr_op_margin_yoy": 0.5212775951150775,
      "rev_growth_yoy": 0.5921455192746287,
      "rev_growth_yoy_accel": 0.13159279000197638,
      "op_leverage_ratio": 0.23574581896949579,
      "fcf_margin_change": 0.2283720163041727
    },
    {
      "date": "2022-12-31T00:00:00",
      "quarter_label": "2022-12 (Q4)",
      "revenue": 60757000,
      "gross_profit": 49562000,
      "operating_income": 30801000,
      "net_income": 25471000,
      "opex": 18761000,
      "cogs": 11195000,
      "rd": 4093000,
      "sga": 14668000,
      "fcf": 40077000,
      "ocf": 40077000,
      "capex": null,
      "gross_margin": 0.8157413960531297,
      "op_margin": 0.506953931234261,
      "fcf_margin": 0.6596276972200734,
      "incr_op_margin_yoy": 0.8044814682822523,
      "rev_growth_yoy": 0.5859719648124462,
      "rev_growth_yoy_accel": -0.0061735544621824845,
      "op_leverage_ratio": Infinity,
      "fcf_margin_change": -0.0618627646623946
    },
    {
      "date": "2023-03-31T00:00:00",
      "quarter_label": "2023-03 (Q1)",
      "revenue": 85366000,
      "gross_profit": 75420000,
      "operating_income": 35609000,
      "net_income": 29568000,
      "opex": 39811000,
      "cogs": 9946000,
      "rd": 3562000,
      "sga": 29718000,
      "fcf": 11996000,
      "ocf": 12070000,
      "capex": -74000,
      "gross_margin": 0.8834899140172903,
      "op_margin": 0.41713328491436874,
      "fcf_margin": 0.1405243305297191,
      "incr_op_margin_yoy": 0.43151122359675476,
      "rev_growth_yoy": 0.9811552832509457,
      "rev_growth_yoy_accel": 0.3951833184384995,
      "op_leverage_ratio": 0.3609952836925196,
      "fcf_margin_change": -0.5191033666903543
    },
    {
      "date": "2023-06-30T00:00:00",
      "quarter_label": "2023-06 (Q2)",
      "revenue": 99582000,
      "gross_profit": 87537000,
      "operating_income": 46699000,
      "net_income": 37762000,
      "opex": 40838000,
      "cogs": 12045000,
      "rd": 3954000,
      "sga": 28396000,
      "fcf": 30754000,
      "ocf": 30754000,
      "capex": null,
      "gross_margin": 0.8790444056154727,
      "op_margin": 0.46895021188568214,
      "fcf_margin": 0.3088309132172481,
      "incr_op_margin_yoy": 0.3901525748348361,
      "rev_growth_yoy": 0.8749082145614068,
      "rev_growth_yoy_accel": -0.10624706868953893,
      "op_leverage_ratio": 6.45542924958825,
      "fcf_margin_change": 0.168306582687529
    },
    {
      "date": "2023-09-30T00:00:00",
      "quarter_label": "2023-09 (Q3)",
      "revenue": 102688000,
      "gross_profit": 88521000,
      "operating_income": -37188000,
      "net_income": -30764000,
      "opex": 125709000,
      "cogs": 14167000,
      "rd": 83662000,
      "sga": 33560000,
      "fcf": 45064000,
      "ocf": 45128000,
      "capex": -64000,
      "gross_margin": 0.8620384076036148,
      "op_margin": -0.3621455282019321,
      "fcf_margin": 0.43884387659707075,
      "incr_op_margin_yoy": -1.3706980019364492,
      "rev_growth_yoy": 0.7938648591992173,
      "rev_growth_yoy_accel": -0.08104335536218943,
      "op_leverage_ratio": 0.015008101303445575,
      "fcf_margin_change": 0.13001296337982265
    },
    {
      "date": "2023-12-31T00:00:00",
      "quarter_label": "2023-12 (Q4)",
      "revenue": 110568000,
      "gross_profit": 94759000,
      "operating_income": 41692000,
      "net_income": 34844000,
      "opex": 53067000,
      "cogs": 15809000,
      "rd": 1972000,
      "sga": 42036000,
      "fcf": 55555000,
      "ocf": 55648000,
      "capex": -93000,
      "gross_margin": 0.8570201143187902,
      "op_margin": 0.377071123652413,
      "fcf_margin": 0.5024509803921569,
      "incr_op_margin_yoy": 0.21864648370841783,
      "rev_growth_yoy": 0.8198396892539132,
      "rev_growth_yoy_accel": 0.025974830054695808,
      "op_leverage_ratio": Infinity,
      "fcf_margin_change": 0.0636071037950861
    },
    {
      "date": "2024-03-31T00:00:00",
      "quarter_label": "2024-03 (Q1)",
      "revenue": 98509000,
      "gross_profit": 85989000,
      "operating_income": 27126000,
      "net_income": 23275000,
      "opex": 49519000,
      "cogs": 12520000,
      "rd": 2581000,
      "sga": 46938000,
      "fcf": 31726000,
      "ocf": 31925000,
      "capex": -199000,
      "gross_margin": 0.8729050137550883,
      "op_margin": 0.275365702626156,
      "fcf_margin": 0.3220619435787593,
      "incr_op_margin_yoy": -0.6454386365365594,
      "rev_growth_yoy": 0.15396059321041164,
      "rev_growth_yoy_accel": -0.6658790960435015,
      "fcf_margin_change": -0.18038903681339757
    },
    {
      "date": "2024-06-30T00:00:00",
      "quarter_label": "2024-06 (Q2)",
      "revenue": 122710000,
      "gross_profit": 107305000,
      "operating_income": 54246000,
      "net_income": 40794000,
      "opex": 43715000,
      "cogs": 15405000,
      "rd": 2985000,
      "sga": 40730000,
      "fcf": 64125000,
      "ocf": 64135000,
      "capex": -10000,
      "gross_margin": 0.8744601092005542,
      "op_margin": 0.4420666612338033,
      "fcf_margin": 0.5225735473881509,
      "incr_op_margin_yoy": 0.3263144240747146,
      "rev_growth_yoy": 0.23225080837902431,
      "rev_growth_yoy_accel": 0.07829021516861268,
      "op_leverage_ratio": Infinity,
      "fcf_margin_change": 0.2005116038093916
    },
    {
      "date": "2024-09-30T00:00:00",
      "quarter_label": "2024-09 (Q3)",
      "revenue": 128695000,
      "gross_profit": 109418000,
      "operating_income": 50909000,
      "net_income": 43884000,
      "opex": 49164000,
      "cogs": 19277000,
      "rd": 3284000,
      "sga": 45880000,
      "fcf": 72612000,
      "ocf": 72871000,
      "capex": -259000,
      "gross_margin": 0.8502117409378763,
      "op_margin": 0.39557869381094835,
      "fcf_margin": 0.5642177240763044,
      "incr_op_margin_yoy": 3.3874341523436,
      "rev_growth_yoy": 0.2532623091305703,
      "rev_growth_yoy_accel": 0.02101150075154598,
      "op_leverage_ratio": 0.39128921115436743,
      "fcf_margin_change": 0.04164417668815357
    },
    {
      "date": "2024-12-31T00:00:00",
      "quarter_label": "2024-12 (Q4)",
      "revenue": 141820000,
      "gross_profit": 120177000,
      "operating_income": 62843000,
      "net_income": 55936000,
      "opex": 47990000,
      "cogs": 21643000,
      "rd": 3798000,
      "sga": 44192000,
      "fcf": 70789000,
      "ocf": 70877000,
      "capex": -88000,
      "gross_margin": 0.847391059088986,
      "op_margin": 0.44311803694824425,
      "fcf_margin": 0.49914680581018195,
      "incr_op_margin_yoy": 0.6767886855241264,
      "rev_growth_yoy": 0.2826495912017944,
      "rev_growth_yoy_accel": 0.029387282071224097,
      "op_leverage_ratio": Infinity,
      "fcf_margin_change": -0.06507091826612249
    },
    {
      "date": "2025-03-31T00:00:00",
      "quarter_label": "2025-03 (Q1)",
      "revenue": 141421000,
      "gross_profit": 123510000,
      "operating_income": 63367000,
      "net_income": 56737000,
      "opex": 50798000,
      "cogs": 17911000,
      "rd": 3887000,
      "sga": 46911000,
      "fcf": 60043000,
      "ocf": 60043000,
      "capex": null,
      "gross_margin": 0.8733497853925514,
      "op_margin": 0.44807348272180225,
      "fcf_margin": 0.42456919410837146,
      "incr_op_margin_yoy": 0.8445423191648024,
      "rev_growth_yoy": 0.43561501994741597,
      "rev_growth_yoy_accel": 0.15296542874562158,
      "fcf_margin_change": -0.07457761170181049
    },
    {
      "date": "2025-06-30T00:00:00",
      "quarter_label": "2025-06 (Q2)",
      "revenue": 146563000,
      "gross_profit": 125949000,
      "operating_income": 66298000,
      "net_income": 52108000,
      "opex": 50307000,
      "cogs": 20614000,
      "rd": 4358000,
      "sga": 45949000,
      "fcf": 71272000,
      "ocf": 71298000,
      "capex": -26000,
      "gross_margin": 0.8593505864372317,
      "op_margin": 0.45235154848085807,
      "fcf_margin": 0.48628917257425136,
      "incr_op_margin_yoy": 0.5052613926969354,
      "rev_growth_yoy": 0.19438513568576318,
      "rev_growth_yoy_accel": -0.2412298842616528,
      "op_leverage_ratio": Infinity,
      "fcf_margin_change": 0.0617199784658799
    },
    {
      "date": "2025-09-30T00:00:00",
      "quarter_label": "2025-09 (Q3)",
      "revenue": 148392000,
      "gross_profit": 125738000,
      "operating_income": 66267000,
      "net_income": 52783000,
      "opex": 50127000,
      "cogs": 22654000,
      "rd": 2657000,
      "sga": 47470000,
      "fcf": 32438000,
      "ocf": 32438000,
      "capex": null,
      "gross_margin": 0.8473367836541054,
      "op_margin": 0.4465672003881611,
      "fcf_margin": 0.21859668984850936,
      "incr_op_margin_yoy": 0.7797126465959283,
      "rev_growth_yoy": 0.1530517891137962,
      "rev_growth_yoy_accel": -0.041333346571966995,
      "op_leverage_ratio": Infinity,
      "fcf_margin_change": -0.267692482725742
    }
  ],
  "signals": [
    {
      "quarter": "2025-09 (Q3)",
      "signal": "INCREMENTAL MARGIN (YoY)",
      "detail": "YoY Incr OPM: +78.0% vs year-ago OPM: +39.6%",
      "severity": "HIGH"
    },
    {
      "quarter": "2025-06 (Q2)",
      "signal": "FCF MARGIN EXPANSION",
      "detail": "FCF margin: +42.5% -> +48.6% (+6.2%)",
      "severity": "MEDIUM"
    },
    {
      "quarter": "2025-06 (Q2)",
      "signal": "YoY REVENUE GROWTH DECELERATION",
      "detail": "YoY growth: +19.4% vs prior quarter YoY: +43.6% (decel: -24.1%)",
      "severity": "WARNING"
    },
    {
      "quarter": "2025-03 (Q1)",
      "signal": "GROSS MARGIN INFLECTION",
      "detail": "GM: +85.0% -> +84.7% -> +87.3% (reversal +2.6%)",
      "severity": "MEDIUM"
    },
    {
      "quarter": "2025-03 (Q1)",
      "signal": "YoY REVENUE GROWTH ACCELERATION",
      "detail": "YoY growth: +43.6% vs prior quarter YoY: +28.3% (accel: +15.3%)",
      "severity": "HIGH"
    },
    {
      "quarter": "2025-03 (Q1)",
      "signal": "INCREMENTAL MARGIN (YoY)",
      "detail": "YoY Incr OPM: +84.5% vs year-ago OPM: +27.5%",
      "severity": "HIGH"
    },
    {
      "quarter": "2024-12 (Q4)",
      "signal": "INCREMENTAL MARGIN (YoY)",
      "detail": "YoY Incr OPM: +67.7% vs year-ago OPM: +37.7%",
      "severity": "HIGH"
    },
    {
      "quarter": "2024-09 (Q3)",
      "signal": "OP MARGIN TURNED POSITIVE (YoY)",
      "detail": "Op margin: -36.2% (year-ago) -> +39.6%",
      "severity": "HIGH"
    },
    {
      "quarter": "2024-06 (Q2)",
      "signal": "FCF MARGIN EXPANSION",
      "detail": "FCF margin: +32.2% -> +52.3% (+20.1%)",
      "severity": "MEDIUM"
    },
    {
      "quarter": "2024-06 (Q2)",
      "signal": "YoY REVENUE GROWTH ACCELERATION",
      "detail": "YoY growth: +23.2% vs prior quarter YoY: +15.4% (accel: +7.8%)",
      "severity": "MEDIUM"
    },
    {
      "quarter": "2024-03 (Q1)",
      "signal": "YoY REVENUE GROWTH DECELERATION",
      "detail": "YoY growth: +15.4% vs prior quarter YoY: +82.0% (decel: -66.6%)",
      "severity": "WARNING"
    },
    {
      "quarter": "2023-12 (Q4)",
      "signal": "FCF MARGIN EXPANSION",
      "detail": "FCF margin: +43.9% -> +50.2% (+6.4%)",
      "severity": "MEDIUM"
    },
    {
      "quarter": "2023-12 (Q4)",
      "signal": "OP MARGIN TURNED POSITIVE (QoQ)",
      "detail": "Op margin: -36.2% -> +37.7%",
      "severity": "HIGH"
    },
    {
      "quarter": "2023-09 (Q3)",
      "signal": "FCF MARGIN EXPANSION",
      "detail": "FCF margin: +30.9% -> +43.9% (+13.0%)",
      "severity": "MEDIUM"
    },
    {
      "quarter": "2023-09 (Q3)",
      "signal": "YoY REVENUE GROWTH DECELERATION",
      "detail": "YoY growth: +79.4% vs prior quarter YoY: +87.5% (decel: -8.1%)",
      "severity": "WARNING"
    },
    {
      "quarter": "2023-06 (Q2)",
      "signal": "FCF MARGIN EXPANSION",
      "detail": "FCF margin: +14.1% -> +30.9% (+16.8%)",
      "severity": "MEDIUM"
    },
    {
      "quarter": "2023-06 (Q2)",
      "signal": "OPERATING LEVERAGE",
      "detail": "Rev growth +16.7% vs OpEx growth +2.6% (leverage: 6.5x)",
      "severity": "MEDIUM"
    },
    {
      "quarter": "2023-06 (Q2)",
      "signal": "YoY REVENUE GROWTH DECELERATION",
      "detail": "YoY growth: +87.5% vs prior quarter YoY: +98.1% (decel: -10.6%)",
      "severity": "WARNING"
    },
    {
      "quarter": "2023-03 (Q1)",
      "signal": "GROSS MARGIN INFLECTION",
      "detail": "GM: +83.1% -> +81.6% -> +88.3% (reversal +6.8%)",
      "severity": "HIGH"
    },
    {
      "quarter": "2023-03 (Q1)",
      "signal": "YoY REVENUE GROWTH ACCELERATION",
      "detail": "YoY growth: +98.1% vs prior quarter YoY: +58.6% (accel: +39.5%)",
      "severity": "HIGH"
    },
    {
      "quarter": "2022-12 (Q4)",
      "signal": "INCREMENTAL MARGIN (YoY)",
      "detail": "YoY Incr OPM: +80.4% vs year-ago OPM: +33.3%",
      "severity": "HIGH"
    },
    {
      "quarter": "2022-09 (Q3)",
      "signal": "FCF MARGIN EXPANSION",
      "detail": "FCF margin: +49.3% -> +72.1% (+22.8%)",
      "severity": "MEDIUM"
    },
    {
      "quarter": "2022-09 (Q3)",
      "signal": "YoY REVENUE GROWTH ACCELERATION",
      "detail": "YoY growth: +59.2% vs prior quarter YoY: +46.1% (accel: +13.2%)",
      "severity": "MEDIUM"
    },
    {
      "quarter": "2022-09 (Q3)",
      "signal": "INCREMENTAL MARGIN (YoY)",
      "detail": "YoY Incr OPM: +52.1% vs year-ago OPM: +38.9%",
      "severity": "MEDIUM"
    },
    {
      "quarter": "2022-06 (Q2)",
      "signal": "FCF MARGIN EXPANSION",
      "detail": "FCF margin: +19.7% -> +49.3% (+29.6%)",
      "severity": "MEDIUM"
    },
    {
      "quarter": "2022-06 (Q2)",
      "signal": "INCREMENTAL MARGIN (YoY)",
      "detail": "YoY Incr OPM: +76.0% vs year-ago OPM: +43.6%",
      "severity": "HIGH"
    },
    {
      "quarter": "2022-03 (Q1)",
      "signal": "GROSS MARGIN INFLECTION",
      "detail": "GM: +85.2% -> +80.8% -> +86.3% (reversal +5.5%)",
      "severity": "HIGH"
    },
    {
      "quarter": "2022-03 (Q1)",
      "signal": "YoY REVENUE GROWTH ACCELERATION",
      "detail": "YoY growth: +42.7% vs prior quarter YoY: +23.5% (accel: +19.1%)",
      "severity": "HIGH"
    },
    {
      "quarter": "2022-03 (Q1)",
      "signal": "INCREMENTAL MARGIN (YoY)",
      "detail": "YoY Incr OPM: +58.7% vs year-ago OPM: +32.4%",
      "severity": "HIGH"
    },
    {
      "quarter": "2021-12 (Q4)",
      "signal": "INCREMENTAL MARGIN (YoY)",
      "detail": "YoY Incr OPM: +56.5% vs year-ago OPM: +27.8%",
      "severity": "HIGH"
    },
    {
      "quarter": "2021-09 (Q3)",
      "signal": "FCF MARGIN EXPANSION",
      "detail": "FCF margin: +43.1% -> +60.2% (+17.1%)",
      "severity": "MEDIUM"
    },
    {
      "quarter": "2021-06 (Q2)",
      "signal": "FCF MARGIN EXPANSION",
      "detail": "FCF margin: +9.6% -> +43.1% (+33.5%)",
      "severity": "MEDIUM"
    },
    {
      "quarter": "2021-06 (Q2)",
      "signal": "OPERATING LEVERAGE",
      "detail": "Rev growth +20.4% vs OpEx growth +1.6% (leverage: 12.4x)",
      "severity": "MEDIUM"
    }
  ],
  "data_quality": {
    "n_quarters": 20,
    "coverage": {
      "revenue": [
        20,
        20
      ],
      "gross_profit": [
        20,
        20
      ],
      "op_income": [
        20,
        20
      ],
      "fcf": [
        20,
        20
      ]
    },
    "gaps": [],
    "warnings": []
  },
  "market_cap": null,
  "source": "SEC EDGAR",
  "last_updated": "2026-02-02T21:23:08.762933"
}