{
  "ticker": "CPSH",
  "name": "CPS TECHNOLOGIES CORP.",
  "quarters": [
    {
      "date": "2020-12-26T00:00:00",
      "quarter_label": "2020-12 (Q4)",
      "revenue": 4150638,
      "gross_profit": 498650,
      "operating_income": -290679,
      "net_income": -223837,
      "opex": 789329,
      "cogs": 3651988,
      "rd": null,
      "sga": 789329,
      "fcf": 948442,
      "ocf": 985524,
      "capex": -37082,
      "gross_margin": 0.12013815707368361,
      "op_margin": -0.07003236610853561,
      "fcf_margin": 0.2285051117442668
    },
    {
      "date": "2021-03-27T00:00:00",
      "quarter_label": "2021-03 (Q1)",
      "revenue": 4865708,
      "gross_profit": 944140,
      "operating_income": 35669,
      "net_income": 30903,
      "opex": 908471,
      "cogs": 3921568,
      "rd": null,
      "sga": 908471,
      "fcf": -225740,
      "ocf": -183252,
      "capex": -42488,
      "gross_margin": 0.194039593004759,
      "op_margin": 0.007330690620974379,
      "fcf_margin": -0.04639407050320323,
      "op_leverage_ratio": 1.1413711034891936,
      "fcf_margin_change": -0.27489918224747
    },
    {
      "date": "2021-06-26T00:00:00",
      "quarter_label": "2021-06 (Q2)",
      "revenue": 5862183,
      "gross_profit": 1351583,
      "operating_income": 252967,
      "net_income": 239198,
      "opex": 1098616,
      "cogs": 4510600,
      "rd": null,
      "sga": 1098616,
      "fcf": -67824,
      "ocf": 53212,
      "capex": -121036,
      "gross_margin": 0.2305596737597581,
      "op_margin": 0.043152354677429894,
      "fcf_margin": -0.01156975140489473,
      "op_leverage_ratio": 0.978467766719513,
      "fcf_margin_change": 0.0348243190983085
    },
    {
      "date": "2021-09-25T00:00:00",
      "quarter_label": "2021-09 (Q3)",
      "revenue": 5514872,
      "gross_profit": 1139196,
      "operating_income": -88062,
      "net_income": 2727967,
      "opex": 1227258,
      "cogs": 4375676,
      "rd": null,
      "sga": 1227258,
      "fcf": 543772,
      "ocf": 679008,
      "capex": -135236,
      "gross_margin": 0.20656798562142512,
      "op_margin": -0.01596809499839706,
      "fcf_margin": 0.09860101920769875,
      "fcf_margin_change": 0.11017077061259348
    },
    {
      "date": "2021-12-25T00:00:00",
      "quarter_label": "2021-12 (Q4)",
      "revenue": 6206303,
      "gross_profit": 1354800,
      "operating_income": 312393,
      "net_income": 217810,
      "opex": 1042407,
      "cogs": 4851503,
      "rd": null,
      "sga": 1042407,
      "fcf": 1242323,
      "ocf": 1457885,
      "capex": -215562,
      "gross_margin": 0.21829420832337706,
      "op_margin": 0.05033479673809029,
      "fcf_margin": 0.2001711808140853,
      "incr_op_margin_yoy": 0.29337075836773013,
      "rev_growth_yoy": 0.49526482434748587,
      "op_leverage_ratio": Infinity,
      "fcf_margin_change": 0.10157016160638656
    },
    {
      "date": "2022-04-02T00:00:00",
      "quarter_label": "2022-04 (Q2)",
      "revenue": 6652714,
      "gross_profit": 1963490,
      "operating_income": 547097,
      "net_income": 419436,
      "opex": 1416393,
      "cogs": 4689224,
      "rd": null,
      "sga": 1416393,
      "fcf": -473950,
      "ocf": -379267,
      "capex": -94683,
      "gross_margin": 0.29514120101961394,
      "op_margin": 0.08223666311222758,
      "fcf_margin": -0.07124160154787956,
      "incr_op_margin_yoy": 0.2861926596776955,
      "rev_growth_yoy": 0.3672653599435067,
      "rev_growth_yoy_accel": -0.1279994644039792,
      "op_leverage_ratio": 0.20048592429983864,
      "fcf_margin_change": -0.27141278236196487
    },
    {
      "date": "2022-07-02T00:00:00",
      "quarter_label": "2022-07 (Q3)",
      "revenue": 7070743,
      "gross_profit": 1828637,
      "operating_income": 669480,
      "net_income": 455108,
      "opex": 1159157,
      "cogs": 5242106,
      "rd": null,
      "sga": 1159157,
      "fcf": 393103,
      "ocf": 590051,
      "capex": -196948,
      "gross_margin": 0.2586202044113327,
      "op_margin": 0.09468311887449452,
      "fcf_margin": 0.055595713208640166,
      "incr_op_margin_yoy": 0.34463576487720926,
      "rev_growth_yoy": 0.20616210718771488,
      "rev_growth_yoy_accel": -0.1611032527557918,
      "op_leverage_ratio": Infinity,
      "fcf_margin_change": 0.12683731475651971
    },
    {
      "date": "2022-10-01T00:00:00",
      "quarter_label": "2022-10 (Q4)",
      "revenue": 6748117,
      "gross_profit": 1883241,
      "operating_income": 708660,
      "net_income": 987865,
      "opex": 1174581,
      "cogs": 4864876,
      "rd": null,
      "sga": 1174581,
      "fcf": 560714,
      "ocf": 661369,
      "capex": -100655,
      "gross_margin": 0.2790765186792108,
      "op_margin": 0.10501596223064893,
      "fcf_margin": 0.08309192030902843,
      "incr_op_margin_yoy": 0.6460370810341822,
      "rev_growth_yoy": 0.22362169058502174,
      "rev_growth_yoy_accel": 0.017459583397306855,
      "fcf_margin_change": 0.027496207100388262
    },
    {
      "date": "2022-12-31T00:00:00",
      "quarter_label": "2022-12 (Q4)",
      "revenue": 6115352,
      "gross_profit": 1625712,
      "operating_income": 309183,
      "net_income": 268991,
      "opex": 1316529,
      "cogs": 4489640,
      "rd": null,
      "sga": 1316529,
      "fcf": 2631760,
      "ocf": 2679246,
      "capex": -47486,
      "gross_margin": 0.26584111593249254,
      "op_margin": 0.05055849606040666,
      "fcf_margin": 0.43035298703983027,
      "rev_growth_yoy": -0.01465461805522547,
      "rev_growth_yoy_accel": -0.2382763086402472,
      "fcf_margin_change": 0.3472610667308018
    },
    {
      "date": "2023-04-01T00:00:00",
      "quarter_label": "2023-04 (Q2)",
      "revenue": 7100267,
      "gross_profit": 2244703,
      "operating_income": 694181,
      "net_income": 459201,
      "opex": 1550522,
      "cogs": 4855564,
      "rd": null,
      "sga": 1550522,
      "fcf": -895689,
      "ocf": -719071,
      "capex": -176618,
      "gross_margin": 0.31614346333736465,
      "op_margin": 0.09776829519227939,
      "fcf_margin": -0.12614863638226562,
      "rev_growth_yoy": 0.06727374722556839,
      "rev_growth_yoy_accel": 0.08192836528079386,
      "op_leverage_ratio": 0.9061599344908414,
      "fcf_margin_change": -0.5565016234220959
    },
    {
      "date": "2023-07-01T00:00:00",
      "quarter_label": "2023-07 (Q3)",
      "revenue": 7418138,
      "gross_profit": 2196259,
      "operating_income": 730910,
      "net_income": 600503,
      "opex": 1465349,
      "cogs": 5221880,
      "rd": null,
      "sga": 1465349,
      "fcf": 1297985,
      "ocf": 1554946,
      "capex": -256961,
      "gross_margin": 0.2960660748020595,
      "op_margin": 0.09853011631759884,
      "fcf_margin": 0.17497450168762027,
      "rev_growth_yoy": 0.049131328914090076,
      "rev_growth_yoy_accel": -0.018142418311478316,
      "op_leverage_ratio": Infinity,
      "fcf_margin_change": 0.3011231380698859
    },
    {
      "date": "2023-09-30T00:00:00",
      "quarter_label": "2023-09 (Q3)",
      "revenue": 6285041,
      "gross_profit": 1235864,
      "operating_income": 130637,
      "net_income": 171081,
      "opex": 1105227,
      "cogs": 5049177,
      "rd": null,
      "sga": 1105227,
      "fcf": 100888,
      "ocf": 234658,
      "capex": -133770,
      "gross_margin": 0.1966357896471956,
      "op_margin": 0.02078538548913205,
      "fcf_margin": 0.016052083033348548,
      "rev_growth_yoy": -0.06862299512589956,
      "rev_growth_yoy_accel": -0.11775432403998964,
      "fcf_margin_change": -0.15892241865427173
    },
    {
      "date": "2023-12-30T00:00:00",
      "quarter_label": "2023-12 (Q4)",
      "revenue": 6747199,
      "gross_profit": 1148583,
      "operating_income": 143636,
      "net_income": 139511,
      "opex": 1004947,
      "cogs": 5598616,
      "rd": null,
      "sga": 1004947,
      "fcf": 45995,
      "ocf": 196920,
      "capex": -150925,
      "gross_margin": 0.17023108403946585,
      "op_margin": 0.02128824123906824,
      "fcf_margin": 0.006816902836273245,
      "rev_growth_yoy": 0.10332144412946304,
      "rev_growth_yoy_accel": 0.1719444392553626,
      "op_leverage_ratio": Infinity,
      "fcf_margin_change": -0.009235180197075303
    },
    {
      "date": "2024-03-30T00:00:00",
      "quarter_label": "2024-03 (Q1)",
      "revenue": 5912634,
      "gross_profit": 906310,
      "operating_income": -259612,
      "net_income": -143153,
      "opex": 1165922,
      "cogs": 5006324,
      "rd": null,
      "sga": 1165922,
      "fcf": -134489,
      "ocf": 128857,
      "capex": -263346,
      "gross_margin": 0.15328362959723196,
      "op_margin": -0.04390801121801214,
      "fcf_margin": -0.02274603839845321,
      "incr_op_margin_yoy": 0.803104157597507,
      "rev_growth_yoy": -0.16726596337856028,
      "rev_growth_yoy_accel": -0.27058740750802335,
      "fcf_margin_change": -0.029562941234726456
    },
    {
      "date": "2024-06-29T00:00:00",
      "quarter_label": "2024-06 (Q2)",
      "revenue": 5030313,
      "gross_profit": -229992,
      "operating_income": -1314987,
      "net_income": -954304,
      "opex": 1084995,
      "cogs": 5260305,
      "rd": null,
      "sga": 1084995,
      "fcf": -1599891,
      "ocf": -1047517,
      "capex": -552374,
      "gross_margin": -0.045721210588685036,
      "op_margin": -0.26141256021245596,
      "fcf_margin": -0.31804999012983887,
      "incr_op_margin_yoy": 0.8568035764765006,
      "rev_growth_yoy": -0.3218900753801021,
      "rev_growth_yoy_accel": -0.15462411200154183,
      "fcf_margin_change": -0.2953039517313857
    },
    {
      "date": "2024-09-28T00:00:00",
      "quarter_label": "2024-09 (Q3)",
      "revenue": 4247116,
      "gross_profit": -523432,
      "operating_income": -1486496,
      "net_income": -1042839,
      "opex": 963064,
      "cogs": 4770548,
      "rd": null,
      "sga": 963064,
      "fcf": -1267237,
      "ocf": -1187089,
      "capex": -80148,
      "gross_margin": -0.12324410258631975,
      "op_margin": -0.350001271451027,
      "fcf_margin": -0.29837588613072963,
      "incr_op_margin_yoy": 0.7935193885937902,
      "rev_growth_yoy": -0.324250072513449,
      "rev_growth_yoy_accel": -0.0023599971333468917,
      "fcf_margin_change": 0.019674103999109238
    },
    {
      "date": "2024-12-28T00:00:00",
      "quarter_label": "2024-12 (Q4)",
      "revenue": 5933283,
      "gross_profit": -271524,
      "operating_income": -1318983,
      "net_income": -995152,
      "opex": 1047459,
      "cogs": 6204807,
      "rd": null,
      "sga": 1047459,
      "fcf": -1469065,
      "ocf": -1370672,
      "capex": -98393,
      "gross_margin": -0.045762860123139244,
      "op_margin": -0.22230239144163527,
      "fcf_margin": -0.24759732512337604,
      "rev_growth_yoy": -0.12063020521552721,
      "rev_growth_yoy_accel": 0.2036198672979218,
      "op_leverage_ratio": 4.5304870567343665,
      "fcf_margin_change": 0.05077856100735359
    },
    {
      "date": "2025-03-29T00:00:00",
      "quarter_label": "2025-03 (Q1)",
      "revenue": 7505921,
      "gross_profit": 1231001,
      "operating_income": 129651,
      "net_income": 95962,
      "opex": 1101350,
      "cogs": 6274920,
      "rd": null,
      "sga": 1101350,
      "fcf": -1345793,
      "ocf": -1252723,
      "capex": -93070,
      "gross_margin": 0.1640039909825856,
      "op_margin": 0.017273163413257346,
      "fcf_margin": -0.17929751725337903,
      "incr_op_margin_yoy": 0.24431442671659281,
      "rev_growth_yoy": 0.26947160943836534,
      "rev_growth_yoy_accel": 0.39010181465389254,
      "op_leverage_ratio": 5.15174658947982,
      "fcf_margin_change": 0.06829980786999701
    },
    {
      "date": "2025-06-28T00:00:00",
      "quarter_label": "2025-06 (Q2)",
      "revenue": 8078657,
      "gross_profit": 1336316,
      "operating_income": 136927,
      "net_income": 103833,
      "opex": 1199389,
      "cogs": 6742341,
      "rd": null,
      "sga": 1199389,
      "fcf": 476408,
      "ocf": 649256,
      "capex": -172848,
      "gross_margin": 0.16541313735686514,
      "op_margin": 0.016949228070952883,
      "fcf_margin": 0.058971187909079445,
      "incr_op_margin_yoy": 0.4762959823432001,
      "rev_growth_yoy": 0.6059948953474664,
      "rev_growth_yoy_accel": 0.3365232859091011,
      "op_leverage_ratio": 0.8571897638566978,
      "fcf_margin_change": 0.23826870516245846
    },
    {
      "date": "2025-09-27T00:00:00",
      "quarter_label": "2025-09 (Q3)",
      "revenue": 8803695,
      "gross_profit": 1502566,
      "operating_income": 276082,
      "net_income": 207964,
      "opex": 1226484,
      "cogs": 7301129,
      "rd": 899728,
      "sga": 1226484,
      "fcf": 876808,
      "ocf": 1050382,
      "capex": -173574,
      "gross_margin": 0.17067447248002118,
      "op_margin": 0.031359786998527324,
      "fcf_margin": 0.09959545395427716,
      "incr_op_margin_yoy": 0.38682046333444453,
      "rev_growth_yoy": 1.0728642683646974,
      "rev_growth_yoy_accel": 0.46686937301723097,
      "op_leverage_ratio": 3.9727616113983855,
      "fcf_margin_change": 0.04062426604519771
    }
  ],
  "signals": [
    {
      "quarter": "2025-09 (Q3)",
      "signal": "OPERATING LEVERAGE",
      "detail": "Rev growth +9.0% vs OpEx growth +2.3% (leverage: 4.0x)",
      "severity": "MEDIUM"
    },
    {
      "quarter": "2025-09 (Q3)",
      "signal": "YoY REVENUE GROWTH ACCELERATION",
      "detail": "YoY growth: +107.3% vs prior quarter YoY: +60.6% (accel: +46.7%)",
      "severity": "HIGH"
    },
    {
      "quarter": "2025-09 (Q3)",
      "signal": "OP MARGIN TURNED POSITIVE (YoY)",
      "detail": "Op margin: -35.0% (year-ago) -> +3.1%",
      "severity": "HIGH"
    },
    {
      "quarter": "2025-06 (Q2)",
      "signal": "FCF TURNED POSITIVE",
      "detail": "FCF margin: -17.9% -> +5.9%",
      "severity": "HIGH"
    },
    {
      "quarter": "2025-06 (Q2)",
      "signal": "YoY REVENUE GROWTH ACCELERATION",
      "detail": "YoY growth: +60.6% vs prior quarter YoY: +26.9% (accel: +33.7%)",
      "severity": "HIGH"
    },
    {
      "quarter": "2025-06 (Q2)",
      "signal": "OP MARGIN TURNED POSITIVE (YoY)",
      "detail": "Op margin: -26.1% (year-ago) -> +1.7%",
      "severity": "HIGH"
    },
    {
      "quarter": "2025-03 (Q1)",
      "signal": "FCF MARGIN EXPANSION",
      "detail": "FCF margin: -24.8% -> -17.9% (+6.8%)",
      "severity": "MEDIUM"
    },
    {
      "quarter": "2025-03 (Q1)",
      "signal": "OPERATING LEVERAGE",
      "detail": "Rev growth +26.5% vs OpEx growth +5.1% (leverage: 5.2x)",
      "severity": "MEDIUM"
    },
    {
      "quarter": "2025-03 (Q1)",
      "signal": "YoY REVENUE GROWTH ACCELERATION",
      "detail": "YoY growth: +26.9% vs prior quarter YoY: -12.1% (accel: +39.0%)",
      "severity": "HIGH"
    },
    {
      "quarter": "2025-03 (Q1)",
      "signal": "OP MARGIN TURNED POSITIVE (YoY)",
      "detail": "Op margin: -4.4% (year-ago) -> +1.7%",
      "severity": "HIGH"
    },
    {
      "quarter": "2025-03 (Q1)",
      "signal": "OP MARGIN TURNED POSITIVE (QoQ)",
      "detail": "Op margin: -22.2% -> +1.7%",
      "severity": "HIGH"
    },
    {
      "quarter": "2024-12 (Q4)",
      "signal": "FCF MARGIN EXPANSION",
      "detail": "FCF margin: -29.8% -> -24.8% (+5.1%)",
      "severity": "MEDIUM"
    },
    {
      "quarter": "2024-12 (Q4)",
      "signal": "OPERATING LEVERAGE",
      "detail": "Rev growth +39.7% vs OpEx growth +8.8% (leverage: 4.5x)",
      "severity": "MEDIUM"
    },
    {
      "quarter": "2024-12 (Q4)",
      "signal": "GROSS MARGIN INFLECTION",
      "detail": "GM: -4.6% -> -12.3% -> -4.6% (reversal +7.7%)",
      "severity": "HIGH"
    },
    {
      "quarter": "2024-12 (Q4)",
      "signal": "YoY REVENUE GROWTH ACCELERATION",
      "detail": "YoY growth: -12.1% vs prior quarter YoY: -32.4% (accel: +20.4%)",
      "severity": "HIGH"
    },
    {
      "quarter": "2024-06 (Q2)",
      "signal": "YoY REVENUE GROWTH DECELERATION",
      "detail": "YoY growth: -32.2% vs prior quarter YoY: -16.7% (decel: -15.5%)",
      "severity": "WARNING"
    },
    {
      "quarter": "2024-03 (Q1)",
      "signal": "YoY REVENUE GROWTH DECELERATION",
      "detail": "YoY growth: -16.7% vs prior quarter YoY: +10.3% (decel: -27.1%)",
      "severity": "WARNING"
    },
    {
      "quarter": "2023-12 (Q4)",
      "signal": "YoY REVENUE GROWTH ACCELERATION",
      "detail": "YoY growth: +10.3% vs prior quarter YoY: -6.9% (accel: +17.2%)",
      "severity": "HIGH"
    },
    {
      "quarter": "2023-09 (Q3)",
      "signal": "YoY REVENUE GROWTH DECELERATION",
      "detail": "YoY growth: -6.9% vs prior quarter YoY: +4.9% (decel: -11.8%)",
      "severity": "WARNING"
    },
    {
      "quarter": "2023-07 (Q3)",
      "signal": "FCF TURNED POSITIVE",
      "detail": "FCF margin: -12.6% -> +17.5%",
      "severity": "HIGH"
    },
    {
      "quarter": "2023-04 (Q2)",
      "signal": "GROSS MARGIN INFLECTION",
      "detail": "GM: +27.9% -> +26.6% -> +31.6% (reversal +5.0%)",
      "severity": "HIGH"
    },
    {
      "quarter": "2023-04 (Q2)",
      "signal": "YoY REVENUE GROWTH ACCELERATION",
      "detail": "YoY growth: +6.7% vs prior quarter YoY: -1.5% (accel: +8.2%)",
      "severity": "MEDIUM"
    },
    {
      "quarter": "2022-12 (Q4)",
      "signal": "FCF MARGIN EXPANSION",
      "detail": "FCF margin: +8.3% -> +43.0% (+34.7%)",
      "severity": "MEDIUM"
    },
    {
      "quarter": "2022-12 (Q4)",
      "signal": "YoY REVENUE GROWTH DECELERATION",
      "detail": "YoY growth: -1.5% vs prior quarter YoY: +22.4% (decel: -23.8%)",
      "severity": "WARNING"
    },
    {
      "quarter": "2022-10 (Q4)",
      "signal": "GROSS MARGIN INFLECTION",
      "detail": "GM: +29.5% -> +25.9% -> +27.9% (reversal +2.0%)",
      "severity": "MEDIUM"
    },
    {
      "quarter": "2022-10 (Q4)",
      "signal": "OP MARGIN TURNED POSITIVE (YoY)",
      "detail": "Op margin: -1.6% (year-ago) -> +10.5%",
      "severity": "HIGH"
    },
    {
      "quarter": "2022-07 (Q3)",
      "signal": "FCF TURNED POSITIVE",
      "detail": "FCF margin: -7.1% -> +5.6%",
      "severity": "HIGH"
    },
    {
      "quarter": "2022-07 (Q3)",
      "signal": "YoY REVENUE GROWTH DECELERATION",
      "detail": "YoY growth: +20.6% vs prior quarter YoY: +36.7% (decel: -16.1%)",
      "severity": "WARNING"
    },
    {
      "quarter": "2022-07 (Q3)",
      "signal": "INCREMENTAL MARGIN (YoY)",
      "detail": "YoY Incr OPM: +34.5% vs year-ago OPM: +4.3%",
      "severity": "HIGH"
    },
    {
      "quarter": "2022-04 (Q2)",
      "signal": "YoY REVENUE GROWTH DECELERATION",
      "detail": "YoY growth: +36.7% vs prior quarter YoY: +49.5% (decel: -12.8%)",
      "severity": "WARNING"
    },
    {
      "quarter": "2022-04 (Q2)",
      "signal": "INCREMENTAL MARGIN (YoY)",
      "detail": "YoY Incr OPM: +28.6% vs year-ago OPM: +0.7%",
      "severity": "HIGH"
    },
    {
      "quarter": "2021-12 (Q4)",
      "signal": "FCF MARGIN EXPANSION",
      "detail": "FCF margin: +9.9% -> +20.0% (+10.2%)",
      "severity": "MEDIUM"
    },
    {
      "quarter": "2021-12 (Q4)",
      "signal": "OP MARGIN TURNED POSITIVE (YoY)",
      "detail": "Op margin: -7.0% (year-ago) -> +5.0%",
      "severity": "HIGH"
    },
    {
      "quarter": "2021-12 (Q4)",
      "signal": "OP MARGIN TURNED POSITIVE (QoQ)",
      "detail": "Op margin: -1.6% -> +5.0%",
      "severity": "HIGH"
    },
    {
      "quarter": "2021-09 (Q3)",
      "signal": "FCF TURNED POSITIVE",
      "detail": "FCF margin: -1.2% -> +9.9%",
      "severity": "HIGH"
    },
    {
      "quarter": "2021-03 (Q1)",
      "signal": "OP MARGIN TURNED POSITIVE (QoQ)",
      "detail": "Op margin: -7.0% -> +0.7%",
      "severity": "HIGH"
    }
  ],
  "data_quality": {
    "n_quarters": 20,
    "coverage": {
      "revenue": [
        20,
        20
      ],
      "gross_profit": [
        20,
        20
      ],
      "op_income": [
        20,
        20
      ],
      "fcf": [
        20,
        20
      ]
    },
    "gaps": [],
    "warnings": []
  },
  "market_cap": null,
  "source": "SEC EDGAR",
  "last_updated": "2026-02-02T23:20:46.351564"
}