{
  "ticker": "CQP",
  "name": "CHENIERE ENERGY PARTNERS, L.P.",
  "quarters": [
    {
      "date": "2020-12-31T00:00:00",
      "quarter_label": "2020-12 (Q4)",
      "revenue": 1997000000,
      "gross_profit": 1043000000,
      "operating_income": 625000000,
      "net_income": 409000000,
      "opex": 1372000000,
      "cogs": 954000000,
      "rd": 0,
      "sga": null,
      "fcf": 241000000,
      "ocf": 418000000,
      "capex": -177000000,
      "gross_margin": 0.5222834251377065,
      "op_margin": 0.3129694541812719,
      "fcf_margin": 0.12068102153229844
    },
    {
      "date": "2021-03-31T00:00:00",
      "quarter_label": "2021-03 (Q1)",
      "revenue": 1963000000,
      "gross_profit": 1015000000,
      "operating_income": 618000000,
      "net_income": 347000000,
      "opex": 1345000000,
      "cogs": 948000000,
      "rd": null,
      "sga": null,
      "fcf": 442000000,
      "ocf": 588000000,
      "capex": -146000000,
      "gross_margin": 0.5170657157412124,
      "op_margin": 0.31482424859908303,
      "fcf_margin": 0.2251655629139073,
      "fcf_margin_change": 0.10448454138160886
    },
    {
      "date": "2021-06-30T00:00:00",
      "quarter_label": "2021-06 (Q2)",
      "revenue": 1889000000,
      "gross_profit": 1001000000,
      "operating_income": 604000000,
      "net_income": 395000000,
      "opex": 1285000000,
      "cogs": 888000000,
      "rd": 1000000,
      "sga": null,
      "fcf": 317000000,
      "ocf": 487000000,
      "capex": -170000000,
      "gross_margin": 0.5299100052938063,
      "op_margin": 0.3197458973001588,
      "fcf_margin": 0.16781365802011647,
      "fcf_margin_change": -0.05735190489379083
    },
    {
      "date": "2021-09-30T00:00:00",
      "quarter_label": "2021-09 (Q3)",
      "revenue": 2324000000,
      "gross_profit": 982000000,
      "operating_income": 616000000,
      "net_income": 381000000,
      "opex": 1708000000,
      "cogs": 1342000000,
      "rd": 0,
      "sga": null,
      "fcf": 413000000,
      "ocf": 592000000,
      "capex": -179000000,
      "gross_margin": 0.4225473321858864,
      "op_margin": 0.26506024096385544,
      "fcf_margin": 0.17771084337349397,
      "op_leverage_ratio": 0.6995520914289147,
      "fcf_margin_change": 0.009897185353377497
    },
    {
      "date": "2021-12-31T00:00:00",
      "quarter_label": "2021-12 (Q4)",
      "revenue": 3258000000,
      "gross_profit": 1146000000,
      "operating_income": 719000000,
      "net_income": 507000000,
      "opex": 2539000000,
      "cogs": 2112000000,
      "rd": 0,
      "sga": null,
      "fcf": 471000000,
      "ocf": 624000000,
      "capex": -153000000,
      "gross_margin": 0.35174953959484345,
      "op_margin": 0.22068753836709637,
      "fcf_margin": 0.1445672191528545,
      "incr_op_margin_yoy": 0.07454401268834258,
      "rev_growth_yoy": 0.6314471707561342,
      "op_leverage_ratio": 0.8260333753787714,
      "fcf_margin_change": -0.03314362422063946
    },
    {
      "date": "2022-03-31T00:00:00",
      "quarter_label": "2022-03 (Q1)",
      "revenue": 3328000000,
      "gross_profit": 766000000,
      "operating_income": 362000000,
      "net_income": 159000000,
      "opex": 2966000000,
      "cogs": 2562000000,
      "rd": null,
      "sga": null,
      "fcf": 713000000,
      "ocf": 800000000,
      "capex": -87000000,
      "gross_margin": 0.23016826923076922,
      "op_margin": 0.10877403846153846,
      "fcf_margin": 0.21424278846153846,
      "incr_op_margin_yoy": -0.18754578754578755,
      "rev_growth_yoy": 0.695364238410596,
      "rev_growth_yoy_accel": 0.06391706765446181,
      "op_leverage_ratio": 0.1277561412512957,
      "fcf_margin_change": 0.06967556930868396
    },
    {
      "date": "2022-06-30T00:00:00",
      "quarter_label": "2022-06 (Q2)",
      "revenue": 4181000000,
      "gross_profit": 1037000000,
      "operating_income": 555000000,
      "net_income": 342000000,
      "opex": 3626000000,
      "cogs": 3144000000,
      "rd": 0,
      "sga": null,
      "fcf": 634000000,
      "ocf": 786000000,
      "capex": -152000000,
      "gross_margin": 0.2480267878497967,
      "op_margin": 0.13274336283185842,
      "fcf_margin": 0.15163836402774455,
      "incr_op_margin_yoy": -0.02137870855148342,
      "rev_growth_yoy": 1.2133403917416623,
      "rev_growth_yoy_accel": 0.5179761533310663,
      "op_leverage_ratio": 1.151842038170163,
      "fcf_margin_change": -0.06260442443379391
    },
    {
      "date": "2022-09-30T00:00:00",
      "quarter_label": "2022-09 (Q3)",
      "revenue": 4976000000,
      "gross_profit": 237000000,
      "operating_income": -299000000,
      "net_income": -514000000,
      "opex": 5275000000,
      "cogs": 4739000000,
      "rd": null,
      "sga": null,
      "fcf": 739000000,
      "ocf": 856000000,
      "capex": -117000000,
      "gross_margin": 0.047628617363344054,
      "op_margin": -0.06008842443729904,
      "fcf_margin": 0.1485128617363344,
      "incr_op_margin_yoy": -0.34502262443438914,
      "rev_growth_yoy": 1.1411359724612737,
      "rev_growth_yoy_accel": -0.07220441928038857,
      "op_leverage_ratio": 0.4181134181617177,
      "fcf_margin_change": -0.0031255022914101482
    },
    {
      "date": "2022-12-31T00:00:00",
      "quarter_label": "2022-12 (Q4)",
      "revenue": 4721000000,
      "gross_profit": 3279000000,
      "operating_income": 2762000000,
      "net_income": 2511000000,
      "opex": 1959000000,
      "cogs": 1442000000,
      "rd": null,
      "sga": null,
      "fcf": 1612000000,
      "ocf": 1707000000,
      "capex": -95000000,
      "gross_margin": 0.6945562380851514,
      "op_margin": 0.5850455411988985,
      "fcf_margin": 0.341453081974158,
      "incr_op_margin_yoy": 1.3964456596035544,
      "rev_growth_yoy": 0.449048496009822,
      "rev_growth_yoy_accel": -0.6920874764514517,
      "fcf_margin_change": 0.19294022023782362
    },
    {
      "date": "2023-03-31T00:00:00",
      "quarter_label": "2023-03 (Q1)",
      "revenue": 2917000000,
      "gross_profit": 2604000000,
      "operating_income": 2129000000,
      "net_income": 1935000000,
      "opex": 788000000,
      "cogs": 313000000,
      "rd": null,
      "sga": null,
      "fcf": 758000000,
      "ocf": 847000000,
      "capex": -89000000,
      "gross_margin": 0.8926979773740144,
      "op_margin": 0.7298594446348988,
      "fcf_margin": 0.25985601645526224,
      "incr_op_margin_yoy": -4.299270072992701,
      "rev_growth_yoy": -0.12349759615384616,
      "rev_growth_yoy_accel": -0.5725460921636681,
      "fcf_margin_change": -0.08159706551889578
    },
    {
      "date": "2023-06-30T00:00:00",
      "quarter_label": "2023-06 (Q2)",
      "revenue": 1933000000,
      "gross_profit": 1329000000,
      "operating_income": 818000000,
      "net_income": 622000000,
      "opex": 1115000000,
      "cogs": 604000000,
      "rd": null,
      "sga": null,
      "fcf": 631000000,
      "ocf": 691000000,
      "capex": -60000000,
      "gross_margin": 0.6875323331608898,
      "op_margin": 0.4231764097258148,
      "fcf_margin": 0.3264355923435075,
      "incr_op_margin_yoy": -0.11699288256227758,
      "rev_growth_yoy": -0.5376704137766085,
      "rev_growth_yoy_accel": -0.41417281762276237,
      "fcf_margin_change": 0.06657957588824526
    },
    {
      "date": "2023-09-30T00:00:00",
      "quarter_label": "2023-09 (Q3)",
      "revenue": 2128000000,
      "gross_profit": 1444000000,
      "operating_income": 988000000,
      "net_income": 791000000,
      "opex": 1140000000,
      "cogs": 684000000,
      "rd": null,
      "sga": null,
      "fcf": 634000000,
      "ocf": 655000000,
      "capex": -21000000,
      "gross_margin": 0.6785714285714286,
      "op_margin": 0.4642857142857143,
      "fcf_margin": 0.29793233082706766,
      "incr_op_margin_yoy": -0.45189606741573035,
      "rev_growth_yoy": -0.572347266881029,
      "rev_growth_yoy_accel": -0.03467685310442048,
      "op_leverage_ratio": 4.499224004138645,
      "fcf_margin_change": -0.028503261516439837
    },
    {
      "date": "2023-12-31T00:00:00",
      "quarter_label": "2023-12 (Q4)",
      "revenue": 2686000000,
      "gross_profit": 1561000000,
      "operating_income": 1101000000,
      "net_income": 906000000,
      "opex": 1585000000,
      "cogs": 1125000000,
      "rd": null,
      "sga": null,
      "fcf": 866000000,
      "ocf": 916000000,
      "capex": -50000000,
      "gross_margin": 0.5811615785554728,
      "op_margin": 0.4099032017870439,
      "fcf_margin": 0.32241250930752047,
      "incr_op_margin_yoy": 0.8162162162162162,
      "rev_growth_yoy": -0.4310527430629104,
      "rev_growth_yoy_accel": 0.14129452381811858,
      "op_leverage_ratio": 0.6717495987158909,
      "fcf_margin_change": 0.024480178480452808
    },
    {
      "date": "2024-03-31T00:00:00",
      "quarter_label": "2024-03 (Q1)",
      "revenue": 2295000000,
      "gross_profit": 1327000000,
      "operating_income": 875000000,
      "net_income": 682000000,
      "opex": 1420000000,
      "cogs": 968000000,
      "rd": null,
      "sga": null,
      "fcf": 633000000,
      "ocf": 669000000,
      "capex": -36000000,
      "gross_margin": 0.5782135076252723,
      "op_margin": 0.3812636165577342,
      "fcf_margin": 0.2758169934640523,
      "incr_op_margin_yoy": 2.0160771704180065,
      "rev_growth_yoy": -0.21323277339732602,
      "rev_growth_yoy_accel": 0.2178199696655844,
      "fcf_margin_change": -0.04659551584346816
    },
    {
      "date": "2024-06-30T00:00:00",
      "quarter_label": "2024-06 (Q2)",
      "revenue": 1894000000,
      "gross_profit": 1233000000,
      "operating_income": 766000000,
      "net_income": 570000000,
      "opex": 1128000000,
      "cogs": 661000000,
      "rd": null,
      "sga": null,
      "fcf": 702000000,
      "ocf": 732000000,
      "capex": -30000000,
      "gross_margin": 0.6510031678986272,
      "op_margin": 0.4044350580781415,
      "fcf_margin": 0.3706441393875396,
      "incr_op_margin_yoy": 1.3333333333333333,
      "rev_growth_yoy": -0.02017589239524056,
      "rev_growth_yoy_accel": 0.19305688100208546,
      "fcf_margin_change": 0.09482714592348729
    },
    {
      "date": "2024-09-30T00:00:00",
      "quarter_label": "2024-09 (Q3)",
      "revenue": 2055000000,
      "gross_profit": 1282000000,
      "operating_income": 827000000,
      "net_income": 635000000,
      "opex": 1228000000,
      "cogs": 773000000,
      "rd": null,
      "sga": null,
      "fcf": 652000000,
      "ocf": 691000000,
      "capex": -39000000,
      "gross_margin": 0.6238442822384428,
      "op_margin": 0.4024330900243309,
      "fcf_margin": 0.3172749391727494,
      "incr_op_margin_yoy": 2.2054794520547945,
      "rev_growth_yoy": -0.03430451127819549,
      "rev_growth_yoy_accel": -0.01412861888295493,
      "op_leverage_ratio": 0.9588595564941921,
      "fcf_margin_change": -0.05336920021479019
    },
    {
      "date": "2024-12-31T00:00:00",
      "quarter_label": "2024-12 (Q4)",
      "revenue": 2460000000,
      "gross_profit": 1288000000,
      "operating_income": 812000000,
      "net_income": 623000000,
      "opex": 1648000000,
      "cogs": 1172000000,
      "rd": null,
      "sga": null,
      "fcf": 827000000,
      "ocf": 876000000,
      "capex": -49000000,
      "gross_margin": 0.5235772357723577,
      "op_margin": 0.3300813008130081,
      "fcf_margin": 0.3361788617886179,
      "incr_op_margin_yoy": 1.2787610619469028,
      "rev_growth_yoy": -0.08413998510796723,
      "rev_growth_yoy_accel": -0.04983547382977174,
      "op_leverage_ratio": 0.5762252346193952,
      "fcf_margin_change": 0.018903922615868485
    },
    {
      "date": "2025-03-31T00:00:00",
      "quarter_label": "2025-03 (Q1)",
      "revenue": 2989000000,
      "gross_profit": 1286000000,
      "operating_income": 826000000,
      "net_income": 641000000,
      "opex": 2163000000,
      "cogs": 1703000000,
      "rd": null,
      "sga": null,
      "fcf": 605000000,
      "ocf": 665000000,
      "capex": -60000000,
      "gross_margin": 0.4302442288390766,
      "op_margin": 0.27634660421545665,
      "fcf_margin": 0.20240883238541318,
      "incr_op_margin_yoy": -0.07060518731988473,
      "rev_growth_yoy": 0.30239651416122004,
      "rev_growth_yoy_accel": 0.38653649926918726,
      "op_leverage_ratio": 0.688130081300813,
      "fcf_margin_change": -0.1337700294032047
    },
    {
      "date": "2025-06-30T00:00:00",
      "quarter_label": "2025-06 (Q2)",
      "revenue": 2455000000,
      "gross_profit": 1259000000,
      "operating_income": 715000000,
      "net_income": 553000000,
      "opex": 1740000000,
      "cogs": 1196000000,
      "rd": null,
      "sga": null,
      "fcf": 490000000,
      "ocf": 558000000,
      "capex": -68000000,
      "gross_margin": 0.5128309572301426,
      "op_margin": 0.29124236252545826,
      "fcf_margin": 0.19959266802443992,
      "incr_op_margin_yoy": -0.09090909090909091,
      "rev_growth_yoy": 0.2961985216473073,
      "rev_growth_yoy_accel": -0.006197992513912731,
      "fcf_margin_change": -0.002816164360973261
    },
    {
      "date": "2025-09-30T00:00:00",
      "quarter_label": "2025-09 (Q3)",
      "revenue": 2404000000,
      "gross_profit": 1126000000,
      "operating_income": 696000000,
      "net_income": 506000000,
      "opex": 1708000000,
      "cogs": 1278000000,
      "rd": null,
      "sga": null,
      "fcf": 610000000,
      "ocf": 658000000,
      "capex": -48000000,
      "gross_margin": 0.4683860232945091,
      "op_margin": 0.2895174708818636,
      "fcf_margin": 0.25374376039933444,
      "incr_op_margin_yoy": -0.3753581661891118,
      "rev_growth_yoy": 0.16982968369829685,
      "rev_growth_yoy_accel": -0.12636883794901047,
      "fcf_margin_change": 0.054151092374894516
    }
  ],
  "signals": [
    {
      "quarter": "2025-09 (Q3)",
      "signal": "FCF MARGIN EXPANSION",
      "detail": "FCF margin: +20.0% -> +25.4% (+5.4%)",
      "severity": "MEDIUM"
    },
    {
      "quarter": "2025-09 (Q3)",
      "signal": "YoY REVENUE GROWTH DECELERATION",
      "detail": "YoY growth: +17.0% vs prior quarter YoY: +29.6% (decel: -12.6%)",
      "severity": "WARNING"
    },
    {
      "quarter": "2025-06 (Q2)",
      "signal": "GROSS MARGIN INFLECTION",
      "detail": "GM: +52.4% -> +43.0% -> +51.3% (reversal +8.3%)",
      "severity": "HIGH"
    },
    {
      "quarter": "2025-03 (Q1)",
      "signal": "YoY REVENUE GROWTH ACCELERATION",
      "detail": "YoY growth: +30.2% vs prior quarter YoY: -8.4% (accel: +38.7%)",
      "severity": "HIGH"
    },
    {
      "quarter": "2024-12 (Q4)",
      "signal": "INCREMENTAL MARGIN (YoY)",
      "detail": "YoY Incr OPM: +127.9% vs year-ago OPM: +41.0%",
      "severity": "HIGH"
    },
    {
      "quarter": "2024-09 (Q3)",
      "signal": "INCREMENTAL MARGIN (YoY)",
      "detail": "YoY Incr OPM: +220.5% vs year-ago OPM: +46.4%",
      "severity": "HIGH"
    },
    {
      "quarter": "2024-06 (Q2)",
      "signal": "FCF MARGIN EXPANSION",
      "detail": "FCF margin: +27.6% -> +37.1% (+9.5%)",
      "severity": "MEDIUM"
    },
    {
      "quarter": "2024-06 (Q2)",
      "signal": "GROSS MARGIN INFLECTION",
      "detail": "GM: +58.1% -> +57.8% -> +65.1% (reversal +7.3%)",
      "severity": "HIGH"
    },
    {
      "quarter": "2024-06 (Q2)",
      "signal": "YoY REVENUE GROWTH ACCELERATION",
      "detail": "YoY growth: -2.0% vs prior quarter YoY: -21.3% (accel: +19.3%)",
      "severity": "HIGH"
    },
    {
      "quarter": "2024-06 (Q2)",
      "signal": "INCREMENTAL MARGIN (YoY)",
      "detail": "YoY Incr OPM: +133.3% vs year-ago OPM: +42.3%",
      "severity": "HIGH"
    },
    {
      "quarter": "2024-03 (Q1)",
      "signal": "YoY REVENUE GROWTH ACCELERATION",
      "detail": "YoY growth: -21.3% vs prior quarter YoY: -43.1% (accel: +21.8%)",
      "severity": "HIGH"
    },
    {
      "quarter": "2024-03 (Q1)",
      "signal": "INCREMENTAL MARGIN (YoY)",
      "detail": "YoY Incr OPM: +201.6% vs year-ago OPM: +73.0%",
      "severity": "HIGH"
    },
    {
      "quarter": "2023-12 (Q4)",
      "signal": "YoY REVENUE GROWTH ACCELERATION",
      "detail": "YoY growth: -43.1% vs prior quarter YoY: -57.2% (accel: +14.1%)",
      "severity": "MEDIUM"
    },
    {
      "quarter": "2023-12 (Q4)",
      "signal": "INCREMENTAL MARGIN (YoY)",
      "detail": "YoY Incr OPM: +81.6% vs year-ago OPM: +58.5%",
      "severity": "HIGH"
    },
    {
      "quarter": "2023-09 (Q3)",
      "signal": "OPERATING LEVERAGE",
      "detail": "Rev growth +10.1% vs OpEx growth +2.2% (leverage: 4.5x)",
      "severity": "MEDIUM"
    },
    {
      "quarter": "2023-09 (Q3)",
      "signal": "OP MARGIN TURNED POSITIVE (YoY)",
      "detail": "Op margin: -6.0% (year-ago) -> +46.4%",
      "severity": "HIGH"
    },
    {
      "quarter": "2023-06 (Q2)",
      "signal": "FCF MARGIN EXPANSION",
      "detail": "FCF margin: +26.0% -> +32.6% (+6.7%)",
      "severity": "MEDIUM"
    },
    {
      "quarter": "2023-06 (Q2)",
      "signal": "YoY REVENUE GROWTH DECELERATION",
      "detail": "YoY growth: -53.8% vs prior quarter YoY: -12.3% (decel: -41.4%)",
      "severity": "WARNING"
    },
    {
      "quarter": "2023-03 (Q1)",
      "signal": "YoY REVENUE GROWTH DECELERATION",
      "detail": "YoY growth: -12.3% vs prior quarter YoY: +44.9% (decel: -57.3%)",
      "severity": "WARNING"
    },
    {
      "quarter": "2022-12 (Q4)",
      "signal": "FCF MARGIN EXPANSION",
      "detail": "FCF margin: +14.9% -> +34.1% (+19.3%)",
      "severity": "MEDIUM"
    },
    {
      "quarter": "2022-12 (Q4)",
      "signal": "GROSS MARGIN INFLECTION",
      "detail": "GM: +24.8% -> +4.8% -> +69.5% (reversal +64.7%)",
      "severity": "HIGH"
    },
    {
      "quarter": "2022-12 (Q4)",
      "signal": "YoY REVENUE GROWTH DECELERATION",
      "detail": "YoY growth: +44.9% vs prior quarter YoY: +114.1% (decel: -69.2%)",
      "severity": "WARNING"
    },
    {
      "quarter": "2022-12 (Q4)",
      "signal": "INCREMENTAL MARGIN (YoY)",
      "detail": "YoY Incr OPM: +139.6% vs year-ago OPM: +22.1%",
      "severity": "HIGH"
    },
    {
      "quarter": "2022-12 (Q4)",
      "signal": "OP MARGIN TURNED POSITIVE (QoQ)",
      "detail": "Op margin: -6.0% -> +58.5%",
      "severity": "HIGH"
    },
    {
      "quarter": "2022-09 (Q3)",
      "signal": "YoY REVENUE GROWTH DECELERATION",
      "detail": "YoY growth: +114.1% vs prior quarter YoY: +121.3% (decel: -7.2%)",
      "severity": "WARNING"
    },
    {
      "quarter": "2022-06 (Q2)",
      "signal": "YoY REVENUE GROWTH ACCELERATION",
      "detail": "YoY growth: +121.3% vs prior quarter YoY: +69.5% (accel: +51.8%)",
      "severity": "HIGH"
    },
    {
      "quarter": "2022-03 (Q1)",
      "signal": "FCF MARGIN EXPANSION",
      "detail": "FCF margin: +14.5% -> +21.4% (+7.0%)",
      "severity": "MEDIUM"
    },
    {
      "quarter": "2022-03 (Q1)",
      "signal": "YoY REVENUE GROWTH ACCELERATION",
      "detail": "YoY growth: +69.5% vs prior quarter YoY: +63.1% (accel: +6.4%)",
      "severity": "MEDIUM"
    },
    {
      "quarter": "2021-03 (Q1)",
      "signal": "FCF MARGIN EXPANSION",
      "detail": "FCF margin: +12.1% -> +22.5% (+10.4%)",
      "severity": "MEDIUM"
    }
  ],
  "data_quality": {
    "n_quarters": 20,
    "coverage": {
      "revenue": [
        20,
        20
      ],
      "gross_profit": [
        20,
        20
      ],
      "op_income": [
        20,
        20
      ],
      "fcf": [
        20,
        20
      ]
    },
    "gaps": [],
    "warnings": []
  },
  "market_cap": null,
  "source": "SEC EDGAR",
  "last_updated": "2026-02-02T20:11:06.858275"
}