{
  "ticker": "CRAI",
  "name": "CRA International,\u00a0Inc.",
  "quarters": [
    {
      "date": "2021-01-02T00:00:00",
      "quarter_label": "2021-01 (Q1)",
      "revenue": 137422000,
      "gross_profit": 36175000,
      "operating_income": 10342000,
      "net_income": 6705000,
      "opex": 25833000,
      "cogs": 101247000,
      "rd": null,
      "sga": 22286000,
      "fcf": 63963000,
      "ocf": 65315000,
      "capex": -1352000,
      "gross_margin": 0.2632402380987033,
      "op_margin": 0.07525723683253045,
      "fcf_margin": 0.4654494913478191
    },
    {
      "date": "2021-04-03T00:00:00",
      "quarter_label": "2021-04 (Q2)",
      "revenue": 146518000,
      "gross_profit": 41144000,
      "operating_income": 14637000,
      "net_income": 10501000,
      "opex": 26507000,
      "cogs": 105374000,
      "rd": null,
      "sga": 23206000,
      "fcf": -40540000,
      "ocf": -39848000,
      "capex": -692000,
      "gross_margin": 0.2808119138945386,
      "op_margin": 0.09989898852018182,
      "fcf_margin": -0.2766895535019588,
      "op_leverage_ratio": 2.536933797503128,
      "fcf_margin_change": -0.7421390448497779
    },
    {
      "date": "2021-07-03T00:00:00",
      "quarter_label": "2021-07 (Q3)",
      "revenue": 148237000,
      "gross_profit": 43195000,
      "operating_income": 15937000,
      "net_income": 11566000,
      "opex": 27258000,
      "cogs": 105042000,
      "rd": null,
      "sga": 24043000,
      "fcf": 3147000,
      "ocf": 3625000,
      "capex": -478000,
      "gross_margin": 0.29139148795509895,
      "op_margin": 0.10751027071513859,
      "fcf_margin": 0.021229517596821307,
      "op_leverage_ratio": 0.41410029123637715,
      "fcf_margin_change": 0.2979190710987801
    },
    {
      "date": "2021-10-02T00:00:00",
      "quarter_label": "2021-10 (Q4)",
      "revenue": 136412000,
      "gross_profit": 40432000,
      "operating_income": 12801000,
      "net_income": 10945000,
      "opex": 27631000,
      "cogs": 95980000,
      "rd": null,
      "sga": 24490000,
      "fcf": 49566000,
      "ocf": 50126000,
      "capex": -560000,
      "gross_margin": 0.2963962114769962,
      "op_margin": 0.09384071782541126,
      "fcf_margin": 0.36335513004720993,
      "fcf_margin_change": 0.34212561245038864
    },
    {
      "date": "2022-01-01T00:00:00",
      "quarter_label": "2022-01 (Q1)",
      "revenue": 134766000,
      "gross_profit": 41108000,
      "operating_income": 12365000,
      "net_income": 8667000,
      "opex": 28743000,
      "cogs": 93658000,
      "rd": null,
      "sga": 25632000,
      "fcf": 60902000,
      "ocf": 61795000,
      "capex": -893000,
      "gross_margin": 0.3050324265764362,
      "op_margin": 0.09175162874909101,
      "fcf_margin": 0.4519092352670555,
      "incr_op_margin_yoy": -0.7616716867469879,
      "rev_growth_yoy": -0.019327327502146673,
      "fcf_margin_change": 0.08855410521984558
    },
    {
      "date": "2022-04-02T00:00:00",
      "quarter_label": "2022-04 (Q2)",
      "revenue": 148382000,
      "gross_profit": 44322000,
      "operating_income": 15529000,
      "net_income": 11426000,
      "opex": 28793000,
      "cogs": 104060000,
      "rd": null,
      "sga": 25817000,
      "fcf": -63184000,
      "ocf": -61838000,
      "capex": -1346000,
      "gross_margin": 0.29870199889474464,
      "op_margin": 0.10465555121241121,
      "fcf_margin": -0.42581984337722906,
      "incr_op_margin_yoy": 0.47854077253218885,
      "rev_growth_yoy": 0.012721986377100425,
      "rev_growth_yoy_accel": 0.0320493138792471,
      "op_leverage_ratio": 58.08062686434264,
      "fcf_margin_change": -0.8777290786442846
    },
    {
      "date": "2022-07-02T00:00:00",
      "quarter_label": "2022-07 (Q3)",
      "revenue": 149102000,
      "gross_profit": 46026000,
      "operating_income": 15013000,
      "net_income": 11643000,
      "opex": 31013000,
      "cogs": 103076000,
      "rd": null,
      "sga": 27963000,
      "fcf": -17695000,
      "ocf": -16974000,
      "capex": -721000,
      "gross_margin": 0.30868801223323633,
      "op_margin": 0.100689460905957,
      "fcf_margin": -0.11867714718783115,
      "rev_growth_yoy": 0.005835250308627401,
      "rev_growth_yoy_accel": -0.006886736068473024,
      "fcf_margin_change": 0.30714269618939793
    },
    {
      "date": "2022-10-01T00:00:00",
      "quarter_label": "2022-10 (Q4)",
      "revenue": 148441000,
      "gross_profit": 46174000,
      "operating_income": 14894000,
      "net_income": 11877000,
      "opex": 31280000,
      "cogs": 102267000,
      "rd": null,
      "sga": 28246000,
      "fcf": 42865000,
      "ocf": 43797000,
      "capex": -932000,
      "gross_margin": 0.3110596129101798,
      "op_margin": 0.10033616049474202,
      "fcf_margin": 0.2887679279983293,
      "incr_op_margin_yoy": 0.1739961759082218,
      "rev_growth_yoy": 0.0881813916664223,
      "rev_growth_yoy_accel": 0.0823461413577949,
      "fcf_margin_change": 0.40744507518616047
    },
    {
      "date": "2022-12-31T00:00:00",
      "quarter_label": "2022-12 (Q4)",
      "revenue": 144976000,
      "gross_profit": 44298000,
      "operating_income": 13301000,
      "net_income": 8673000,
      "opex": 30997000,
      "cogs": 100678000,
      "rd": null,
      "sga": 28061000,
      "fcf": 59322000,
      "ocf": 60136000,
      "capex": -814000,
      "gross_margin": 0.3055540227347975,
      "op_margin": 0.09174622006401059,
      "fcf_margin": 0.40918496854651804,
      "incr_op_margin_yoy": 0.09167482859941234,
      "rev_growth_yoy": 0.07576094860721547,
      "rev_growth_yoy_accel": -0.012420443059206837,
      "fcf_margin_change": 0.12041704054818875
    },
    {
      "date": "2023-04-01T00:00:00",
      "quarter_label": "2023-04 (Q2)",
      "revenue": 152845000,
      "gross_profit": 45008000,
      "operating_income": 13693000,
      "net_income": 8918000,
      "opex": 31315000,
      "cogs": 107837000,
      "rd": null,
      "sga": 28372000,
      "fcf": -70613000,
      "ocf": -70051000,
      "capex": -562000,
      "gross_margin": 0.2944682521508718,
      "op_margin": 0.08958749059504727,
      "fcf_margin": -0.4619909058196212,
      "incr_op_margin_yoy": -0.41138247815370826,
      "rev_growth_yoy": 0.030077772236524646,
      "rev_growth_yoy_accel": -0.04568317637069082,
      "op_leverage_ratio": 5.290734588730887,
      "fcf_margin_change": -0.8711758743661393
    },
    {
      "date": "2023-07-01T00:00:00",
      "quarter_label": "2023-07 (Q3)",
      "revenue": 161965000,
      "gross_profit": 48632000,
      "operating_income": 15914000,
      "net_income": 9508000,
      "opex": 32718000,
      "cogs": 113333000,
      "rd": null,
      "sga": 29846000,
      "fcf": 4352000,
      "ocf": 5072000,
      "capex": -720000,
      "gross_margin": 0.3002624023708826,
      "op_margin": 0.09825579600530979,
      "fcf_margin": 0.026870002778378043,
      "incr_op_margin_yoy": 0.07004586799346964,
      "rev_growth_yoy": 0.08626980188059181,
      "rev_growth_yoy_accel": 0.056192029644067165,
      "op_leverage_ratio": 1.331797965352188,
      "fcf_margin_change": 0.48886090859799924
    },
    {
      "date": "2023-09-30T00:00:00",
      "quarter_label": "2023-09 (Q3)",
      "revenue": 147553000,
      "gross_profit": 41659000,
      "operating_income": 10793000,
      "net_income": 8596000,
      "opex": 30866000,
      "cogs": 105894000,
      "rd": null,
      "sga": 27919000,
      "fcf": 64226000,
      "ocf": 64952000,
      "capex": -726000,
      "gross_margin": 0.2823324500349027,
      "op_margin": 0.07314659817150447,
      "fcf_margin": 0.4352741048979011,
      "rev_growth_yoy": -0.005982174736090433,
      "rev_growth_yoy_accel": -0.09225197661668225,
      "fcf_margin_change": 0.40840410211952305
    },
    {
      "date": "2023-12-30T00:00:00",
      "quarter_label": "2023-12 (Q4)",
      "revenue": 161613000,
      "gross_profit": 48926000,
      "operating_income": 17145000,
      "net_income": 11459000,
      "opex": 31781000,
      "cogs": 112687000,
      "rd": null,
      "sga": 28979000,
      "fcf": 59741000,
      "ocf": 60099000,
      "capex": -358000,
      "gross_margin": 0.30273554726414337,
      "op_margin": 0.10608676282229772,
      "fcf_margin": 0.36965466886945975,
      "incr_op_margin_yoy": 0.23105127126284786,
      "rev_growth_yoy": 0.11475692528418496,
      "rev_growth_yoy_accel": 0.1207391000202754,
      "op_leverage_ratio": 3.2143749477588845,
      "fcf_margin_change": -0.06561943602844134
    },
    {
      "date": "2024-03-30T00:00:00",
      "quarter_label": "2024-03 (Q1)",
      "revenue": 171789000,
      "gross_profit": 52909000,
      "operating_income": 19618000,
      "net_income": 13691000,
      "opex": 33291000,
      "cogs": 118880000,
      "rd": null,
      "sga": 30499000,
      "fcf": -63810000,
      "ocf": -63080000,
      "capex": -730000,
      "gross_margin": 0.30798828795790184,
      "op_margin": 0.11419823155149632,
      "fcf_margin": -0.3714440389081955,
      "incr_op_margin_yoy": 0.3127639358108108,
      "rev_growth_yoy": 0.12394255618436979,
      "rev_growth_yoy_accel": 0.00918563090018483,
      "op_leverage_ratio": 1.325230483761736,
      "fcf_margin_change": -0.7410987077776552
    },
    {
      "date": "2024-06-29T00:00:00",
      "quarter_label": "2024-06 (Q2)",
      "revenue": 171442000,
      "gross_profit": 46115000,
      "operating_income": 11288000,
      "net_income": 6538000,
      "opex": 34827000,
      "cogs": 125327000,
      "rd": null,
      "sga": 32016000,
      "fcf": -509000,
      "ocf": 1807000,
      "capex": -2316000,
      "gross_margin": 0.26898309632412126,
      "op_margin": 0.0658415090817886,
      "fcf_margin": -0.002968934100162154,
      "incr_op_margin_yoy": -0.4881291547958215,
      "rev_growth_yoy": 0.05851264162010311,
      "rev_growth_yoy_accel": -0.06542991456426668,
      "fcf_margin_change": 0.36847510480803336
    },
    {
      "date": "2024-09-28T00:00:00",
      "quarter_label": "2024-09 (Q3)",
      "revenue": 167748000,
      "gross_profit": 52560000,
      "operating_income": 18391000,
      "net_income": 11437000,
      "opex": 34169000,
      "cogs": 115188000,
      "rd": null,
      "sga": 31269000,
      "fcf": 28598000,
      "ocf": 31584000,
      "capex": -2986000,
      "gross_margin": 0.3133271335574791,
      "op_margin": 0.10963469013043374,
      "fcf_margin": 0.1704819133462098,
      "incr_op_margin_yoy": 0.3762317405298341,
      "rev_growth_yoy": 0.13686607524076094,
      "rev_growth_yoy_accel": 0.07835343362065783,
      "fcf_margin_change": 0.17345084744637196
    },
    {
      "date": "2024-12-28T00:00:00",
      "quarter_label": "2024-12 (Q4)",
      "revenue": 176435000,
      "gross_profit": 55893000,
      "operating_income": 21453000,
      "net_income": 14987000,
      "opex": 34440000,
      "cogs": 120542000,
      "rd": null,
      "sga": 31266000,
      "fcf": 68833000,
      "ocf": 79424000,
      "capex": -10591000,
      "gross_margin": 0.3167908861620427,
      "op_margin": 0.12159152095672628,
      "fcf_margin": 0.3901323433559101,
      "incr_op_margin_yoy": 0.2906490352179193,
      "rev_growth_yoy": 0.09171291913398055,
      "rev_growth_yoy_accel": -0.04515315610678039,
      "op_leverage_ratio": 6.529432679154032,
      "fcf_margin_change": 0.21965043000970033
    },
    {
      "date": "2025-03-29T00:00:00",
      "quarter_label": "2025-03 (Q1)",
      "revenue": 181851000,
      "gross_profit": 61497000,
      "operating_income": 25548000,
      "net_income": 18002000,
      "opex": 35949000,
      "cogs": 120354000,
      "rd": null,
      "sga": 32538000,
      "fcf": -80968000,
      "ocf": -79994000,
      "capex": -974000,
      "gross_margin": 0.33817245987099326,
      "op_margin": 0.14048864180015508,
      "fcf_margin": -0.4452436335241489,
      "incr_op_margin_yoy": 0.5893460544623336,
      "rev_growth_yoy": 0.05857185267974085,
      "rev_growth_yoy_accel": -0.033141066454239705,
      "op_leverage_ratio": 0.700596263719015,
      "fcf_margin_change": -0.835375976880059
    },
    {
      "date": "2025-06-28T00:00:00",
      "quarter_label": "2025-06 (Q2)",
      "revenue": 186878000,
      "gross_profit": 58336000,
      "operating_income": 19727000,
      "net_income": 12122000,
      "opex": 38609000,
      "cogs": 128542000,
      "rd": null,
      "sga": 35079000,
      "fcf": 4663000,
      "ocf": 5852000,
      "capex": -1189000,
      "gross_margin": 0.3121608750093644,
      "op_margin": 0.10556084718372415,
      "fcf_margin": 0.02495210779224949,
      "incr_op_margin_yoy": 0.5467089919668308,
      "rev_growth_yoy": 0.0900362804913615,
      "rev_growth_yoy_accel": 0.031464427811620656,
      "op_leverage_ratio": 0.3735926892639488,
      "fcf_margin_change": 0.4701957413163984
    },
    {
      "date": "2025-09-27T00:00:00",
      "quarter_label": "2025-09 (Q3)",
      "revenue": 185891000,
      "gross_profit": 54423000,
      "operating_income": 17211000,
      "net_income": 11473000,
      "opex": 37212000,
      "cogs": 131468000,
      "rd": null,
      "sga": 33725000,
      "fcf": 35897000,
      "ocf": 36547000,
      "capex": -650000,
      "gross_margin": 0.2927683427384865,
      "op_margin": 0.09258651575385575,
      "fcf_margin": 0.1931077889731079,
      "incr_op_margin_yoy": -0.06503885796174834,
      "rev_growth_yoy": 0.10815628204211078,
      "rev_growth_yoy_accel": 0.018120001550749276,
      "fcf_margin_change": 0.1681556811808584
    }
  ],
  "signals": [
    {
      "quarter": "2025-09 (Q3)",
      "signal": "FCF MARGIN EXPANSION",
      "detail": "FCF margin: +2.5% -> +19.3% (+16.8%)",
      "severity": "MEDIUM"
    },
    {
      "quarter": "2025-06 (Q2)",
      "signal": "FCF TURNED POSITIVE",
      "detail": "FCF margin: -44.5% -> +2.5%",
      "severity": "HIGH"
    },
    {
      "quarter": "2025-06 (Q2)",
      "signal": "INCREMENTAL MARGIN (YoY)",
      "detail": "YoY Incr OPM: +54.7% vs year-ago OPM: +6.6%",
      "severity": "HIGH"
    },
    {
      "quarter": "2025-03 (Q1)",
      "signal": "INCREMENTAL MARGIN (YoY)",
      "detail": "YoY Incr OPM: +58.9% vs year-ago OPM: +11.4%",
      "severity": "HIGH"
    },
    {
      "quarter": "2024-12 (Q4)",
      "signal": "FCF MARGIN EXPANSION",
      "detail": "FCF margin: +17.0% -> +39.0% (+22.0%)",
      "severity": "MEDIUM"
    },
    {
      "quarter": "2024-12 (Q4)",
      "signal": "OPERATING LEVERAGE",
      "detail": "Rev growth +5.2% vs OpEx growth +0.8% (leverage: 6.5x)",
      "severity": "MEDIUM"
    },
    {
      "quarter": "2024-12 (Q4)",
      "signal": "INCREMENTAL MARGIN (YoY)",
      "detail": "YoY Incr OPM: +29.1% vs year-ago OPM: +10.6%",
      "severity": "MEDIUM"
    },
    {
      "quarter": "2024-09 (Q3)",
      "signal": "FCF TURNED POSITIVE",
      "detail": "FCF margin: -0.3% -> +17.0%",
      "severity": "HIGH"
    },
    {
      "quarter": "2024-09 (Q3)",
      "signal": "GROSS MARGIN INFLECTION",
      "detail": "GM: +30.8% -> +26.9% -> +31.3% (reversal +4.4%)",
      "severity": "MEDIUM"
    },
    {
      "quarter": "2024-09 (Q3)",
      "signal": "YoY REVENUE GROWTH ACCELERATION",
      "detail": "YoY growth: +13.7% vs prior quarter YoY: +5.9% (accel: +7.8%)",
      "severity": "MEDIUM"
    },
    {
      "quarter": "2024-09 (Q3)",
      "signal": "INCREMENTAL MARGIN (YoY)",
      "detail": "YoY Incr OPM: +37.6% vs year-ago OPM: +7.3%",
      "severity": "HIGH"
    },
    {
      "quarter": "2024-06 (Q2)",
      "signal": "FCF MARGIN EXPANSION",
      "detail": "FCF margin: -37.1% -> -0.3% (+36.8%)",
      "severity": "MEDIUM"
    },
    {
      "quarter": "2024-06 (Q2)",
      "signal": "YoY REVENUE GROWTH DECELERATION",
      "detail": "YoY growth: +5.9% vs prior quarter YoY: +12.4% (decel: -6.5%)",
      "severity": "WARNING"
    },
    {
      "quarter": "2024-03 (Q1)",
      "signal": "INCREMENTAL MARGIN (YoY)",
      "detail": "YoY Incr OPM: +31.3% vs year-ago OPM: +9.0%",
      "severity": "HIGH"
    },
    {
      "quarter": "2023-12 (Q4)",
      "signal": "OPERATING LEVERAGE",
      "detail": "Rev growth +9.5% vs OpEx growth +3.0% (leverage: 3.2x)",
      "severity": "MEDIUM"
    },
    {
      "quarter": "2023-12 (Q4)",
      "signal": "GROSS MARGIN INFLECTION",
      "detail": "GM: +30.0% -> +28.2% -> +30.3% (reversal +2.0%)",
      "severity": "MEDIUM"
    },
    {
      "quarter": "2023-12 (Q4)",
      "signal": "YoY REVENUE GROWTH ACCELERATION",
      "detail": "YoY growth: +11.5% vs prior quarter YoY: -0.6% (accel: +12.1%)",
      "severity": "MEDIUM"
    },
    {
      "quarter": "2023-12 (Q4)",
      "signal": "INCREMENTAL MARGIN (YoY)",
      "detail": "YoY Incr OPM: +23.1% vs year-ago OPM: +9.2%",
      "severity": "MEDIUM"
    },
    {
      "quarter": "2023-09 (Q3)",
      "signal": "FCF MARGIN EXPANSION",
      "detail": "FCF margin: +2.7% -> +43.5% (+40.8%)",
      "severity": "MEDIUM"
    },
    {
      "quarter": "2023-09 (Q3)",
      "signal": "YoY REVENUE GROWTH DECELERATION",
      "detail": "YoY growth: -0.6% vs prior quarter YoY: +8.6% (decel: -9.2%)",
      "severity": "WARNING"
    },
    {
      "quarter": "2023-07 (Q3)",
      "signal": "FCF TURNED POSITIVE",
      "detail": "FCF margin: -46.2% -> +2.7%",
      "severity": "HIGH"
    },
    {
      "quarter": "2023-07 (Q3)",
      "signal": "YoY REVENUE GROWTH ACCELERATION",
      "detail": "YoY growth: +8.6% vs prior quarter YoY: +3.0% (accel: +5.6%)",
      "severity": "MEDIUM"
    },
    {
      "quarter": "2023-04 (Q2)",
      "signal": "OPERATING LEVERAGE",
      "detail": "Rev growth +5.4% vs OpEx growth +1.0% (leverage: 5.3x)",
      "severity": "MEDIUM"
    },
    {
      "quarter": "2022-12 (Q4)",
      "signal": "FCF MARGIN EXPANSION",
      "detail": "FCF margin: +28.9% -> +40.9% (+12.0%)",
      "severity": "MEDIUM"
    },
    {
      "quarter": "2022-10 (Q4)",
      "signal": "FCF TURNED POSITIVE",
      "detail": "FCF margin: -11.9% -> +28.9%",
      "severity": "HIGH"
    },
    {
      "quarter": "2022-10 (Q4)",
      "signal": "YoY REVENUE GROWTH ACCELERATION",
      "detail": "YoY growth: +8.8% vs prior quarter YoY: +0.6% (accel: +8.2%)",
      "severity": "MEDIUM"
    },
    {
      "quarter": "2022-07 (Q3)",
      "signal": "FCF MARGIN EXPANSION",
      "detail": "FCF margin: -42.6% -> -11.9% (+30.7%)",
      "severity": "MEDIUM"
    },
    {
      "quarter": "2022-04 (Q2)",
      "signal": "OPERATING LEVERAGE",
      "detail": "Rev growth +10.1% vs OpEx growth +0.2% (leverage: 58.1x)",
      "severity": "MEDIUM"
    },
    {
      "quarter": "2022-04 (Q2)",
      "signal": "INCREMENTAL MARGIN (YoY)",
      "detail": "YoY Incr OPM: +47.9% vs year-ago OPM: +10.0%",
      "severity": "HIGH"
    },
    {
      "quarter": "2022-01 (Q1)",
      "signal": "FCF MARGIN EXPANSION",
      "detail": "FCF margin: +36.3% -> +45.2% (+8.9%)",
      "severity": "MEDIUM"
    },
    {
      "quarter": "2021-10 (Q4)",
      "signal": "FCF MARGIN EXPANSION",
      "detail": "FCF margin: +2.1% -> +36.3% (+34.2%)",
      "severity": "MEDIUM"
    },
    {
      "quarter": "2021-07 (Q3)",
      "signal": "FCF TURNED POSITIVE",
      "detail": "FCF margin: -27.7% -> +2.1%",
      "severity": "HIGH"
    },
    {
      "quarter": "2021-04 (Q2)",
      "signal": "OPERATING LEVERAGE",
      "detail": "Rev growth +6.6% vs OpEx growth +2.6% (leverage: 2.5x)",
      "severity": "MEDIUM"
    }
  ],
  "data_quality": {
    "n_quarters": 20,
    "coverage": {
      "revenue": [
        20,
        20
      ],
      "gross_profit": [
        20,
        20
      ],
      "op_income": [
        20,
        20
      ],
      "fcf": [
        20,
        20
      ]
    },
    "gaps": [],
    "warnings": []
  },
  "market_cap": null,
  "source": "SEC EDGAR",
  "last_updated": "2026-02-02T21:54:20.924320",
  "sector": "Industrials",
  "industry": "Consulting Services"
}