{
  "ticker": "CRAWA",
  "name": "CRAWFORD UNITED Corp",
  "quarters": [
    {
      "date": "2020-12-31T00:00:00",
      "quarter_label": "2020-12 (Q4)",
      "revenue": 19933941,
      "gross_profit": 4371691,
      "operating_income": 1657368,
      "net_income": 2108890,
      "opex": 2714323,
      "cogs": 15562250,
      "rd": null,
      "sga": 2714324,
      "fcf": 3198042,
      "ocf": 3198042,
      "capex": null,
      "gross_margin": 0.21930891638537509,
      "op_margin": 0.08314301722875572,
      "fcf_margin": 0.1604319988706699
    },
    {
      "date": "2021-03-31T00:00:00",
      "quarter_label": "2021-03 (Q1)",
      "revenue": 23994004,
      "gross_profit": 6002921,
      "operating_income": 2325460,
      "net_income": 3143417,
      "opex": 3677461,
      "cogs": 17991083,
      "rd": null,
      "sga": 3677461,
      "fcf": 1462358,
      "ocf": 1462358,
      "capex": null,
      "gross_margin": 0.2501842126891368,
      "op_margin": 0.09691838010863048,
      "fcf_margin": 0.06094680987800119,
      "op_leverage_ratio": 0.5740009521247438,
      "fcf_margin_change": -0.0994851889926687
    },
    {
      "date": "2021-06-30T00:00:00",
      "quarter_label": "2021-06 (Q2)",
      "revenue": 26449885,
      "gross_profit": 5780290,
      "operating_income": 2119797,
      "net_income": 1247305,
      "opex": 3660493,
      "cogs": 20669595,
      "rd": null,
      "sga": 3660493,
      "fcf": 1390402,
      "ocf": 1390402,
      "capex": null,
      "gross_margin": 0.218537434094704,
      "op_margin": 0.08014390232698554,
      "fcf_margin": 0.05256741191880419,
      "op_leverage_ratio": Infinity,
      "fcf_margin_change": -0.008379397959197003
    },
    {
      "date": "2021-09-30T00:00:00",
      "quarter_label": "2021-09 (Q3)",
      "revenue": 26397857,
      "gross_profit": 5397709,
      "operating_income": 1868781,
      "net_income": 1197877,
      "opex": 3528928,
      "cogs": 21000148,
      "rd": null,
      "sga": 3528928,
      "fcf": 1010044,
      "ocf": 1010044,
      "capex": null,
      "gross_margin": 0.20447527236775317,
      "op_margin": 0.07079290565139436,
      "fcf_margin": 0.03826234834138241,
      "fcf_margin_change": -0.014305063577421777
    },
    {
      "date": "2021-12-31T00:00:00",
      "quarter_label": "2021-12 (Q4)",
      "revenue": 27320481,
      "gross_profit": 4371546,
      "operating_income": 676214,
      "net_income": 64698,
      "opex": 3695332,
      "cogs": 22588939,
      "rd": null,
      "sga": 4055329,
      "fcf": -2082204,
      "ocf": -2082204,
      "capex": null,
      "gross_margin": 0.16000984755722272,
      "op_margin": 0.024751174768848323,
      "fcf_margin": -0.07621403151723427,
      "incr_op_margin_yoy": -0.13282998535173438,
      "rev_growth_yoy": 0.3705509111319232,
      "op_leverage_ratio": 0.7411994898518895,
      "fcf_margin_change": -0.11447637985861668
    },
    {
      "date": "2022-03-31T00:00:00",
      "quarter_label": "2022-03 (Q1)",
      "revenue": 31002746,
      "gross_profit": 6366405,
      "operating_income": 1397321,
      "net_income": 1065875,
      "opex": 4969084,
      "cogs": 24636341,
      "rd": null,
      "sga": 4969084,
      "fcf": 2026727,
      "ocf": 2026727,
      "capex": null,
      "gross_margin": 0.20534971321572612,
      "op_margin": 0.045070878560241084,
      "fcf_margin": 0.06537249958439165,
      "incr_op_margin_yoy": -0.13242590467733012,
      "rev_growth_yoy": 0.29210389395617337,
      "rev_growth_yoy_accel": -0.07844701717574981,
      "op_leverage_ratio": 0.3910166788786856,
      "fcf_margin_change": 0.14158653110162592
    },
    {
      "date": "2022-06-30T00:00:00",
      "quarter_label": "2022-06 (Q2)",
      "revenue": 31902027,
      "gross_profit": 6768491,
      "operating_income": 2375527,
      "net_income": 1171264,
      "opex": 4392964,
      "cogs": 25133536,
      "rd": null,
      "sga": 4392964,
      "fcf": 2422494,
      "ocf": 2422494,
      "capex": null,
      "gross_margin": 0.21216491980274482,
      "op_margin": 0.07446319947005248,
      "fcf_margin": 0.07593542567060081,
      "incr_op_margin_yoy": 0.0469045010199661,
      "rev_growth_yoy": 0.20613102854700502,
      "rev_growth_yoy_accel": -0.08597286540916835,
      "op_leverage_ratio": Infinity,
      "fcf_margin_change": 0.010562926086209165
    },
    {
      "date": "2022-09-30T00:00:00",
      "quarter_label": "2022-09 (Q3)",
      "revenue": 32189623,
      "gross_profit": 6309803,
      "operating_income": 1999678,
      "net_income": 1254545,
      "opex": 4310125,
      "cogs": 25879820,
      "rd": null,
      "sga": 4310125,
      "fcf": 1720873,
      "ocf": 1720873,
      "capex": null,
      "gross_margin": 0.1960197856309159,
      "op_margin": 0.06212182106015967,
      "fcf_margin": 0.05346048942542757,
      "incr_op_margin_yoy": 0.022600533239775226,
      "rev_growth_yoy": 0.2194028856206017,
      "rev_growth_yoy_accel": 0.013271857073596682,
      "fcf_margin_change": -0.022474936245173244
    },
    {
      "date": "2022-12-31T00:00:00",
      "quarter_label": "2022-12 (Q4)",
      "revenue": 32660531,
      "gross_profit": 7588082,
      "operating_income": 2760946,
      "net_income": 3069719,
      "opex": 4827136,
      "cogs": 25072450,
      "rd": null,
      "sga": 4827136,
      "fcf": 1876305,
      "ocf": 1876305,
      "capex": null,
      "gross_margin": 0.23233186257749452,
      "op_margin": 0.08453463294886418,
      "fcf_margin": 0.057448698553002706,
      "incr_op_margin_yoy": 0.39039559554685815,
      "rev_growth_yoy": 0.1954595894559836,
      "rev_growth_yoy_accel": -0.0239432961646181,
      "op_leverage_ratio": 0.12195799064253117,
      "fcf_margin_change": 0.0039882091275751375
    },
    {
      "date": "2023-03-31T00:00:00",
      "quarter_label": "2023-03 (Q1)",
      "revenue": 39484356,
      "gross_profit": 10516552,
      "operating_income": 5119267,
      "net_income": 3391473,
      "opex": 5397285,
      "cogs": 28967804,
      "rd": null,
      "sga": 5397285,
      "fcf": 3716864,
      "ocf": 3716864,
      "capex": null,
      "gross_margin": 0.2663473098054328,
      "op_margin": 0.1296530453732106,
      "fcf_margin": 0.09413510505274544,
      "incr_op_margin_yoy": 0.4388254116848098,
      "rev_growth_yoy": 0.2735760890341778,
      "rev_growth_yoy_accel": 0.07811649957819419,
      "op_leverage_ratio": 1.7689102856807404,
      "fcf_margin_change": 0.03668640649974274
    },
    {
      "date": "2023-06-30T00:00:00",
      "quarter_label": "2023-06 (Q2)",
      "revenue": 36933015,
      "gross_profit": 10474878,
      "operating_income": 5152364,
      "net_income": 3851342,
      "opex": 5322514,
      "cogs": 26458137,
      "rd": null,
      "sga": 5322514,
      "fcf": 4505404,
      "ocf": 4505404,
      "capex": null,
      "gross_margin": 0.2836182748687049,
      "op_margin": 0.13950564285098305,
      "fcf_margin": 0.12198852435957368,
      "incr_op_margin_yoy": 0.5519466554084407,
      "rev_growth_yoy": 0.15770120187033884,
      "rev_growth_yoy_accel": -0.11587488716383895,
      "fcf_margin_change": 0.027853419306828234
    },
    {
      "date": "2023-09-30T00:00:00",
      "quarter_label": "2023-09 (Q3)",
      "revenue": 33641513,
      "gross_profit": 8909332,
      "operating_income": 4296968,
      "net_income": 2814736,
      "opex": 4612364,
      "cogs": 24732181,
      "rd": null,
      "sga": 4612364,
      "fcf": 2748608,
      "ocf": 2748608,
      "capex": null,
      "gross_margin": 0.26483148959441866,
      "op_margin": 0.12772814349937234,
      "fcf_margin": 0.08170286514759309,
      "incr_op_margin_yoy": 1.582275516740249,
      "rev_growth_yoy": 0.04510428717975355,
      "rev_growth_yoy_accel": -0.11259691469058529,
      "fcf_margin_change": -0.04028565921198059
    },
    {
      "date": "2023-12-31T00:00:00",
      "quarter_label": "2023-12 (Q4)",
      "revenue": 33827050,
      "gross_profit": 7745321,
      "operating_income": 3363871,
      "net_income": 3237242,
      "opex": 4381450,
      "cogs": 26081729,
      "rd": null,
      "sga": 4381450,
      "fcf": 7820315,
      "ocf": 7820315,
      "capex": null,
      "gross_margin": 0.22896826652043262,
      "op_margin": 0.09944322664849581,
      "fcf_margin": 0.23118524967444692,
      "incr_op_margin_yoy": 0.5168582766332996,
      "rev_growth_yoy": 0.03571647380748341,
      "rev_growth_yoy_accel": -0.00938781337227014,
      "fcf_margin_change": 0.14948238452685383
    },
    {
      "date": "2024-03-31T00:00:00",
      "quarter_label": "2024-03 (Q1)",
      "revenue": 38439639,
      "gross_profit": 10245033,
      "operating_income": 4574090,
      "net_income": 2996885,
      "opex": 5670943,
      "cogs": 28194606,
      "rd": null,
      "sga": 5670943,
      "fcf": 2823528,
      "ocf": 2823528,
      "capex": null,
      "gross_margin": 0.26652261224409524,
      "op_margin": 0.118994093570962,
      "fcf_margin": 0.073453551423831,
      "incr_op_margin_yoy": 0.521841800219581,
      "rev_growth_yoy": -0.02645901075352476,
      "rev_growth_yoy_accel": -0.062175484561008174,
      "op_leverage_ratio": 0.4633183539095266,
      "fcf_margin_change": -0.15773169825061592
    },
    {
      "date": "2024-06-30T00:00:00",
      "quarter_label": "2024-06 (Q2)",
      "revenue": 37636088,
      "gross_profit": 10411315,
      "operating_income": 5116181,
      "net_income": 3283456,
      "opex": 5295134,
      "cogs": 27224773,
      "rd": null,
      "sga": 5295134,
      "fcf": 1182983,
      "ocf": 1182983,
      "capex": null,
      "gross_margin": 0.27663116846788116,
      "op_margin": 0.13593817189501736,
      "fcf_margin": 0.03143214565764646,
      "rev_growth_yoy": 0.019036436640767075,
      "rev_growth_yoy_accel": 0.04549544739429184,
      "fcf_margin_change": -0.042021405766184544
    },
    {
      "date": "2024-09-30T00:00:00",
      "quarter_label": "2024-09 (Q3)",
      "revenue": 36736228,
      "gross_profit": 10687652,
      "operating_income": 5258443,
      "net_income": 3369211,
      "opex": 5429209,
      "cogs": 26048576,
      "rd": null,
      "sga": 5429209,
      "fcf": 9317169,
      "ocf": 9317169,
      "capex": null,
      "gross_margin": 0.29092948791585244,
      "op_margin": 0.14314052602243213,
      "fcf_margin": 0.25362345312099,
      "incr_op_margin_yoy": 0.3106828900237986,
      "rev_growth_yoy": 0.09199095771941054,
      "rev_growth_yoy_accel": 0.07295452107864348,
      "fcf_margin_change": 0.22219130746334353
    },
    {
      "date": "2024-12-31T00:00:00",
      "quarter_label": "2024-12 (Q4)",
      "revenue": 37386329,
      "gross_profit": 10302098,
      "operating_income": 4742665,
      "net_income": 3948415,
      "opex": 5559433,
      "cogs": 27084233,
      "rd": null,
      "sga": 5559432,
      "fcf": 5740959,
      "ocf": 5740959,
      "capex": null,
      "gross_margin": 0.27555789176305595,
      "op_margin": 0.12685559472822272,
      "fcf_margin": 0.15355770822002876,
      "incr_op_margin_yoy": 0.3873801407532256,
      "rev_growth_yoy": 0.10521990537158872,
      "rev_growth_yoy_accel": 0.013228947652178177,
      "op_leverage_ratio": 0.7377883640179569,
      "fcf_margin_change": -0.10006574490096123
    },
    {
      "date": "2025-03-31T00:00:00",
      "quarter_label": "2025-03 (Q1)",
      "revenue": 43314111,
      "gross_profit": 12061622,
      "operating_income": 4892852,
      "net_income": 3131034,
      "opex": 7168770,
      "cogs": 31252489,
      "rd": null,
      "sga": 7168770,
      "fcf": 406186,
      "ocf": 406186,
      "capex": null,
      "gross_margin": 0.27846864962783147,
      "op_margin": 0.1129620783397817,
      "fcf_margin": 0.00937768294494143,
      "incr_op_margin_yoy": 0.06539415961359507,
      "rev_growth_yoy": 0.12680847497032946,
      "rev_growth_yoy_accel": 0.02158856959874074,
      "op_leverage_ratio": 0.5477254296158839,
      "fcf_margin_change": -0.14418002527508733
    },
    {
      "date": "2025-06-30T00:00:00",
      "quarter_label": "2025-06 (Q2)",
      "revenue": 46854462,
      "gross_profit": 14521728,
      "operating_income": 7330455,
      "net_income": 5129849,
      "opex": 7191273,
      "cogs": 32332734,
      "rd": null,
      "sga": 7191273,
      "fcf": 6809493,
      "ocf": 6809493,
      "capex": null,
      "gross_margin": 0.30993265913500406,
      "op_margin": 0.15645158832471495,
      "fcf_margin": 0.14533286072092771,
      "incr_op_margin_yoy": 0.2402022308923461,
      "rev_growth_yoy": 0.24493443633142742,
      "rev_growth_yoy_accel": 0.11812596136109796,
      "op_leverage_ratio": 26.038810610417197,
      "fcf_margin_change": 0.13595517777598629
    },
    {
      "date": "2025-09-30T00:00:00",
      "quarter_label": "2025-09 (Q3)",
      "revenue": 47173308,
      "gross_profit": 14293719,
      "operating_income": 7043891,
      "net_income": 5404032,
      "opex": 7249828,
      "cogs": 32879589,
      "rd": null,
      "sga": 7249828,
      "fcf": 5706052,
      "ocf": 5706052,
      "capex": null,
      "gross_margin": 0.3030043812064229,
      "op_margin": 0.14931942021110753,
      "fcf_margin": 0.12095933573282586,
      "incr_op_margin_yoy": 0.17106776991265757,
      "rev_growth_yoy": 0.2841086461026973,
      "rev_growth_yoy_accel": 0.0391742097712699,
      "fcf_margin_change": -0.024373524988101858
    }
  ],
  "signals": [
    {
      "quarter": "2025-06 (Q2)",
      "signal": "FCF MARGIN EXPANSION",
      "detail": "FCF margin: +0.9% -> +14.5% (+13.6%)",
      "severity": "MEDIUM"
    },
    {
      "quarter": "2025-06 (Q2)",
      "signal": "OPERATING LEVERAGE",
      "detail": "Rev growth +8.2% vs OpEx growth +0.3% (leverage: 26.0x)",
      "severity": "MEDIUM"
    },
    {
      "quarter": "2025-06 (Q2)",
      "signal": "YoY REVENUE GROWTH ACCELERATION",
      "detail": "YoY growth: +24.5% vs prior quarter YoY: +12.7% (accel: +11.8%)",
      "severity": "MEDIUM"
    },
    {
      "quarter": "2025-06 (Q2)",
      "signal": "INCREMENTAL MARGIN (YoY)",
      "detail": "YoY Incr OPM: +24.0% vs year-ago OPM: +13.6%",
      "severity": "MEDIUM"
    },
    {
      "quarter": "2024-12 (Q4)",
      "signal": "INCREMENTAL MARGIN (YoY)",
      "detail": "YoY Incr OPM: +38.7% vs year-ago OPM: +9.9%",
      "severity": "HIGH"
    },
    {
      "quarter": "2024-09 (Q3)",
      "signal": "FCF MARGIN EXPANSION",
      "detail": "FCF margin: +3.1% -> +25.4% (+22.2%)",
      "severity": "MEDIUM"
    },
    {
      "quarter": "2024-09 (Q3)",
      "signal": "YoY REVENUE GROWTH ACCELERATION",
      "detail": "YoY growth: +9.2% vs prior quarter YoY: +1.9% (accel: +7.3%)",
      "severity": "MEDIUM"
    },
    {
      "quarter": "2024-09 (Q3)",
      "signal": "INCREMENTAL MARGIN (YoY)",
      "detail": "YoY Incr OPM: +31.1% vs year-ago OPM: +12.8%",
      "severity": "MEDIUM"
    },
    {
      "quarter": "2024-03 (Q1)",
      "signal": "GROSS MARGIN INFLECTION",
      "detail": "GM: +26.5% -> +22.9% -> +26.7% (reversal +3.8%)",
      "severity": "MEDIUM"
    },
    {
      "quarter": "2024-03 (Q1)",
      "signal": "YoY REVENUE GROWTH DECELERATION",
      "detail": "YoY growth: -2.6% vs prior quarter YoY: +3.6% (decel: -6.2%)",
      "severity": "WARNING"
    },
    {
      "quarter": "2024-03 (Q1)",
      "signal": "INCREMENTAL MARGIN (YoY)",
      "detail": "YoY Incr OPM: +52.2% vs year-ago OPM: +13.0%",
      "severity": "HIGH"
    },
    {
      "quarter": "2023-12 (Q4)",
      "signal": "FCF MARGIN EXPANSION",
      "detail": "FCF margin: +8.2% -> +23.1% (+14.9%)",
      "severity": "MEDIUM"
    },
    {
      "quarter": "2023-12 (Q4)",
      "signal": "INCREMENTAL MARGIN (YoY)",
      "detail": "YoY Incr OPM: +51.7% vs year-ago OPM: +8.5%",
      "severity": "HIGH"
    },
    {
      "quarter": "2023-09 (Q3)",
      "signal": "YoY REVENUE GROWTH DECELERATION",
      "detail": "YoY growth: +4.5% vs prior quarter YoY: +15.8% (decel: -11.3%)",
      "severity": "WARNING"
    },
    {
      "quarter": "2023-09 (Q3)",
      "signal": "INCREMENTAL MARGIN (YoY)",
      "detail": "YoY Incr OPM: +158.2% vs year-ago OPM: +6.2%",
      "severity": "HIGH"
    },
    {
      "quarter": "2023-06 (Q2)",
      "signal": "YoY REVENUE GROWTH DECELERATION",
      "detail": "YoY growth: +15.8% vs prior quarter YoY: +27.4% (decel: -11.6%)",
      "severity": "WARNING"
    },
    {
      "quarter": "2023-06 (Q2)",
      "signal": "INCREMENTAL MARGIN (YoY)",
      "detail": "YoY Incr OPM: +55.2% vs year-ago OPM: +7.4%",
      "severity": "HIGH"
    },
    {
      "quarter": "2023-03 (Q1)",
      "signal": "OPERATING LEVERAGE",
      "detail": "Rev growth +20.9% vs OpEx growth +11.8% (leverage: 1.8x)",
      "severity": "MEDIUM"
    },
    {
      "quarter": "2023-03 (Q1)",
      "signal": "YoY REVENUE GROWTH ACCELERATION",
      "detail": "YoY growth: +27.4% vs prior quarter YoY: +19.5% (accel: +7.8%)",
      "severity": "MEDIUM"
    },
    {
      "quarter": "2023-03 (Q1)",
      "signal": "INCREMENTAL MARGIN (YoY)",
      "detail": "YoY Incr OPM: +43.9% vs year-ago OPM: +4.5%",
      "severity": "HIGH"
    },
    {
      "quarter": "2022-12 (Q4)",
      "signal": "GROSS MARGIN INFLECTION",
      "detail": "GM: +21.2% -> +19.6% -> +23.2% (reversal +3.6%)",
      "severity": "MEDIUM"
    },
    {
      "quarter": "2022-12 (Q4)",
      "signal": "INCREMENTAL MARGIN (YoY)",
      "detail": "YoY Incr OPM: +39.0% vs year-ago OPM: +2.5%",
      "severity": "HIGH"
    },
    {
      "quarter": "2022-06 (Q2)",
      "signal": "YoY REVENUE GROWTH DECELERATION",
      "detail": "YoY growth: +20.6% vs prior quarter YoY: +29.2% (decel: -8.6%)",
      "severity": "WARNING"
    },
    {
      "quarter": "2022-03 (Q1)",
      "signal": "FCF TURNED POSITIVE",
      "detail": "FCF margin: -7.6% -> +6.5%",
      "severity": "HIGH"
    },
    {
      "quarter": "2022-03 (Q1)",
      "signal": "GROSS MARGIN INFLECTION",
      "detail": "GM: +20.4% -> +16.0% -> +20.5% (reversal +4.5%)",
      "severity": "MEDIUM"
    },
    {
      "quarter": "2022-03 (Q1)",
      "signal": "YoY REVENUE GROWTH DECELERATION",
      "detail": "YoY growth: +29.2% vs prior quarter YoY: +37.1% (decel: -7.8%)",
      "severity": "WARNING"
    }
  ],
  "data_quality": {
    "n_quarters": 20,
    "coverage": {
      "revenue": [
        20,
        20
      ],
      "gross_profit": [
        20,
        20
      ],
      "op_income": [
        20,
        20
      ],
      "fcf": [
        20,
        20
      ]
    },
    "gaps": [],
    "warnings": []
  },
  "market_cap": null,
  "source": "SEC EDGAR",
  "last_updated": "2026-02-02T22:47:44.030887"
}