{
  "ticker": "CRCT",
  "name": "Cricut, Inc.",
  "quarters": [
    {
      "date": "2020-12-31T00:00:00",
      "quarter_label": "2020-12 (Q4)",
      "revenue": 370966000,
      "gross_profit": 124749000,
      "operating_income": 79584000,
      "net_income": 61448000,
      "opex": 45165000,
      "cogs": 246217000,
      "rd": 11146000,
      "sga": null,
      "fcf": 60824000,
      "ocf": 60824000,
      "capex": null,
      "gross_margin": 0.33628149210439773,
      "op_margin": 0.21453178997536163,
      "fcf_margin": 0.16396111773046587
    },
    {
      "date": "2021-03-31T00:00:00",
      "quarter_label": "2021-03 (Q1)",
      "revenue": 323822000,
      "gross_profit": 120270000,
      "operating_income": 64664000,
      "net_income": 49418000,
      "opex": 55606000,
      "cogs": 203552000,
      "rd": 15698000,
      "sga": null,
      "fcf": -21963000,
      "ocf": -21963000,
      "capex": null,
      "gross_margin": 0.3714077487014471,
      "op_margin": 0.1996899531223944,
      "fcf_margin": -0.06782429853438,
      "fcf_margin_change": -0.2317854162648459
    },
    {
      "date": "2021-06-30T00:00:00",
      "quarter_label": "2021-06 (Q2)",
      "revenue": 334493000,
      "gross_profit": 130295000,
      "operating_income": 64152000,
      "net_income": 49126000,
      "opex": 66143000,
      "cogs": 204198000,
      "rd": 20606000,
      "sga": null,
      "fcf": -32032000,
      "ocf": -32032000,
      "capex": null,
      "gross_margin": 0.38952982573626355,
      "op_margin": 0.19178876688002439,
      "fcf_margin": -0.09576284107589696,
      "op_leverage_ratio": 0.17390154660947815,
      "fcf_margin_change": -0.027938542541516953
    },
    {
      "date": "2021-09-30T00:00:00",
      "quarter_label": "2021-09 (Q3)",
      "revenue": 260086000,
      "gross_profit": 102063000,
      "operating_income": 37748000,
      "net_income": 30005000,
      "opex": 64315000,
      "cogs": 158023000,
      "rd": 20531000,
      "sga": null,
      "fcf": -77798000,
      "ocf": -77798000,
      "capex": null,
      "gross_margin": 0.3924201994724822,
      "op_margin": 0.14513660866021239,
      "fcf_margin": -0.2991241358627531,
      "fcf_margin_change": -0.20336129478685616
    },
    {
      "date": "2021-12-31T00:00:00",
      "quarter_label": "2021-12 (Q4)",
      "revenue": 387826000,
      "gross_profit": 104822000,
      "operating_income": 25841000,
      "net_income": 11924000,
      "opex": 78981000,
      "cogs": 283004000,
      "rd": 22979000,
      "sga": null,
      "fcf": 26844000,
      "ocf": 26844000,
      "capex": null,
      "gross_margin": 0.27028100230515745,
      "op_margin": 0.06663039610546997,
      "fcf_margin": 0.06921660744766983,
      "incr_op_margin_yoy": -3.187603795966785,
      "rev_growth_yoy": 0.045448909064442565,
      "op_leverage_ratio": 2.1538255755052056,
      "fcf_margin_change": 0.36834074331042294
    },
    {
      "date": "2022-03-31T00:00:00",
      "quarter_label": "2022-03 (Q1)",
      "revenue": 244783000,
      "gross_profit": 99020000,
      "operating_income": 31407000,
      "net_income": 23504000,
      "opex": 67613000,
      "cogs": 145763000,
      "rd": 20530000,
      "sga": null,
      "fcf": 15579000,
      "ocf": 15579000,
      "capex": null,
      "gross_margin": 0.4045215558269978,
      "op_margin": 0.12830547873014056,
      "fcf_margin": 0.06364412561329831,
      "incr_op_margin_yoy": 0.42076696314477663,
      "rev_growth_yoy": -0.2440816250903274,
      "rev_growth_yoy_accel": -0.28953053415477,
      "fcf_margin_change": -0.0055724818343715204
    },
    {
      "date": "2022-06-30T00:00:00",
      "quarter_label": "2022-06 (Q2)",
      "revenue": 183757000,
      "gross_profit": 85428000,
      "operating_income": 20029000,
      "net_income": 13827000,
      "opex": 65399000,
      "cogs": 98329000,
      "rd": 20055000,
      "sga": null,
      "fcf": -2573000,
      "ocf": -2573000,
      "capex": null,
      "gross_margin": 0.4648965753685574,
      "op_margin": 0.10899720826961694,
      "fcf_margin": -0.014002187671762164,
      "incr_op_margin_yoy": 0.29271706825177796,
      "rev_growth_yoy": -0.45064022266534726,
      "rev_growth_yoy_accel": -0.20655859757501985,
      "fcf_margin_change": -0.07764631328506047
    },
    {
      "date": "2022-09-30T00:00:00",
      "quarter_label": "2022-09 (Q3)",
      "revenue": 176996000,
      "gross_profit": 81834000,
      "operating_income": 17421000,
      "net_income": 12444000,
      "opex": 64413000,
      "cogs": 95162000,
      "rd": 18747000,
      "sga": null,
      "fcf": -12376000,
      "ocf": -12376000,
      "capex": null,
      "gross_margin": 0.46234943162557346,
      "op_margin": 0.09842595312888427,
      "fcf_margin": -0.06992248412393501,
      "incr_op_margin_yoy": 0.24463834396437598,
      "rev_growth_yoy": -0.31947125181670677,
      "rev_growth_yoy_accel": 0.1311689708486405,
      "fcf_margin_change": -0.05592029645217284
    },
    {
      "date": "2022-12-31T00:00:00",
      "quarter_label": "2022-12 (Q4)",
      "revenue": 280760000,
      "gross_profit": 83611000,
      "operating_income": 11096000,
      "net_income": 10891000,
      "opex": 72515000,
      "cogs": 197149000,
      "rd": 17582000,
      "sga": null,
      "fcf": 117053000,
      "ocf": 117053000,
      "capex": null,
      "gross_margin": 0.29780239350334803,
      "op_margin": 0.03952129933038894,
      "fcf_margin": 0.4169148026784442,
      "incr_op_margin_yoy": 0.1377187902788934,
      "rev_growth_yoy": -0.2760671022571978,
      "rev_growth_yoy_accel": 0.04340414955950894,
      "op_leverage_ratio": 4.660843720406128,
      "fcf_margin_change": 0.48683728680237925
    },
    {
      "date": "2023-03-31T00:00:00",
      "quarter_label": "2023-03 (Q1)",
      "revenue": 181227000,
      "gross_profit": 76666000,
      "operating_income": 10529000,
      "net_income": 9099000,
      "opex": 66137000,
      "cogs": 104561000,
      "rd": 17801000,
      "sga": null,
      "fcf": 95169000,
      "ocf": 95169000,
      "capex": null,
      "gross_margin": 0.42303850971433615,
      "op_margin": 0.05809840697026381,
      "fcf_margin": 0.5251369828998991,
      "incr_op_margin_yoy": 0.32849770281326707,
      "rev_growth_yoy": -0.25964221371582175,
      "rev_growth_yoy_accel": 0.01642488854137608,
      "fcf_margin_change": 0.10822218022145486
    },
    {
      "date": "2023-06-30T00:00:00",
      "quarter_label": "2023-06 (Q2)",
      "revenue": 177765000,
      "gross_profit": 87655000,
      "operating_income": 19250000,
      "net_income": 16024000,
      "opex": 68405000,
      "cogs": 90110000,
      "rd": 16346000,
      "sga": null,
      "fcf": 64443000,
      "ocf": 64443000,
      "capex": null,
      "gross_margin": 0.49309481618991363,
      "op_margin": 0.10828903327426659,
      "fcf_margin": 0.3625179309762889,
      "incr_op_margin_yoy": 0.13000667556742324,
      "rev_growth_yoy": -0.032608281589272786,
      "rev_growth_yoy_accel": 0.22703393212654896,
      "fcf_margin_change": -0.16261905192361015
    },
    {
      "date": "2023-09-30T00:00:00",
      "quarter_label": "2023-09 (Q3)",
      "revenue": 174909000,
      "gross_profit": 81934000,
      "operating_income": 23687000,
      "net_income": 17225000,
      "opex": 58247000,
      "cogs": 92975000,
      "rd": 15910000,
      "sga": null,
      "fcf": 36414000,
      "ocf": 36414000,
      "capex": null,
      "gross_margin": 0.4684378734084581,
      "op_margin": 0.1354247065616978,
      "fcf_margin": 0.20818825789410494,
      "incr_op_margin_yoy": -3.0023957834211785,
      "rev_growth_yoy": -0.011791226920382382,
      "rev_growth_yoy_accel": 0.020817054668890403,
      "fcf_margin_change": -0.15432967308218398
    },
    {
      "date": "2023-12-31T00:00:00",
      "quarter_label": "2023-12 (Q4)",
      "revenue": 231246000,
      "gross_profit": 97038000,
      "operating_income": 16519000,
      "net_income": 11288000,
      "opex": 80519000,
      "cogs": 134208000,
      "rd": 14991000,
      "sga": null,
      "fcf": 92071000,
      "ocf": 92071000,
      "capex": null,
      "gross_margin": 0.419631042266677,
      "op_margin": 0.07143474914160677,
      "fcf_margin": 0.3981517518140854,
      "incr_op_margin_yoy": -0.10952457890697581,
      "rev_growth_yoy": -0.1763570309160849,
      "rev_growth_yoy_accel": -0.16456580399570253,
      "op_leverage_ratio": 0.842356446688485,
      "fcf_margin_change": 0.18996349391998046
    },
    {
      "date": "2024-03-31T00:00:00",
      "quarter_label": "2024-03 (Q1)",
      "revenue": 167392000,
      "gross_profit": 91594000,
      "operating_income": 25205000,
      "net_income": 19647000,
      "opex": 66389000,
      "cogs": 75798000,
      "rd": 14853000,
      "sga": null,
      "fcf": 56688000,
      "ocf": 56688000,
      "capex": null,
      "gross_margin": 0.5471826610590709,
      "op_margin": 0.1505746989103422,
      "fcf_margin": 0.338654177021602,
      "incr_op_margin_yoy": -1.0607878568847127,
      "rev_growth_yoy": -0.07634072185711842,
      "rev_growth_yoy_accel": 0.10001630905896648,
      "fcf_margin_change": -0.05949757479248341
    },
    {
      "date": "2024-06-30T00:00:00",
      "quarter_label": "2024-06 (Q2)",
      "revenue": 167947000,
      "gross_profit": 89840000,
      "operating_income": 26432000,
      "net_income": 19769000,
      "opex": 63408000,
      "cogs": 78107000,
      "rd": 14315000,
      "sga": null,
      "fcf": 34960000,
      "ocf": 34960000,
      "capex": null,
      "gross_margin": 0.5349306626495264,
      "op_margin": 0.1573829839175454,
      "fcf_margin": 0.20816090790547018,
      "incr_op_margin_yoy": -0.7315135465471583,
      "rev_growth_yoy": -0.05523021967203893,
      "rev_growth_yoy_accel": 0.02111050218507949,
      "fcf_margin_change": -0.13049326911613182
    },
    {
      "date": "2024-09-30T00:00:00",
      "quarter_label": "2024-09 (Q3)",
      "revenue": 167890000,
      "gross_profit": 77363000,
      "operating_income": 10596000,
      "net_income": 11488000,
      "opex": 66767000,
      "cogs": 90527000,
      "rd": 15240000,
      "sga": null,
      "fcf": 70237000,
      "ocf": 70237000,
      "capex": null,
      "gross_margin": 0.46079575912800047,
      "op_margin": 0.06311275239740306,
      "fcf_margin": 0.41835130144737626,
      "incr_op_margin_yoy": 1.865080495797122,
      "rev_growth_yoy": -0.04012943873671452,
      "rev_growth_yoy_accel": 0.01510078093532441,
      "fcf_margin_change": 0.21019039354190608
    },
    {
      "date": "2024-12-31T00:00:00",
      "quarter_label": "2024-12 (Q4)",
      "revenue": 209309000,
      "gross_profit": 93991000,
      "operating_income": 13877000,
      "net_income": 11926000,
      "opex": 80114000,
      "cogs": 115318000,
      "rd": 15991000,
      "sga": null,
      "fcf": 103083000,
      "ocf": 103083000,
      "capex": null,
      "gross_margin": 0.4490537912846557,
      "op_margin": 0.06629910801733323,
      "fcf_margin": 0.4924919616452231,
      "incr_op_margin_yoy": 0.12043579340839677,
      "rev_growth_yoy": -0.09486434359945685,
      "rev_growth_yoy_accel": -0.05473490486274233,
      "op_leverage_ratio": 1.2341074740222233,
      "fcf_margin_change": 0.07414066019784682
    },
    {
      "date": "2025-03-31T00:00:00",
      "quarter_label": "2025-03 (Q1)",
      "revenue": 162634000,
      "gross_profit": 98348000,
      "operating_income": 29341000,
      "net_income": 23914000,
      "opex": 69007000,
      "cogs": 64286000,
      "rd": 15657000,
      "sga": null,
      "fcf": 61166000,
      "ocf": 61166000,
      "capex": null,
      "gross_margin": 0.6047198002877627,
      "op_margin": 0.1804112301240823,
      "fcf_margin": 0.37609601928256087,
      "incr_op_margin_yoy": -0.8692728036990333,
      "rev_growth_yoy": -0.028424297457465112,
      "rev_growth_yoy_accel": 0.06644004614199174,
      "fcf_margin_change": -0.11639594236266221
    },
    {
      "date": "2025-06-30T00:00:00",
      "quarter_label": "2025-06 (Q2)",
      "revenue": 172112000,
      "gross_profit": 101539000,
      "operating_income": 30105000,
      "net_income": 24488000,
      "opex": 71434000,
      "cogs": 70573000,
      "rd": 16762000,
      "sga": null,
      "fcf": 36157000,
      "ocf": 36157000,
      "capex": null,
      "gross_margin": 0.5899588639955378,
      "op_margin": 0.174915171516222,
      "fcf_margin": 0.21007832109324162,
      "incr_op_margin_yoy": 0.8818727490996399,
      "rev_growth_yoy": 0.02479949031539712,
      "rev_growth_yoy_accel": 0.05322378777286223,
      "op_leverage_ratio": 1.6570237445452671,
      "fcf_margin_change": -0.16601769818931925
    },
    {
      "date": "2025-09-30T00:00:00",
      "quarter_label": "2025-09 (Q3)",
      "revenue": 170437000,
      "gross_profit": 94096000,
      "operating_income": 22651000,
      "net_income": 20512000,
      "opex": 71445000,
      "cogs": 76341000,
      "rd": 16865000,
      "sga": null,
      "fcf": 20475000,
      "ocf": 20475000,
      "capex": null,
      "gross_margin": 0.5520866947904505,
      "op_margin": 0.13289954645998228,
      "fcf_margin": 0.12013236562483498,
      "incr_op_margin_yoy": 4.733019238319591,
      "rev_growth_yoy": 0.015170647447733636,
      "rev_growth_yoy_accel": -0.009628842867663483,
      "fcf_margin_change": -0.08994595546840664
    }
  ],
  "signals": [
    {
      "quarter": "2025-09 (Q3)",
      "signal": "INCREMENTAL MARGIN (YoY)",
      "detail": "YoY Incr OPM: +473.3% vs year-ago OPM: +6.3%",
      "severity": "HIGH"
    },
    {
      "quarter": "2025-06 (Q2)",
      "signal": "OPERATING LEVERAGE",
      "detail": "Rev growth +5.8% vs OpEx growth +3.5% (leverage: 1.7x)",
      "severity": "MEDIUM"
    },
    {
      "quarter": "2025-06 (Q2)",
      "signal": "YoY REVENUE GROWTH ACCELERATION",
      "detail": "YoY growth: +2.5% vs prior quarter YoY: -2.8% (accel: +5.3%)",
      "severity": "MEDIUM"
    },
    {
      "quarter": "2025-06 (Q2)",
      "signal": "INCREMENTAL MARGIN (YoY)",
      "detail": "YoY Incr OPM: +88.2% vs year-ago OPM: +15.7%",
      "severity": "HIGH"
    },
    {
      "quarter": "2025-03 (Q1)",
      "signal": "GROSS MARGIN INFLECTION",
      "detail": "GM: +46.1% -> +44.9% -> +60.5% (reversal +15.6%)",
      "severity": "HIGH"
    },
    {
      "quarter": "2025-03 (Q1)",
      "signal": "YoY REVENUE GROWTH ACCELERATION",
      "detail": "YoY growth: -2.8% vs prior quarter YoY: -9.5% (accel: +6.6%)",
      "severity": "MEDIUM"
    },
    {
      "quarter": "2024-12 (Q4)",
      "signal": "FCF MARGIN EXPANSION",
      "detail": "FCF margin: +41.8% -> +49.2% (+7.4%)",
      "severity": "MEDIUM"
    },
    {
      "quarter": "2024-12 (Q4)",
      "signal": "YoY REVENUE GROWTH DECELERATION",
      "detail": "YoY growth: -9.5% vs prior quarter YoY: -4.0% (decel: -5.5%)",
      "severity": "WARNING"
    },
    {
      "quarter": "2024-09 (Q3)",
      "signal": "FCF MARGIN EXPANSION",
      "detail": "FCF margin: +20.8% -> +41.8% (+21.0%)",
      "severity": "MEDIUM"
    },
    {
      "quarter": "2024-09 (Q3)",
      "signal": "INCREMENTAL MARGIN (YoY)",
      "detail": "YoY Incr OPM: +186.5% vs year-ago OPM: +13.5%",
      "severity": "HIGH"
    },
    {
      "quarter": "2024-03 (Q1)",
      "signal": "GROSS MARGIN INFLECTION",
      "detail": "GM: +46.8% -> +42.0% -> +54.7% (reversal +12.8%)",
      "severity": "HIGH"
    },
    {
      "quarter": "2024-03 (Q1)",
      "signal": "YoY REVENUE GROWTH ACCELERATION",
      "detail": "YoY growth: -7.6% vs prior quarter YoY: -17.6% (accel: +10.0%)",
      "severity": "MEDIUM"
    },
    {
      "quarter": "2023-12 (Q4)",
      "signal": "FCF MARGIN EXPANSION",
      "detail": "FCF margin: +20.8% -> +39.8% (+19.0%)",
      "severity": "MEDIUM"
    },
    {
      "quarter": "2023-12 (Q4)",
      "signal": "YoY REVENUE GROWTH DECELERATION",
      "detail": "YoY growth: -17.6% vs prior quarter YoY: -1.2% (decel: -16.5%)",
      "severity": "WARNING"
    },
    {
      "quarter": "2023-06 (Q2)",
      "signal": "YoY REVENUE GROWTH ACCELERATION",
      "detail": "YoY growth: -3.3% vs prior quarter YoY: -26.0% (accel: +22.7%)",
      "severity": "HIGH"
    },
    {
      "quarter": "2023-03 (Q1)",
      "signal": "FCF MARGIN EXPANSION",
      "detail": "FCF margin: +41.7% -> +52.5% (+10.8%)",
      "severity": "MEDIUM"
    },
    {
      "quarter": "2023-03 (Q1)",
      "signal": "GROSS MARGIN INFLECTION",
      "detail": "GM: +46.2% -> +29.8% -> +42.3% (reversal +12.5%)",
      "severity": "HIGH"
    },
    {
      "quarter": "2023-03 (Q1)",
      "signal": "INCREMENTAL MARGIN (YoY)",
      "detail": "YoY Incr OPM: +32.8% vs year-ago OPM: +12.8%",
      "severity": "HIGH"
    },
    {
      "quarter": "2022-12 (Q4)",
      "signal": "FCF TURNED POSITIVE",
      "detail": "FCF margin: -7.0% -> +41.7%",
      "severity": "HIGH"
    },
    {
      "quarter": "2022-12 (Q4)",
      "signal": "OPERATING LEVERAGE",
      "detail": "Rev growth +58.6% vs OpEx growth +12.6% (leverage: 4.7x)",
      "severity": "MEDIUM"
    },
    {
      "quarter": "2022-09 (Q3)",
      "signal": "YoY REVENUE GROWTH ACCELERATION",
      "detail": "YoY growth: -31.9% vs prior quarter YoY: -45.1% (accel: +13.1%)",
      "severity": "MEDIUM"
    },
    {
      "quarter": "2022-06 (Q2)",
      "signal": "YoY REVENUE GROWTH DECELERATION",
      "detail": "YoY growth: -45.1% vs prior quarter YoY: -24.4% (decel: -20.7%)",
      "severity": "WARNING"
    },
    {
      "quarter": "2022-06 (Q2)",
      "signal": "INCREMENTAL MARGIN (YoY)",
      "detail": "YoY Incr OPM: +29.3% vs year-ago OPM: +19.2%",
      "severity": "MEDIUM"
    },
    {
      "quarter": "2022-03 (Q1)",
      "signal": "GROSS MARGIN INFLECTION",
      "detail": "GM: +39.2% -> +27.0% -> +40.5% (reversal +13.4%)",
      "severity": "HIGH"
    },
    {
      "quarter": "2022-03 (Q1)",
      "signal": "YoY REVENUE GROWTH DECELERATION",
      "detail": "YoY growth: -24.4% vs prior quarter YoY: +4.5% (decel: -29.0%)",
      "severity": "WARNING"
    },
    {
      "quarter": "2022-03 (Q1)",
      "signal": "INCREMENTAL MARGIN (YoY)",
      "detail": "YoY Incr OPM: +42.1% vs year-ago OPM: +20.0%",
      "severity": "HIGH"
    },
    {
      "quarter": "2021-12 (Q4)",
      "signal": "FCF TURNED POSITIVE",
      "detail": "FCF margin: -29.9% -> +6.9%",
      "severity": "HIGH"
    },
    {
      "quarter": "2021-12 (Q4)",
      "signal": "OPERATING LEVERAGE",
      "detail": "Rev growth +49.1% vs OpEx growth +22.8% (leverage: 2.2x)",
      "severity": "MEDIUM"
    }
  ],
  "data_quality": {
    "n_quarters": 20,
    "coverage": {
      "revenue": [
        20,
        20
      ],
      "gross_profit": [
        20,
        20
      ],
      "op_income": [
        20,
        20
      ],
      "fcf": [
        20,
        20
      ]
    },
    "gaps": [],
    "warnings": []
  },
  "market_cap": null,
  "source": "SEC EDGAR",
  "last_updated": "2026-02-02T22:03:17.436898",
  "sector": "Technology",
  "industry": "Computer Hardware"
}