{
  "ticker": "CRDO",
  "name": "Credo Technology Group Holding Ltd",
  "quarters": [
    {
      "date": "2021-01-31T00:00:00",
      "quarter_label": "2021-01 (Q1)",
      "revenue": 13458000,
      "gross_profit": 8071000,
      "operating_income": -4794000,
      "net_income": -5117000,
      "opex": 12865000,
      "cogs": 5387000,
      "rd": 6993000,
      "sga": 5872000,
      "fcf": null,
      "ocf": null,
      "capex": null,
      "gross_margin": 0.5997176400653886,
      "op_margin": -0.35621934908604547,
      "fcf_margin": null
    },
    {
      "date": "2021-04-30T00:00:00",
      "quarter_label": "2021-04 (Q2)",
      "revenue": 19750000,
      "gross_profit": 13364000,
      "operating_income": -1910000,
      "net_income": -3086000,
      "opex": 15274000,
      "cogs": 6386000,
      "rd": 8209000,
      "sga": 7065000,
      "fcf": -11036000,
      "ocf": -11512000,
      "capex": 476000,
      "gross_margin": 0.6766582278481013,
      "op_margin": -0.09670886075949367,
      "fcf_margin": -0.5587848101265823,
      "op_leverage_ratio": 2.4967851954092253
    },
    {
      "date": "2021-07-31T00:00:00",
      "quarter_label": "2021-07 (Q3)",
      "revenue": 10724000,
      "gross_profit": 5180000,
      "operating_income": -11630000,
      "net_income": -12577000,
      "opex": 16810000,
      "cogs": 5544000,
      "rd": 9693000,
      "sga": 7117000,
      "fcf": -10288000,
      "ocf": -8949000,
      "capex": -1339000,
      "gross_margin": 0.4830287206266319,
      "op_margin": -1.0844834017157776,
      "fcf_margin": -0.9593435285341291,
      "fcf_margin_change": -0.40055871840754675
    },
    {
      "date": "2021-10-31T00:00:00",
      "quarter_label": "2021-10 (Q4)",
      "revenue": 26427000,
      "gross_profit": 15954000,
      "operating_income": -3554000,
      "net_income": -4100000,
      "opex": 19508000,
      "cogs": 10473000,
      "rd": 11800000,
      "sga": 7708000,
      "fcf": -29616000,
      "ocf": -25970000,
      "capex": -3646000,
      "gross_margin": 0.6037007605857646,
      "op_margin": -0.13448367200211905,
      "fcf_margin": -1.1206720399591328,
      "op_leverage_ratio": 9.123292385894313,
      "fcf_margin_change": -0.1613285114250037
    },
    {
      "date": "2022-01-31T00:00:00",
      "quarter_label": "2022-01 (Q1)",
      "revenue": 31800000,
      "gross_profit": 19112000,
      "operating_income": -451000,
      "net_income": -144000,
      "opex": 19563000,
      "cogs": 12688000,
      "rd": 10995000,
      "sga": 8568000,
      "fcf": -1220000,
      "ocf": 1727000,
      "capex": -2947000,
      "gross_margin": 0.6010062893081761,
      "op_margin": -0.014182389937106918,
      "fcf_margin": -0.038364779874213835,
      "incr_op_margin_yoy": 0.2367789772107731,
      "rev_growth_yoy": 1.3629068212215782,
      "op_leverage_ratio": 72.11390829626724,
      "fcf_margin_change": 1.0823072600849188
    },
    {
      "date": "2022-04-30T00:00:00",
      "quarter_label": "2022-04 (Q2)",
      "revenue": 37526000,
      "gross_profit": 23769000,
      "operating_income": -6333000,
      "net_income": -5355000,
      "opex": 30102000,
      "cogs": 13757000,
      "rd": 15461000,
      "sga": 11507000,
      "fcf": -7288000,
      "ocf": 2360000,
      "capex": -9648000,
      "gross_margin": 0.6334008420828225,
      "op_margin": -0.1687629909929116,
      "fcf_margin": -0.194212013004317,
      "incr_op_margin_yoy": -0.2488186318631863,
      "rev_growth_yoy": 0.9000506329113924,
      "rev_growth_yoy_accel": -0.4628561883101858,
      "op_leverage_ratio": 0.33424142493201353,
      "fcf_margin_change": -0.15584723313010318
    },
    {
      "date": "2022-07-30T00:00:00",
      "quarter_label": "2022-07 (Q3)",
      "revenue": 46467000,
      "gross_profit": 27663000,
      "operating_income": -218000,
      "net_income": -73000,
      "opex": 27881000,
      "cogs": 18804000,
      "rd": 16683000,
      "sga": 11198000,
      "fcf": -17477000,
      "ocf": -12219000,
      "capex": -5258000,
      "gross_margin": 0.5953257150235651,
      "op_margin": -0.00469150149568511,
      "fcf_margin": -0.3761163836701315,
      "incr_op_margin_yoy": 0.3192792994432476,
      "rev_growth_yoy": 3.3329914211115255,
      "rev_growth_yoy_accel": 2.432940788200133,
      "op_leverage_ratio": Infinity,
      "fcf_margin_change": -0.1819043706658145
    },
    {
      "date": "2022-10-29T00:00:00",
      "quarter_label": "2022-10 (Q4)",
      "revenue": 51369000,
      "gross_profit": 27959000,
      "operating_income": -1739000,
      "net_income": -3360000,
      "opex": 29698000,
      "cogs": 23410000,
      "rd": 18158000,
      "sga": 11540000,
      "fcf": -3910000,
      "ocf": 1757000,
      "capex": -5667000,
      "gross_margin": 0.5442776771983102,
      "op_margin": -0.03385310206544803,
      "fcf_margin": -0.07611594541454964,
      "incr_op_margin_yoy": 0.07276882367091653,
      "rev_growth_yoy": 0.9438074696333295,
      "rev_growth_yoy_accel": -2.389183951478196,
      "op_leverage_ratio": 1.618758610554411,
      "fcf_margin_change": 0.30000043825558187
    },
    {
      "date": "2023-01-28T00:00:00",
      "quarter_label": "2023-01 (Q1)",
      "revenue": 54270000,
      "gross_profit": 31987000,
      "operating_income": -2886000,
      "net_income": 2823000,
      "opex": 34873000,
      "cogs": 22283000,
      "rd": 20530000,
      "sga": 11936000,
      "fcf": -9204000,
      "ocf": -2314000,
      "capex": -6890000,
      "gross_margin": 0.5894048277132854,
      "op_margin": -0.053178551686014375,
      "fcf_margin": -0.16959646213377558,
      "incr_op_margin_yoy": -0.10836671117044949,
      "rev_growth_yoy": 0.7066037735849057,
      "rev_growth_yoy_accel": -0.23720369604842384,
      "op_leverage_ratio": 0.3240883846655387,
      "fcf_margin_change": -0.09348051671922594
    },
    {
      "date": "2023-04-29T00:00:00",
      "quarter_label": "2023-04 (Q2)",
      "revenue": 32088000,
      "gross_profit": 18585000,
      "operating_income": -16392000,
      "net_income": -15937000,
      "opex": 34977000,
      "cogs": 13503000,
      "rd": 21403000,
      "sga": 13574000,
      "fcf": -15737000,
      "ocf": -11839000,
      "capex": -3898000,
      "gross_margin": 0.5791884816753927,
      "op_margin": -0.5108451757666418,
      "fcf_margin": -0.49043256045873845,
      "incr_op_margin_yoy": 1.8497609415226186,
      "rev_growth_yoy": -0.1449128604167777,
      "rev_growth_yoy_accel": -0.8515166340016833,
      "fcf_margin_change": -0.32083609832496285
    },
    {
      "date": "2023-07-29T00:00:00",
      "quarter_label": "2023-07 (Q3)",
      "revenue": 35095000,
      "gross_profit": 20790000,
      "operating_income": -14391000,
      "net_income": -11697000,
      "opex": 35181000,
      "cogs": 14305000,
      "rd": 22638000,
      "sga": 12543000,
      "fcf": 19296000,
      "ocf": 24608000,
      "capex": -5312000,
      "gross_margin": 0.5923920786436815,
      "op_margin": -0.41005841287932754,
      "fcf_margin": 0.5498219119532697,
      "incr_op_margin_yoy": 1.246306718255364,
      "rev_growth_yoy": -0.24473282114188563,
      "rev_growth_yoy_accel": -0.09981996072510793,
      "op_leverage_ratio": 16.06730984278528,
      "fcf_margin_change": 1.0402544724120082
    },
    {
      "date": "2023-10-28T00:00:00",
      "quarter_label": "2023-10 (Q4)",
      "revenue": 44035000,
      "gross_profit": 26117000,
      "operating_income": -8875000,
      "net_income": -6623000,
      "opex": 34992000,
      "cogs": 17918000,
      "rd": 21736000,
      "sga": 13256000,
      "fcf": 2963000,
      "ocf": 5008000,
      "capex": -2045000,
      "gross_margin": 0.5930964005904394,
      "op_margin": -0.2015442261837175,
      "fcf_margin": 0.06728738503463154,
      "incr_op_margin_yoy": 0.9730024543223343,
      "rev_growth_yoy": -0.142770931884989,
      "rev_growth_yoy_accel": 0.10196188925689664,
      "op_leverage_ratio": Infinity,
      "fcf_margin_change": -0.48253452691863813
    },
    {
      "date": "2024-01-27T00:00:00",
      "quarter_label": "2024-01 (Q1)",
      "revenue": 53058000,
      "gross_profit": 32558000,
      "operating_income": -5911000,
      "net_income": 428000,
      "opex": 38469000,
      "cogs": 20500000,
      "rd": 24236000,
      "sga": 14233000,
      "fcf": -6136000,
      "ocf": -1036000,
      "capex": -5100000,
      "gross_margin": 0.6136303667684421,
      "op_margin": -0.11140638546496287,
      "fcf_margin": -0.115647027780919,
      "incr_op_margin_yoy": 2.495874587458746,
      "rev_growth_yoy": -0.022332780541735767,
      "rev_growth_yoy_accel": 0.12043815134325322,
      "op_leverage_ratio": 2.0621347067538736,
      "fcf_margin_change": -0.18293441281555053
    },
    {
      "date": "2024-04-27T00:00:00",
      "quarter_label": "2024-04 (Q2)",
      "revenue": 60782000,
      "gross_profit": 39966000,
      "operating_income": -7881000,
      "net_income": -10477000,
      "opex": 47847000,
      "cogs": 20816000,
      "rd": 26921000,
      "sga": 20161000,
      "fcf": 962000,
      "ocf": 4157000,
      "capex": -3195000,
      "gross_margin": 0.6575301898588398,
      "op_margin": -0.1296600967391662,
      "fcf_margin": 0.015827054062057845,
      "incr_op_margin_yoy": 0.29661253223670453,
      "rev_growth_yoy": 0.8942283719770631,
      "rev_growth_yoy_accel": 0.9165611525187989,
      "op_leverage_ratio": 0.5971618547932204,
      "fcf_margin_change": 0.13147408184297685
    },
    {
      "date": "2024-08-03T00:00:00",
      "quarter_label": "2024-08 (Q3)",
      "revenue": 59714000,
      "gross_profit": 37283000,
      "operating_income": -14451000,
      "net_income": -9540000,
      "opex": 51734000,
      "cogs": 22431000,
      "rd": 30409000,
      "sga": 21325000,
      "fcf": -13099000,
      "ocf": -7236000,
      "capex": -5863000,
      "gross_margin": 0.6243594466959173,
      "op_margin": -0.24200355025622133,
      "fcf_margin": -0.21936229359949092,
      "incr_op_margin_yoy": -0.0024371420447621755,
      "rev_growth_yoy": 0.7014959395925345,
      "rev_growth_yoy_accel": -0.19273243238452853,
      "fcf_margin_change": -0.23518934766154875
    },
    {
      "date": "2024-11-02T00:00:00",
      "quarter_label": "2024-11 (Q4)",
      "revenue": 72034000,
      "gross_profit": 45512000,
      "operating_income": -8407000,
      "net_income": -4225000,
      "opex": 53919000,
      "cogs": 26522000,
      "rd": 31742000,
      "sga": 22177000,
      "fcf": -11663000,
      "ocf": 10285000,
      "capex": -21948000,
      "gross_margin": 0.6318127550878752,
      "op_margin": -0.11670877641113918,
      "fcf_margin": -0.16190965377460645,
      "incr_op_margin_yoy": 0.01671488267438123,
      "rev_growth_yoy": 0.6358351311456796,
      "rev_growth_yoy_accel": -0.06566080844685496,
      "op_leverage_ratio": 4.884939186476132,
      "fcf_margin_change": 0.057452639824884466
    },
    {
      "date": "2025-02-01T00:00:00",
      "quarter_label": "2025-02 (Q1)",
      "revenue": 135002000,
      "gross_profit": 85926000,
      "operating_income": 26194000,
      "net_income": 29360000,
      "opex": 59732000,
      "cogs": 49076000,
      "rd": 36261000,
      "sga": 23471000,
      "fcf": -383000,
      "ocf": 4212000,
      "capex": -4595000,
      "gross_margin": 0.636479459563562,
      "op_margin": 0.19402675515918283,
      "fcf_margin": -0.0028369950074813707,
      "incr_op_margin_yoy": 0.39179195548179246,
      "rev_growth_yoy": 1.544423084172038,
      "rev_growth_yoy_accel": 0.9085879530263585,
      "op_leverage_ratio": 8.108189195842067,
      "fcf_margin_change": 0.1590726587671251
    },
    {
      "date": "2025-05-03T00:00:00",
      "quarter_label": "2025-05 (Q2)",
      "revenue": 170025000,
      "gross_profit": 114188000,
      "operating_income": 33788000,
      "net_income": 36588000,
      "opex": 80400000,
      "cogs": 55837000,
      "rd": 47582000,
      "sga": 31945000,
      "fcf": 54167000,
      "ocf": 57822000,
      "capex": -3655000,
      "gross_margin": 0.671595353624467,
      "op_margin": 0.1987237171004264,
      "fcf_margin": 0.31858256138803115,
      "incr_op_margin_yoy": 0.3814340506943237,
      "rev_growth_yoy": 1.7972919614359515,
      "rev_growth_yoy_accel": 0.2528688772639134,
      "op_leverage_ratio": 0.7497590993978407,
      "fcf_margin_change": 0.3214195563955125
    },
    {
      "date": "2025-08-02T00:00:00",
      "quarter_label": "2025-08 (Q3)",
      "revenue": 223074000,
      "gross_profit": 150368000,
      "operating_income": 60742000,
      "net_income": 63399000,
      "opex": 89626000,
      "cogs": 72706000,
      "rd": 52448000,
      "sga": 37178000,
      "fcf": 51347000,
      "ocf": 54168000,
      "capex": -2821000,
      "gross_margin": 0.6740722809471297,
      "op_margin": 0.2722952921452074,
      "fcf_margin": 0.230179223038095,
      "incr_op_margin_yoy": 0.4602901567091087,
      "rev_growth_yoy": 2.7357068694108584,
      "rev_growth_yoy_accel": 0.9384149079749069,
      "op_leverage_ratio": 2.7189862828922426,
      "fcf_margin_change": -0.08840333834993616
    },
    {
      "date": "2025-11-01T00:00:00",
      "quarter_label": "2025-11 (Q4)",
      "revenue": 268027000,
      "gross_profit": 181046000,
      "operating_income": 78796000,
      "net_income": 82636000,
      "opex": 102250000,
      "cogs": 86981000,
      "rd": 57916000,
      "sga": 44334000,
      "fcf": 38477000,
      "ocf": 61665000,
      "capex": -23188000,
      "gross_margin": 0.6754767243598593,
      "op_margin": 0.2939853074503688,
      "fcf_margin": 0.1435564327474471,
      "incr_op_margin_yoy": 0.44492915563310936,
      "rev_growth_yoy": 2.7208401588138935,
      "rev_growth_yoy_accel": -0.014866710596964872,
      "op_leverage_ratio": 1.4306939937906218,
      "fcf_margin_change": -0.0866227902906479
    }
  ],
  "signals": [
    {
      "quarter": "2025-11 (Q4)",
      "signal": "OP MARGIN TURNED POSITIVE (YoY)",
      "detail": "Op margin: -11.7% (year-ago) -> +29.4%",
      "severity": "HIGH"
    },
    {
      "quarter": "2025-08 (Q3)",
      "signal": "OPERATING LEVERAGE",
      "detail": "Rev growth +31.2% vs OpEx growth +11.5% (leverage: 2.7x)",
      "severity": "MEDIUM"
    },
    {
      "quarter": "2025-08 (Q3)",
      "signal": "YoY REVENUE GROWTH ACCELERATION",
      "detail": "YoY growth: +273.6% vs prior quarter YoY: +179.7% (accel: +93.8%)",
      "severity": "HIGH"
    },
    {
      "quarter": "2025-08 (Q3)",
      "signal": "OP MARGIN TURNED POSITIVE (YoY)",
      "detail": "Op margin: -24.2% (year-ago) -> +27.2%",
      "severity": "HIGH"
    },
    {
      "quarter": "2025-05 (Q2)",
      "signal": "FCF TURNED POSITIVE",
      "detail": "FCF margin: -0.3% -> +31.9%",
      "severity": "HIGH"
    },
    {
      "quarter": "2025-05 (Q2)",
      "signal": "YoY REVENUE GROWTH ACCELERATION",
      "detail": "YoY growth: +179.7% vs prior quarter YoY: +154.4% (accel: +25.3%)",
      "severity": "HIGH"
    },
    {
      "quarter": "2025-05 (Q2)",
      "signal": "OP MARGIN TURNED POSITIVE (YoY)",
      "detail": "Op margin: -13.0% (year-ago) -> +19.9%",
      "severity": "HIGH"
    },
    {
      "quarter": "2025-02 (Q1)",
      "signal": "FCF MARGIN EXPANSION",
      "detail": "FCF margin: -16.2% -> -0.3% (+15.9%)",
      "severity": "MEDIUM"
    },
    {
      "quarter": "2025-02 (Q1)",
      "signal": "OPERATING LEVERAGE",
      "detail": "Rev growth +87.4% vs OpEx growth +10.8% (leverage: 8.1x)",
      "severity": "MEDIUM"
    },
    {
      "quarter": "2025-02 (Q1)",
      "signal": "YoY REVENUE GROWTH ACCELERATION",
      "detail": "YoY growth: +154.4% vs prior quarter YoY: +63.6% (accel: +90.9%)",
      "severity": "HIGH"
    },
    {
      "quarter": "2025-02 (Q1)",
      "signal": "OP MARGIN TURNED POSITIVE (YoY)",
      "detail": "Op margin: -11.1% (year-ago) -> +19.4%",
      "severity": "HIGH"
    },
    {
      "quarter": "2025-02 (Q1)",
      "signal": "OP MARGIN TURNED POSITIVE (QoQ)",
      "detail": "Op margin: -11.7% -> +19.4%",
      "severity": "HIGH"
    },
    {
      "quarter": "2024-11 (Q4)",
      "signal": "FCF MARGIN EXPANSION",
      "detail": "FCF margin: -21.9% -> -16.2% (+5.7%)",
      "severity": "MEDIUM"
    },
    {
      "quarter": "2024-11 (Q4)",
      "signal": "OPERATING LEVERAGE",
      "detail": "Rev growth +20.6% vs OpEx growth +4.2% (leverage: 4.9x)",
      "severity": "MEDIUM"
    },
    {
      "quarter": "2024-11 (Q4)",
      "signal": "YoY REVENUE GROWTH DECELERATION",
      "detail": "YoY growth: +63.6% vs prior quarter YoY: +70.1% (decel: -6.6%)",
      "severity": "WARNING"
    },
    {
      "quarter": "2024-08 (Q3)",
      "signal": "YoY REVENUE GROWTH DECELERATION",
      "detail": "YoY growth: +70.1% vs prior quarter YoY: +89.4% (decel: -19.3%)",
      "severity": "WARNING"
    },
    {
      "quarter": "2024-04 (Q2)",
      "signal": "FCF TURNED POSITIVE",
      "detail": "FCF margin: -11.6% -> +1.6%",
      "severity": "HIGH"
    },
    {
      "quarter": "2024-04 (Q2)",
      "signal": "YoY REVENUE GROWTH ACCELERATION",
      "detail": "YoY growth: +89.4% vs prior quarter YoY: -2.2% (accel: +91.7%)",
      "severity": "HIGH"
    },
    {
      "quarter": "2024-01 (Q1)",
      "signal": "OPERATING LEVERAGE",
      "detail": "Rev growth +20.5% vs OpEx growth +9.9% (leverage: 2.1x)",
      "severity": "MEDIUM"
    },
    {
      "quarter": "2024-01 (Q1)",
      "signal": "YoY REVENUE GROWTH ACCELERATION",
      "detail": "YoY growth: -2.2% vs prior quarter YoY: -14.3% (accel: +12.0%)",
      "severity": "MEDIUM"
    },
    {
      "quarter": "2023-10 (Q4)",
      "signal": "YoY REVENUE GROWTH ACCELERATION",
      "detail": "YoY growth: -14.3% vs prior quarter YoY: -24.5% (accel: +10.2%)",
      "severity": "MEDIUM"
    },
    {
      "quarter": "2023-07 (Q3)",
      "signal": "FCF TURNED POSITIVE",
      "detail": "FCF margin: -49.0% -> +55.0%",
      "severity": "HIGH"
    },
    {
      "quarter": "2023-07 (Q3)",
      "signal": "OPERATING LEVERAGE",
      "detail": "Rev growth +9.4% vs OpEx growth +0.6% (leverage: 16.1x)",
      "severity": "MEDIUM"
    },
    {
      "quarter": "2023-07 (Q3)",
      "signal": "YoY REVENUE GROWTH DECELERATION",
      "detail": "YoY growth: -24.5% vs prior quarter YoY: -14.5% (decel: -10.0%)",
      "severity": "WARNING"
    },
    {
      "quarter": "2023-04 (Q2)",
      "signal": "YoY REVENUE GROWTH DECELERATION",
      "detail": "YoY growth: -14.5% vs prior quarter YoY: +70.7% (decel: -85.2%)",
      "severity": "WARNING"
    },
    {
      "quarter": "2023-01 (Q1)",
      "signal": "GROSS MARGIN INFLECTION",
      "detail": "GM: +59.5% -> +54.4% -> +58.9% (reversal +4.5%)",
      "severity": "MEDIUM"
    },
    {
      "quarter": "2023-01 (Q1)",
      "signal": "YoY REVENUE GROWTH DECELERATION",
      "detail": "YoY growth: +70.7% vs prior quarter YoY: +94.4% (decel: -23.7%)",
      "severity": "WARNING"
    },
    {
      "quarter": "2022-10 (Q4)",
      "signal": "FCF MARGIN EXPANSION",
      "detail": "FCF margin: -37.6% -> -7.6% (+30.0%)",
      "severity": "MEDIUM"
    },
    {
      "quarter": "2022-10 (Q4)",
      "signal": "OPERATING LEVERAGE",
      "detail": "Rev growth +10.5% vs OpEx growth +6.5% (leverage: 1.6x)",
      "severity": "MEDIUM"
    },
    {
      "quarter": "2022-10 (Q4)",
      "signal": "YoY REVENUE GROWTH DECELERATION",
      "detail": "YoY growth: +94.4% vs prior quarter YoY: +333.3% (decel: -238.9%)",
      "severity": "WARNING"
    },
    {
      "quarter": "2022-07 (Q3)",
      "signal": "YoY REVENUE GROWTH ACCELERATION",
      "detail": "YoY growth: +333.3% vs prior quarter YoY: +90.0% (accel: +243.3%)",
      "severity": "HIGH"
    },
    {
      "quarter": "2022-04 (Q2)",
      "signal": "GROSS MARGIN INFLECTION",
      "detail": "GM: +60.4% -> +60.1% -> +63.3% (reversal +3.2%)",
      "severity": "MEDIUM"
    },
    {
      "quarter": "2022-04 (Q2)",
      "signal": "YoY REVENUE GROWTH DECELERATION",
      "detail": "YoY growth: +90.0% vs prior quarter YoY: +136.3% (decel: -46.3%)",
      "severity": "WARNING"
    },
    {
      "quarter": "2022-01 (Q1)",
      "signal": "FCF MARGIN EXPANSION",
      "detail": "FCF margin: -112.1% -> -3.8% (+108.2%)",
      "severity": "MEDIUM"
    },
    {
      "quarter": "2022-01 (Q1)",
      "signal": "OPERATING LEVERAGE",
      "detail": "Rev growth +20.3% vs OpEx growth +0.3% (leverage: 72.1x)",
      "severity": "MEDIUM"
    },
    {
      "quarter": "2021-10 (Q4)",
      "signal": "OPERATING LEVERAGE",
      "detail": "Rev growth +146.4% vs OpEx growth +16.0% (leverage: 9.1x)",
      "severity": "MEDIUM"
    },
    {
      "quarter": "2021-10 (Q4)",
      "signal": "GROSS MARGIN INFLECTION",
      "detail": "GM: +67.7% -> +48.3% -> +60.4% (reversal +12.1%)",
      "severity": "HIGH"
    },
    {
      "quarter": "2021-04 (Q2)",
      "signal": "OPERATING LEVERAGE",
      "detail": "Rev growth +46.8% vs OpEx growth +18.7% (leverage: 2.5x)",
      "severity": "MEDIUM"
    }
  ],
  "data_quality": {
    "n_quarters": 20,
    "coverage": {
      "revenue": [
        20,
        20
      ],
      "gross_profit": [
        20,
        20
      ],
      "op_income": [
        20,
        20
      ],
      "fcf": [
        19,
        20
      ]
    },
    "gaps": [],
    "warnings": []
  },
  "market_cap": null,
  "source": "SEC EDGAR",
  "last_updated": "2026-02-02T20:15:01.181736",
  "sector": "Technology",
  "industry": "Semiconductors"
}