{
  "ticker": "CREX",
  "name": "CREATIVE REALITIES, INC.",
  "quarters": [
    {
      "date": "2020-12-31T00:00:00",
      "quarter_label": "2020-12 (Q4)",
      "revenue": 4990000,
      "gross_profit": 2253000,
      "operating_income": -1015000,
      "net_income": -617000,
      "opex": 3268000,
      "cogs": 2737000,
      "rd": 296000,
      "sga": null,
      "fcf": 649000,
      "ocf": 580000,
      "capex": 69000,
      "gross_margin": 0.45150300601202403,
      "op_margin": -0.20340681362725452,
      "fcf_margin": 0.13006012024048097
    },
    {
      "date": "2021-03-31T00:00:00",
      "quarter_label": "2021-03 (Q1)",
      "revenue": 5004000,
      "gross_profit": 2234000,
      "operating_income": -213000,
      "net_income": 1272000,
      "opex": 2447000,
      "cogs": 2770000,
      "rd": 171000,
      "sga": null,
      "fcf": -24000,
      "ocf": -21000,
      "capex": -3000,
      "gross_margin": 0.44644284572342124,
      "op_margin": -0.042565947242206234,
      "fcf_margin": -0.004796163069544364,
      "fcf_margin_change": -0.13485628331002533
    },
    {
      "date": "2021-06-30T00:00:00",
      "quarter_label": "2021-06 (Q2)",
      "revenue": 3277000,
      "gross_profit": 1875000,
      "operating_income": -411000,
      "net_income": 1025000,
      "opex": 2286000,
      "cogs": 1402000,
      "rd": 58000,
      "sga": null,
      "fcf": -349000,
      "ocf": -342000,
      "capex": -7000,
      "gross_margin": 0.5721696673787,
      "op_margin": -0.12541959108941106,
      "fcf_margin": -0.10649984742142203,
      "fcf_margin_change": -0.10170368435187767
    },
    {
      "date": "2021-09-30T00:00:00",
      "quarter_label": "2021-09 (Q3)",
      "revenue": 4753000,
      "gross_profit": 2347000,
      "operating_income": -404000,
      "net_income": -343000,
      "opex": 2751000,
      "cogs": 2406000,
      "rd": 226000,
      "sga": null,
      "fcf": -4000,
      "ocf": -4000,
      "capex": null,
      "gross_margin": 0.49379339364611824,
      "op_margin": -0.08499894803282138,
      "fcf_margin": -0.0008415737428992215,
      "op_leverage_ratio": 2.2142833236536172,
      "fcf_margin_change": 0.1056582736785228
    },
    {
      "date": "2021-12-31T00:00:00",
      "quarter_label": "2021-12 (Q4)",
      "revenue": 5403000,
      "gross_profit": 1901000,
      "operating_income": -1521000,
      "net_income": -1722000,
      "opex": 3422000,
      "cogs": 3502000,
      "rd": 95000,
      "sga": null,
      "fcf": 829000,
      "ocf": 838000,
      "capex": -9000,
      "gross_margin": 0.3518415694984268,
      "op_margin": -0.28151027207107165,
      "fcf_margin": 0.15343327780862484,
      "rev_growth_yoy": 0.08276553106212425,
      "op_leverage_ratio": 0.5606781253223707,
      "fcf_margin_change": 0.15427485155152407
    },
    {
      "date": "2022-03-31T00:00:00",
      "quarter_label": "2022-03 (Q1)",
      "revenue": 10757000,
      "gross_profit": 3892000,
      "operating_income": -1014000,
      "net_income": 2502000,
      "opex": 4906000,
      "cogs": 6865000,
      "rd": 241000,
      "sga": null,
      "fcf": 1191000,
      "ocf": 1201000,
      "capex": -10000,
      "gross_margin": 0.36181091382355673,
      "op_margin": -0.09426420005577764,
      "fcf_margin": 0.1107186018406619,
      "incr_op_margin_yoy": -0.13923170519728836,
      "rev_growth_yoy": 1.1496802557953638,
      "rev_growth_yoy_accel": 1.0669147247332396,
      "op_leverage_ratio": 2.285017358330926,
      "fcf_margin_change": -0.04271467596796294
    },
    {
      "date": "2022-06-30T00:00:00",
      "quarter_label": "2022-06 (Q2)",
      "revenue": 10923000,
      "gross_profit": 4662000,
      "operating_income": 30000,
      "net_income": 1262000,
      "opex": 4632000,
      "cogs": 6261000,
      "rd": 418000,
      "sga": null,
      "fcf": -1286000,
      "ocf": -1264000,
      "capex": -22000,
      "gross_margin": 0.4268058225762153,
      "op_margin": 0.0027464982147761604,
      "fcf_margin": -0.11773322347340474,
      "incr_op_margin_yoy": 0.057677216845409364,
      "rev_growth_yoy": 2.3332316142813547,
      "rev_growth_yoy_accel": 1.183551358485991,
      "op_leverage_ratio": Infinity,
      "fcf_margin_change": -0.22845182531406666
    },
    {
      "date": "2022-09-30T00:00:00",
      "quarter_label": "2022-09 (Q3)",
      "revenue": 11180000,
      "gross_profit": 4514000,
      "operating_income": -284000,
      "net_income": -554000,
      "opex": 4798000,
      "cogs": 6666000,
      "rd": 238000,
      "sga": null,
      "fcf": -1078000,
      "ocf": -987000,
      "capex": -91000,
      "gross_margin": 0.4037567084078712,
      "op_margin": -0.025402504472271915,
      "fcf_margin": -0.09642218246869409,
      "incr_op_margin_yoy": 0.018671230745293293,
      "rev_growth_yoy": 1.3521986114033242,
      "rev_growth_yoy_accel": -0.9810330028780305,
      "op_leverage_ratio": 0.6565255804872884,
      "fcf_margin_change": 0.02131104100471065
    },
    {
      "date": "2022-12-31T00:00:00",
      "quarter_label": "2022-12 (Q4)",
      "revenue": 10490000,
      "gross_profit": 4671000,
      "operating_income": -1212000,
      "net_income": -1334000,
      "opex": 5883000,
      "cogs": 5819000,
      "rd": 354000,
      "sga": null,
      "fcf": 316000,
      "ocf": 342000,
      "capex": -26000,
      "gross_margin": 0.44528122020972355,
      "op_margin": -0.11553860819828408,
      "fcf_margin": 0.030123927550047665,
      "incr_op_margin_yoy": 0.06074307057204639,
      "rev_growth_yoy": 0.9415139737183047,
      "rev_growth_yoy_accel": -0.4106846376850195,
      "fcf_margin_change": 0.12654611001874175
    },
    {
      "date": "2023-03-31T00:00:00",
      "quarter_label": "2023-03 (Q1)",
      "revenue": 9944000,
      "gross_profit": 5089000,
      "operating_income": -90000,
      "net_income": -1000000,
      "opex": 5179000,
      "cogs": 4855000,
      "rd": 366000,
      "sga": null,
      "fcf": 3837000,
      "ocf": 3868000,
      "capex": -31000,
      "gross_margin": 0.5117658889782783,
      "op_margin": -0.009050683829444892,
      "fcf_margin": 0.3858608205953339,
      "rev_growth_yoy": -0.0755786929441294,
      "rev_growth_yoy_accel": -1.017092666662434,
      "fcf_margin_change": 0.3557368930452862
    },
    {
      "date": "2023-06-30T00:00:00",
      "quarter_label": "2023-06 (Q2)",
      "revenue": 9196000,
      "gross_profit": 4298000,
      "operating_income": -700000,
      "net_income": -1425000,
      "opex": 4998000,
      "cogs": 4898000,
      "rd": 377000,
      "sga": null,
      "fcf": 2288000,
      "ocf": 2476000,
      "capex": -188000,
      "gross_margin": 0.46737712048716834,
      "op_margin": -0.07612005219660722,
      "fcf_margin": 0.24880382775119617,
      "incr_op_margin_yoy": 0.42269832078749275,
      "rev_growth_yoy": -0.1581067472306143,
      "rev_growth_yoy_accel": -0.0825280542864849,
      "fcf_margin_change": -0.13705699284413772
    },
    {
      "date": "2023-09-30T00:00:00",
      "quarter_label": "2023-09 (Q3)",
      "revenue": 11568000,
      "gross_profit": 5303000,
      "operating_income": 160000,
      "net_income": -1931000,
      "opex": 5143000,
      "cogs": 6265000,
      "rd": 393000,
      "sga": null,
      "fcf": 1894000,
      "ocf": 1962000,
      "capex": -68000,
      "gross_margin": 0.45841977869986167,
      "op_margin": 0.013831258644536652,
      "fcf_margin": 0.16372752420470263,
      "rev_growth_yoy": 0.034704830053667264,
      "rev_growth_yoy_accel": 0.19281157728428155,
      "op_leverage_ratio": 8.890864093833901,
      "fcf_margin_change": -0.08507630354649354
    },
    {
      "date": "2023-12-31T00:00:00",
      "quarter_label": "2023-12 (Q4)",
      "revenue": 14458000,
      "gross_profit": 7493000,
      "operating_income": 1976000,
      "net_income": 1419000,
      "opex": 5517000,
      "cogs": 6965000,
      "rd": 438000,
      "sga": null,
      "fcf": -3158000,
      "ocf": -3139000,
      "capex": -19000,
      "gross_margin": 0.518259786969152,
      "op_margin": 0.13667173882971365,
      "fcf_margin": -0.21842578503250795,
      "incr_op_margin_yoy": 0.8034274193548387,
      "rev_growth_yoy": 0.3782650142993327,
      "rev_growth_yoy_accel": 0.3435601842456654,
      "op_leverage_ratio": 3.4354567458820573,
      "fcf_margin_change": -0.3821533092372106
    },
    {
      "date": "2024-03-31T00:00:00",
      "quarter_label": "2024-03 (Q1)",
      "revenue": 12285000,
      "gross_profit": 5764000,
      "operating_income": -76000,
      "net_income": -109000,
      "opex": 5840000,
      "cogs": 6521000,
      "rd": 508000,
      "sga": null,
      "fcf": 1932000,
      "ocf": 1938000,
      "capex": -6000,
      "gross_margin": 0.46919006919006917,
      "op_margin": -0.006186406186406187,
      "fcf_margin": 0.15726495726495726,
      "incr_op_margin_yoy": 0.00598035027765912,
      "rev_growth_yoy": 0.23541834271922768,
      "rev_growth_yoy_accel": -0.142846671580105,
      "fcf_margin_change": 0.37569074229746524
    },
    {
      "date": "2024-06-30T00:00:00",
      "quarter_label": "2024-06 (Q2)",
      "revenue": 13115000,
      "gross_profit": 6788000,
      "operating_income": 592000,
      "net_income": -615000,
      "opex": 6196000,
      "cogs": 6327000,
      "rd": null,
      "sga": null,
      "fcf": 2266000,
      "ocf": 2268000,
      "capex": -2000,
      "gross_margin": 0.51757529546321,
      "op_margin": 0.045139153640869234,
      "fcf_margin": 0.1727792603888677,
      "incr_op_margin_yoy": 0.3296759377392192,
      "rev_growth_yoy": 0.426163549369291,
      "rev_growth_yoy_accel": 0.19074520665006334,
      "op_leverage_ratio": 1.10832155775976,
      "fcf_margin_change": 0.015514303123910445
    },
    {
      "date": "2024-09-30T00:00:00",
      "quarter_label": "2024-09 (Q3)",
      "revenue": 14442000,
      "gross_profit": 6589000,
      "operating_income": 1136000,
      "net_income": 54000,
      "opex": 5453000,
      "cogs": 7853000,
      "rd": null,
      "sga": null,
      "fcf": 543000,
      "ocf": 544000,
      "capex": -1000,
      "gross_margin": 0.4562387480958316,
      "op_margin": 0.07865946544799889,
      "fcf_margin": 0.03759867054424595,
      "incr_op_margin_yoy": 0.3395963813500348,
      "rev_growth_yoy": 0.24844398340248963,
      "rev_growth_yoy_accel": -0.17771956596680138,
      "op_leverage_ratio": Infinity,
      "fcf_margin_change": -0.13518058984462175
    },
    {
      "date": "2024-12-31T00:00:00",
      "quarter_label": "2024-12 (Q4)",
      "revenue": 11012000,
      "gross_profit": 4870000,
      "operating_income": -714000,
      "net_income": -2838000,
      "opex": 5584000,
      "cogs": 6142000,
      "rd": null,
      "sga": null,
      "fcf": -1371000,
      "ocf": -1369000,
      "capex": -2000,
      "gross_margin": 0.4422448238285507,
      "op_margin": -0.06483835815474029,
      "fcf_margin": -0.12450054486015256,
      "incr_op_margin_yoy": 0.7806152060359838,
      "rev_growth_yoy": -0.23834555263521925,
      "rev_growth_yoy_accel": -0.4867895360377089,
      "fcf_margin_change": -0.1620992154043985
    },
    {
      "date": "2025-03-31T00:00:00",
      "quarter_label": "2025-03 (Q1)",
      "revenue": 9734000,
      "gross_profit": 4453000,
      "operating_income": -722000,
      "net_income": 3368000,
      "opex": 5175000,
      "cogs": 5281000,
      "rd": null,
      "sga": null,
      "fcf": -2457000,
      "ocf": -2449000,
      "capex": -8000,
      "gross_margin": 0.45746866652968976,
      "op_margin": -0.07417300184918842,
      "fcf_margin": -0.2524142182042326,
      "incr_op_margin_yoy": 0.253234025872207,
      "rev_growth_yoy": -0.20765160765160764,
      "rev_growth_yoy_accel": 0.03069394498361161,
      "fcf_margin_change": -0.12791367334408005
    },
    {
      "date": "2025-06-30T00:00:00",
      "quarter_label": "2025-06 (Q2)",
      "revenue": 13030000,
      "gross_profit": 5017000,
      "operating_income": -1331000,
      "net_income": -1817000,
      "opex": 6348000,
      "cogs": 8013000,
      "rd": null,
      "sga": null,
      "fcf": 672000,
      "ocf": 773000,
      "capex": -101000,
      "gross_margin": 0.38503453568687646,
      "op_margin": -0.10214888718342287,
      "fcf_margin": 0.05157329240214889,
      "rev_growth_yoy": -0.006481128478841022,
      "rev_growth_yoy_accel": 0.20117047917276662,
      "op_leverage_ratio": 1.4938541679256456,
      "fcf_margin_change": 0.3039875106063815
    },
    {
      "date": "2025-09-30T00:00:00",
      "quarter_label": "2025-09 (Q3)",
      "revenue": 10547000,
      "gross_profit": 4777000,
      "operating_income": -7270000,
      "net_income": -7862000,
      "opex": 12047000,
      "cogs": 5770000,
      "rd": null,
      "sga": null,
      "fcf": -1708000,
      "ocf": -1607000,
      "capex": -101000,
      "gross_margin": 0.4529250023703423,
      "op_margin": -0.6892955342751493,
      "fcf_margin": -0.16194178439366644,
      "incr_op_margin_yoy": 2.1581514762516045,
      "rev_growth_yoy": -0.2696994876055948,
      "rev_growth_yoy_accel": -0.2632183591267538,
      "fcf_margin_change": -0.21351507679581533
    }
  ],
  "signals": [
    {
      "quarter": "2025-09 (Q3)",
      "signal": "GROSS MARGIN INFLECTION",
      "detail": "GM: +45.7% -> +38.5% -> +45.3% (reversal +6.8%)",
      "severity": "HIGH"
    },
    {
      "quarter": "2025-09 (Q3)",
      "signal": "YoY REVENUE GROWTH DECELERATION",
      "detail": "YoY growth: -27.0% vs prior quarter YoY: -0.6% (decel: -26.3%)",
      "severity": "WARNING"
    },
    {
      "quarter": "2025-06 (Q2)",
      "signal": "FCF TURNED POSITIVE",
      "detail": "FCF margin: -25.2% -> +5.2%",
      "severity": "HIGH"
    },
    {
      "quarter": "2025-06 (Q2)",
      "signal": "YoY REVENUE GROWTH ACCELERATION",
      "detail": "YoY growth: -0.6% vs prior quarter YoY: -20.8% (accel: +20.1%)",
      "severity": "HIGH"
    },
    {
      "quarter": "2024-12 (Q4)",
      "signal": "YoY REVENUE GROWTH DECELERATION",
      "detail": "YoY growth: -23.8% vs prior quarter YoY: +24.8% (decel: -48.7%)",
      "severity": "WARNING"
    },
    {
      "quarter": "2024-09 (Q3)",
      "signal": "YoY REVENUE GROWTH DECELERATION",
      "detail": "YoY growth: +24.8% vs prior quarter YoY: +42.6% (decel: -17.8%)",
      "severity": "WARNING"
    },
    {
      "quarter": "2024-09 (Q3)",
      "signal": "INCREMENTAL MARGIN (YoY)",
      "detail": "YoY Incr OPM: +34.0% vs year-ago OPM: +1.4%",
      "severity": "HIGH"
    },
    {
      "quarter": "2024-06 (Q2)",
      "signal": "GROSS MARGIN INFLECTION",
      "detail": "GM: +51.8% -> +46.9% -> +51.8% (reversal +4.8%)",
      "severity": "MEDIUM"
    },
    {
      "quarter": "2024-06 (Q2)",
      "signal": "YoY REVENUE GROWTH ACCELERATION",
      "detail": "YoY growth: +42.6% vs prior quarter YoY: +23.5% (accel: +19.1%)",
      "severity": "HIGH"
    },
    {
      "quarter": "2024-06 (Q2)",
      "signal": "OP MARGIN TURNED POSITIVE (YoY)",
      "detail": "Op margin: -7.6% (year-ago) -> +4.5%",
      "severity": "HIGH"
    },
    {
      "quarter": "2024-06 (Q2)",
      "signal": "OP MARGIN TURNED POSITIVE (QoQ)",
      "detail": "Op margin: -0.6% -> +4.5%",
      "severity": "HIGH"
    },
    {
      "quarter": "2024-03 (Q1)",
      "signal": "FCF TURNED POSITIVE",
      "detail": "FCF margin: -21.8% -> +15.7%",
      "severity": "HIGH"
    },
    {
      "quarter": "2024-03 (Q1)",
      "signal": "YoY REVENUE GROWTH DECELERATION",
      "detail": "YoY growth: +23.5% vs prior quarter YoY: +37.8% (decel: -14.3%)",
      "severity": "WARNING"
    },
    {
      "quarter": "2023-12 (Q4)",
      "signal": "OPERATING LEVERAGE",
      "detail": "Rev growth +25.0% vs OpEx growth +7.3% (leverage: 3.4x)",
      "severity": "MEDIUM"
    },
    {
      "quarter": "2023-12 (Q4)",
      "signal": "GROSS MARGIN INFLECTION",
      "detail": "GM: +46.7% -> +45.8% -> +51.8% (reversal +6.0%)",
      "severity": "HIGH"
    },
    {
      "quarter": "2023-12 (Q4)",
      "signal": "YoY REVENUE GROWTH ACCELERATION",
      "detail": "YoY growth: +37.8% vs prior quarter YoY: +3.5% (accel: +34.4%)",
      "severity": "HIGH"
    },
    {
      "quarter": "2023-12 (Q4)",
      "signal": "OP MARGIN TURNED POSITIVE (YoY)",
      "detail": "Op margin: -11.6% (year-ago) -> +13.7%",
      "severity": "HIGH"
    },
    {
      "quarter": "2023-09 (Q3)",
      "signal": "OPERATING LEVERAGE",
      "detail": "Rev growth +25.8% vs OpEx growth +2.9% (leverage: 8.9x)",
      "severity": "MEDIUM"
    },
    {
      "quarter": "2023-09 (Q3)",
      "signal": "YoY REVENUE GROWTH ACCELERATION",
      "detail": "YoY growth: +3.5% vs prior quarter YoY: -15.8% (accel: +19.3%)",
      "severity": "HIGH"
    },
    {
      "quarter": "2023-09 (Q3)",
      "signal": "OP MARGIN TURNED POSITIVE (YoY)",
      "detail": "Op margin: -2.5% (year-ago) -> +1.4%",
      "severity": "HIGH"
    },
    {
      "quarter": "2023-09 (Q3)",
      "signal": "OP MARGIN TURNED POSITIVE (QoQ)",
      "detail": "Op margin: -7.6% -> +1.4%",
      "severity": "HIGH"
    },
    {
      "quarter": "2023-06 (Q2)",
      "signal": "YoY REVENUE GROWTH DECELERATION",
      "detail": "YoY growth: -15.8% vs prior quarter YoY: -7.6% (decel: -8.3%)",
      "severity": "WARNING"
    },
    {
      "quarter": "2023-03 (Q1)",
      "signal": "FCF MARGIN EXPANSION",
      "detail": "FCF margin: +3.0% -> +38.6% (+35.6%)",
      "severity": "MEDIUM"
    },
    {
      "quarter": "2023-03 (Q1)",
      "signal": "YoY REVENUE GROWTH DECELERATION",
      "detail": "YoY growth: -7.6% vs prior quarter YoY: +94.2% (decel: -101.7%)",
      "severity": "WARNING"
    },
    {
      "quarter": "2022-12 (Q4)",
      "signal": "FCF TURNED POSITIVE",
      "detail": "FCF margin: -9.6% -> +3.0%",
      "severity": "HIGH"
    },
    {
      "quarter": "2022-12 (Q4)",
      "signal": "GROSS MARGIN INFLECTION",
      "detail": "GM: +42.7% -> +40.4% -> +44.5% (reversal +4.2%)",
      "severity": "MEDIUM"
    },
    {
      "quarter": "2022-12 (Q4)",
      "signal": "YoY REVENUE GROWTH DECELERATION",
      "detail": "YoY growth: +94.2% vs prior quarter YoY: +135.2% (decel: -41.1%)",
      "severity": "WARNING"
    },
    {
      "quarter": "2022-09 (Q3)",
      "signal": "YoY REVENUE GROWTH DECELERATION",
      "detail": "YoY growth: +135.2% vs prior quarter YoY: +233.3% (decel: -98.1%)",
      "severity": "WARNING"
    },
    {
      "quarter": "2022-06 (Q2)",
      "signal": "YoY REVENUE GROWTH ACCELERATION",
      "detail": "YoY growth: +233.3% vs prior quarter YoY: +115.0% (accel: +118.4%)",
      "severity": "HIGH"
    },
    {
      "quarter": "2022-06 (Q2)",
      "signal": "OP MARGIN TURNED POSITIVE (YoY)",
      "detail": "Op margin: -12.5% (year-ago) -> +0.3%",
      "severity": "HIGH"
    },
    {
      "quarter": "2022-06 (Q2)",
      "signal": "OP MARGIN TURNED POSITIVE (QoQ)",
      "detail": "Op margin: -9.4% -> +0.3%",
      "severity": "HIGH"
    },
    {
      "quarter": "2022-03 (Q1)",
      "signal": "OPERATING LEVERAGE",
      "detail": "Rev growth +99.1% vs OpEx growth +43.4% (leverage: 2.3x)",
      "severity": "MEDIUM"
    },
    {
      "quarter": "2022-03 (Q1)",
      "signal": "YoY REVENUE GROWTH ACCELERATION",
      "detail": "YoY growth: +115.0% vs prior quarter YoY: +8.3% (accel: +106.7%)",
      "severity": "HIGH"
    },
    {
      "quarter": "2021-12 (Q4)",
      "signal": "FCF TURNED POSITIVE",
      "detail": "FCF margin: -0.1% -> +15.3%",
      "severity": "HIGH"
    },
    {
      "quarter": "2021-09 (Q3)",
      "signal": "FCF MARGIN EXPANSION",
      "detail": "FCF margin: -10.6% -> -0.1% (+10.6%)",
      "severity": "MEDIUM"
    },
    {
      "quarter": "2021-09 (Q3)",
      "signal": "OPERATING LEVERAGE",
      "detail": "Rev growth +45.0% vs OpEx growth +20.3% (leverage: 2.2x)",
      "severity": "MEDIUM"
    },
    {
      "quarter": "2021-06 (Q2)",
      "signal": "GROSS MARGIN INFLECTION",
      "detail": "GM: +45.2% -> +44.6% -> +57.2% (reversal +12.6%)",
      "severity": "HIGH"
    }
  ],
  "data_quality": {
    "n_quarters": 20,
    "coverage": {
      "revenue": [
        20,
        20
      ],
      "gross_profit": [
        20,
        20
      ],
      "op_income": [
        20,
        20
      ],
      "fcf": [
        20,
        20
      ]
    },
    "gaps": [],
    "warnings": []
  },
  "market_cap": null,
  "source": "SEC EDGAR",
  "last_updated": "2026-02-02T23:48:29.373889"
}