{
  "ticker": "CRH",
  "name": "CRH public limited company",
  "sector": "Basic Materials",
  "industry": "Building Materials",
  "quarters": [
    {
      "date": "2023-03-31T00:00:00",
      "quarter_label": "2023-03 (Q1)",
      "revenue": 6427000000,
      "gross_profit": 1619000000,
      "operating_income": 2000000,
      "net_income": -28000000,
      "opex": 1617000000,
      "cogs": 4808000000,
      "rd": null,
      "sga": 1622000000,
      "fcf": -1003000000,
      "ocf": -671000000,
      "capex": -332000000,
      "gross_margin": 0.2519060214719154,
      "op_margin": 0.00031118717908822156,
      "fcf_margin": -0.1560603703127431
    },
    {
      "date": "2023-06-30T00:00:00",
      "quarter_label": "2023-06 (Q2)",
      "revenue": 9709000000,
      "gross_profit": 3630000000,
      "operating_income": 1613000000,
      "net_income": 1199000000,
      "opex": 2017000000,
      "cogs": 6079000000,
      "rd": null,
      "sga": 2035000000,
      "fcf": 1195000000,
      "ocf": 1634000000,
      "capex": -439000000,
      "gross_margin": 0.37387990524255843,
      "op_margin": 0.16613451436811205,
      "fcf_margin": 0.12308167679472654,
      "op_leverage_ratio": 2.0643356153726464,
      "fcf_margin_change": 0.27914204710746965
    },
    {
      "date": "2023-09-30T00:00:00",
      "quarter_label": "2023-09 (Q3)",
      "revenue": 10128000000,
      "gross_profit": 3763000000,
      "operating_income": 1788000000,
      "net_income": 1306000000,
      "opex": 1975000000,
      "cogs": 6365000000,
      "rd": null,
      "sga": 1990000000,
      "fcf": 1227000000,
      "ocf": 1631000000,
      "capex": -404000000,
      "gross_margin": 0.371544233807267,
      "op_margin": 0.17654028436018956,
      "fcf_margin": 0.12114928909952606,
      "op_leverage_ratio": null,
      "fcf_margin_change": -0.0019323876952004743
    },
    {
      "date": "2023-12-31T00:00:00",
      "quarter_label": "2023-12 (Q4)",
      "revenue": 8685000000,
      "gross_profit": 2951000000,
      "operating_income": 783000000,
      "net_income": 701000000,
      "opex": 2168000000,
      "cogs": 5734000000,
      "rd": null,
      "sga": 1839000000,
      "fcf": 1781000000,
      "ocf": 2423000000,
      "capex": -642000000,
      "gross_margin": 0.3397812320092113,
      "op_margin": 0.09015544041450778,
      "fcf_margin": 0.20506620610247553,
      "fcf_margin_change": 0.08391691700294947
    },
    {
      "date": "2024-03-31T00:00:00",
      "quarter_label": "2024-03 (Q1)",
      "revenue": 6533000000,
      "gross_profit": 1807000000,
      "operating_income": 28000000,
      "net_income": 116000000,
      "opex": 1779000000,
      "cogs": 4726000000,
      "rd": null,
      "sga": 1787000000,
      "fcf": -1218000000,
      "ocf": -712000000,
      "capex": -506000000,
      "gross_margin": 0.2765957446808511,
      "op_margin": 0.0042859329557630495,
      "fcf_margin": -0.18643808357569264,
      "incr_op_margin_yoy": 0.24528301886792453,
      "rev_growth_yoy": 0.016492920491675743,
      "fcf_margin_change": -0.3915042896781682
    },
    {
      "date": "2024-06-30T00:00:00",
      "quarter_label": "2024-06 (Q2)",
      "revenue": 9654000000,
      "gross_profit": 3675000000,
      "operating_income": 1829000000,
      "net_income": 1297000000,
      "opex": 1846000000,
      "cogs": 5979000000,
      "rd": null,
      "sga": 1948000000,
      "fcf": 861000000,
      "ocf": 1485000000,
      "capex": -624000000,
      "gross_margin": 0.38067122436295836,
      "op_margin": 0.18945514812512948,
      "fcf_margin": 0.0891858297078931,
      "incr_op_margin_yoy": -3.9272727272727272,
      "rev_growth_yoy": -0.005664847049129673,
      "rev_growth_yoy_accel": -0.022157767540805416,
      "op_leverage_ratio": 12.684760035731339,
      "fcf_margin_change": 0.2756239132835857
    },
    {
      "date": "2024-09-30T00:00:00",
      "quarter_label": "2024-09 (Q3)",
      "revenue": 10515000000,
      "gross_profit": 4059000000,
      "operating_income": 1964000000,
      "net_income": 1376000000,
      "opex": 2095000000,
      "cogs": 6456000000,
      "rd": null,
      "sga": 2184000000,
      "fcf": 981000000,
      "ocf": 1486000000,
      "capex": -505000000,
      "gross_margin": 0.38601997146932954,
      "op_margin": 0.1867807893485497,
      "fcf_margin": 0.09329529243937233,
      "incr_op_margin_yoy": 0.45478036175710596,
      "rev_growth_yoy": 0.03821090047393365,
      "rev_growth_yoy_accel": 0.04387574752306332,
      "op_leverage_ratio": 0.6611929383163481,
      "fcf_margin_change": 0.004109462731479233
    },
    {
      "date": "2024-12-31T00:00:00",
      "quarter_label": "2024-12 (Q4)",
      "revenue": 8870000000,
      "gross_profit": 3160000000,
      "operating_income": 1104000000,
      "net_income": 703000000,
      "opex": 2056000000,
      "cogs": 5710000000,
      "rd": null,
      "sga": 1933000000,
      "fcf": 1787000000,
      "ocf": 2730000000,
      "capex": -943000000,
      "gross_margin": 0.35625704622322435,
      "op_margin": 0.12446448703494926,
      "fcf_margin": 0.20146561443066516,
      "incr_op_margin_yoy": 1.7351351351351352,
      "rev_growth_yoy": 0.021301093839953943,
      "rev_growth_yoy_accel": -0.016909806633979705,
      "fcf_margin_change": 0.10817032199129283
    },
    {
      "date": "2025-03-31T00:00:00",
      "quarter_label": "2025-03 (Q1)",
      "revenue": 6756000000,
      "gross_profit": 1837000000,
      "operating_income": 18000000,
      "net_income": -94000000,
      "opex": 1819000000,
      "cogs": 4919000000,
      "rd": null,
      "sga": 1833000000,
      "fcf": -1304000000,
      "ocf": -659000000,
      "capex": -645000000,
      "gross_margin": 0.2719064535227946,
      "op_margin": 0.0026642984014209592,
      "fcf_margin": -0.19301361752516283,
      "incr_op_margin_yoy": -0.04484304932735426,
      "rev_growth_yoy": 0.03413439461197,
      "rev_growth_yoy_accel": 0.012833300772016058,
      "fcf_margin_change": -0.394479231955828
    },
    {
      "date": "2025-06-30T00:00:00",
      "quarter_label": "2025-06 (Q2)",
      "revenue": 10206000000,
      "gross_profit": 4026000000,
      "operating_income": 1935000000,
      "net_income": 1319000000,
      "opex": 2091000000,
      "cogs": 6180000000,
      "rd": null,
      "sga": 2120000000,
      "fcf": 723000000,
      "ocf": 1378000000,
      "capex": -655000000,
      "gross_margin": 0.39447383891828336,
      "op_margin": 0.18959435626102292,
      "fcf_margin": 0.07084068195179306,
      "incr_op_margin_yoy": 0.19202898550724637,
      "rev_growth_yoy": 0.057178371659415785,
      "rev_growth_yoy_accel": 0.023043977047445784,
      "op_leverage_ratio": 3.415019982238011,
      "fcf_margin_change": 0.2638542994769559
    },
    {
      "date": "2025-09-30T00:00:00",
      "quarter_label": "2025-09 (Q3)",
      "revenue": 11069000000,
      "gross_profit": 4309000000,
      "operating_income": 2081000000,
      "net_income": 1503000000,
      "opex": 2228000000,
      "cogs": 6760000000,
      "rd": null,
      "sga": 2338000000,
      "fcf": 1991000000,
      "ocf": 1991000000,
      "capex": null,
      "gross_margin": 0.389285391634294,
      "op_margin": 0.18800252958713523,
      "fcf_margin": 0.17987171379528413,
      "incr_op_margin_yoy": 0.2111913357400722,
      "rev_growth_yoy": 0.052686638135996194,
      "rev_growth_yoy_accel": -0.00449173352341959,
      "op_leverage_ratio": 1.2905911936731076,
      "fcf_margin_change": 0.10903103184349107
    },
    {
      "date": "2025-12-31T00:00:00",
      "quarter_label": "2025-12 (Q4)",
      "revenue": 9416000000,
      "gross_profit": 3356000000,
      "operating_income": 1406000000,
      "net_income": 1025000000,
      "opex": 1950000000,
      "cogs": 6060000000,
      "rd": null,
      "sga": 1992000000,
      "fcf": 2915000000,
      "ocf": 2915000000,
      "capex": null,
      "gross_margin": 0.3564146134239592,
      "op_margin": 0.14932030586236195,
      "fcf_margin": 0.30957943925233644,
      "incr_op_margin_yoy": 0.5531135531135531,
      "rev_growth_yoy": 0.061555806087936864,
      "rev_growth_yoy_accel": 0.00886916795194067,
      "fcf_margin_change": 0.1297077254570523
    }
  ],
  "signals": [
    {
      "quarter": "2025-12 (Q4)",
      "signal": "FCF MARGIN EXPANSION",
      "detail": "FCF margin: +18.0% -> +31.0% (+13.0%)",
      "severity": "MEDIUM"
    },
    {
      "quarter": "2025-12 (Q4)",
      "signal": "INCREMENTAL MARGIN (YoY)",
      "detail": "YoY Incr OPM: +55.3% vs year-ago OPM: +12.4%",
      "severity": "HIGH"
    },
    {
      "quarter": "2025-09 (Q3)",
      "signal": "FCF MARGIN EXPANSION",
      "detail": "FCF margin: +7.1% -> +18.0% (+10.9%)",
      "severity": "MEDIUM"
    },
    {
      "quarter": "2025-06 (Q2)",
      "signal": "FCF TURNED POSITIVE",
      "detail": "FCF margin: -19.3% -> +7.1%",
      "severity": "HIGH"
    },
    {
      "quarter": "2025-06 (Q2)",
      "signal": "OPERATING LEVERAGE",
      "detail": "Rev growth +51.1% vs OpEx growth +15.0% (leverage: 3.4x)",
      "severity": "MEDIUM"
    },
    {
      "quarter": "2025-06 (Q2)",
      "signal": "GROSS MARGIN INFLECTION",
      "detail": "GM: +35.6% -> +27.2% -> +39.4% (reversal +12.3%)",
      "severity": "HIGH"
    },
    {
      "quarter": "2024-12 (Q4)",
      "signal": "FCF MARGIN EXPANSION",
      "detail": "FCF margin: +9.3% -> +20.1% (+10.8%)",
      "severity": "MEDIUM"
    },
    {
      "quarter": "2024-12 (Q4)",
      "signal": "INCREMENTAL MARGIN (YoY)",
      "detail": "YoY Incr OPM: +173.5% vs year-ago OPM: +9.0%",
      "severity": "HIGH"
    },
    {
      "quarter": "2024-09 (Q3)",
      "signal": "INCREMENTAL MARGIN (YoY)",
      "detail": "YoY Incr OPM: +45.5% vs year-ago OPM: +17.7%",
      "severity": "HIGH"
    },
    {
      "quarter": "2024-06 (Q2)",
      "signal": "FCF TURNED POSITIVE",
      "detail": "FCF margin: -18.6% -> +8.9%",
      "severity": "HIGH"
    },
    {
      "quarter": "2024-06 (Q2)",
      "signal": "OPERATING LEVERAGE",
      "detail": "Rev growth +47.8% vs OpEx growth +3.8% (leverage: 12.7x)",
      "severity": "MEDIUM"
    },
    {
      "quarter": "2024-06 (Q2)",
      "signal": "GROSS MARGIN INFLECTION",
      "detail": "GM: +34.0% -> +27.7% -> +38.1% (reversal +10.4%)",
      "severity": "HIGH"
    },
    {
      "quarter": "2024-03 (Q1)",
      "signal": "INCREMENTAL MARGIN (YoY)",
      "detail": "YoY Incr OPM: +24.5% vs year-ago OPM: +0.0%",
      "severity": "HIGH"
    },
    {
      "quarter": "2023-12 (Q4)",
      "signal": "FCF MARGIN EXPANSION",
      "detail": "FCF margin: +12.1% -> +20.5% (+8.4%)",
      "severity": "MEDIUM"
    },
    {
      "quarter": "2023-06 (Q2)",
      "signal": "FCF TURNED POSITIVE",
      "detail": "FCF margin: -15.6% -> +12.3%",
      "severity": "HIGH"
    },
    {
      "quarter": "2023-06 (Q2)",
      "signal": "OPERATING LEVERAGE",
      "detail": "Rev growth +51.1% vs OpEx growth +24.7% (leverage: 2.1x)",
      "severity": "MEDIUM"
    }
  ],
  "data_quality": {
    "n_quarters": 12,
    "coverage": {
      "revenue": [
        12,
        12
      ],
      "gross_profit": [
        12,
        12
      ],
      "op_income": [
        12,
        12
      ],
      "fcf": [
        12,
        12
      ]
    },
    "gaps": [],
    "warnings": []
  },
  "market_cap": null,
  "source": "SEC EDGAR",
  "last_updated": "2026-02-24T10:26:47.388948"
}