{
  "ticker": "CRI",
  "name": "CARTER\u2019S, INC.",
  "quarters": [
    {
      "date": "2021-01-02T00:00:00",
      "quarter_label": "2021-01 (Q1)",
      "revenue": 989897000,
      "gross_profit": 465949000,
      "operating_income": 133866000,
      "net_income": 99014000,
      "opex": 332083000,
      "cogs": null,
      "rd": null,
      "sga": 338370000,
      "fcf": 262107000,
      "ocf": 269766000,
      "capex": -7659000,
      "gross_margin": 0.4707045278448162,
      "op_margin": 0.13523225143626055,
      "fcf_margin": 0.2647820934905349
    },
    {
      "date": "2021-04-03T00:00:00",
      "quarter_label": "2021-04 (Q2)",
      "revenue": 787361000,
      "gross_profit": 391960000,
      "operating_income": 127496000,
      "net_income": 86196000,
      "opex": 264464000,
      "cogs": null,
      "rd": null,
      "sga": 271927000,
      "fcf": -51195000,
      "ocf": -39530000,
      "capex": -11665000,
      "gross_margin": 0.49781485239934414,
      "op_margin": 0.16192826416345235,
      "fcf_margin": -0.06502100053215742,
      "fcf_margin_change": -0.3298030940226923
    },
    {
      "date": "2021-07-03T00:00:00",
      "quarter_label": "2021-07 (Q3)",
      "revenue": 746400000,
      "gross_profit": 368707000,
      "operating_income": 107582000,
      "net_income": 71603000,
      "opex": 261125000,
      "cogs": null,
      "rd": null,
      "sga": 267770000,
      "fcf": 80212000,
      "ocf": 89053000,
      "capex": -8841000,
      "gross_margin": 0.49398043944265807,
      "op_margin": 0.14413451232583066,
      "fcf_margin": 0.10746516613076099,
      "fcf_margin_change": 0.1724861666629184
    },
    {
      "date": "2021-10-02T00:00:00",
      "quarter_label": "2021-10 (Q4)",
      "revenue": 890586000,
      "gross_profit": 408781000,
      "operating_income": 124031000,
      "net_income": 84976000,
      "opex": 284750000,
      "cogs": null,
      "rd": null,
      "sga": 293192000,
      "fcf": -50361000,
      "ocf": -42204000,
      "capex": -8157000,
      "gross_margin": 0.45900227490663453,
      "op_margin": 0.13926897570812927,
      "fcf_margin": -0.05654816042470912,
      "op_leverage_ratio": 2.135148564963677,
      "fcf_margin_change": -0.1640133265554701
    },
    {
      "date": "2022-01-01T00:00:00",
      "quarter_label": "2022-01 (Q1)",
      "revenue": 1062093000,
      "gross_profit": 492826000,
      "operating_income": 137970000,
      "net_income": 96973000,
      "opex": 354856000,
      "cogs": null,
      "rd": null,
      "sga": 360987000,
      "fcf": 252160000,
      "ocf": 260939000,
      "capex": -8779000,
      "gross_margin": 0.46401397994337595,
      "op_margin": 0.12990387847391896,
      "fcf_margin": 0.2374180038847822,
      "incr_op_margin_yoy": 0.05684525458474154,
      "rev_growth_yoy": 0.07293284048744465,
      "op_leverage_ratio": 0.7821940910284148,
      "fcf_margin_change": 0.29396616430949135
    },
    {
      "date": "2022-04-02T00:00:00",
      "quarter_label": "2022-04 (Q2)",
      "revenue": 781284000,
      "gross_profit": 355042000,
      "operating_income": 102623000,
      "net_income": 67933000,
      "opex": 252419000,
      "cogs": null,
      "rd": null,
      "sga": 259893000,
      "fcf": -171459000,
      "ocf": -163807000,
      "capex": -7652000,
      "gross_margin": 0.4544339830330584,
      "op_margin": 0.1313517235729901,
      "fcf_margin": -0.2194579691891809,
      "incr_op_margin_yoy": 4.092973506664473,
      "rev_growth_yoy": -0.00771818771821312,
      "rev_growth_yoy_accel": -0.08065102820565777,
      "fcf_margin_change": -0.4568759730739631
    },
    {
      "date": "2022-07-02T00:00:00",
      "quarter_label": "2022-07 (Q3)",
      "revenue": 700695000,
      "gross_profit": 331239000,
      "operating_income": 75418000,
      "net_income": 36970000,
      "opex": 255821000,
      "cogs": 369456000,
      "rd": null,
      "sga": 261423000,
      "fcf": 61551000,
      "ocf": 70212000,
      "capex": -8661000,
      "gross_margin": 0.4727292188470019,
      "op_margin": 0.10763313567243951,
      "fcf_margin": 0.08784278466379809,
      "incr_op_margin_yoy": 0.7037304452466907,
      "rev_growth_yoy": -0.061233922829581997,
      "rev_growth_yoy_accel": -0.053515735111368874,
      "fcf_margin_change": 0.307300753852979
    },
    {
      "date": "2022-10-01T00:00:00",
      "quarter_label": "2022-10 (Q4)",
      "revenue": 818624000,
      "gross_profit": 370528000,
      "operating_income": 91583000,
      "net_income": 64957000,
      "opex": 278945000,
      "cogs": 448096000,
      "rd": null,
      "sga": 286218000,
      "fcf": -134434000,
      "ocf": -123885000,
      "capex": -10549000,
      "gross_margin": 0.45262293800328357,
      "op_margin": 0.11187431592525995,
      "fcf_margin": -0.16421947072160112,
      "incr_op_margin_yoy": 0.4509046441177288,
      "rev_growth_yoy": -0.08080297691632252,
      "rev_growth_yoy_accel": -0.01956905408674052,
      "op_leverage_ratio": 1.8619363428772258,
      "fcf_margin_change": -0.2520622553853992
    },
    {
      "date": "2022-12-31T00:00:00",
      "quarter_label": "2022-12 (Q4)",
      "revenue": 912130000,
      "gross_profit": 415549000,
      "operating_income": 109546000,
      "net_income": 80179000,
      "opex": 306003000,
      "cogs": null,
      "rd": null,
      "sga": 302474000,
      "fcf": 292339000,
      "ocf": 305841000,
      "capex": -13502000,
      "gross_margin": 0.4555808930744521,
      "op_margin": 0.12009910867968382,
      "fcf_margin": 0.32050146360716125,
      "incr_op_margin_yoy": 0.1895400865546835,
      "rev_growth_yoy": -0.14119573333032043,
      "rev_growth_yoy_accel": -0.06039275641399791,
      "op_leverage_ratio": 1.1775460365151775,
      "fcf_margin_change": 0.4847209343287624
    },
    {
      "date": "2023-04-01T00:00:00",
      "quarter_label": "2023-04 (Q2)",
      "revenue": 695880000,
      "gross_profit": 309467000,
      "operating_income": 56354000,
      "net_income": 35996000,
      "opex": 253113000,
      "cogs": null,
      "rd": null,
      "sga": 259632000,
      "fcf": 28370000,
      "ocf": 42197000,
      "capex": -13827000,
      "gross_margin": 0.44471316893717305,
      "op_margin": 0.08098235327930103,
      "fcf_margin": 0.040768523308616425,
      "incr_op_margin_yoy": 0.5417661936209077,
      "rev_growth_yoy": -0.10931236272597417,
      "rev_growth_yoy_accel": 0.03188337060434626,
      "fcf_margin_change": -0.27973294029854484
    },
    {
      "date": "2023-07-01T00:00:00",
      "quarter_label": "2023-07 (Q3)",
      "revenue": 600199000,
      "gross_profit": 291896000,
      "operating_income": 37561000,
      "net_income": 23867000,
      "opex": 254335000,
      "cogs": 308303000,
      "rd": null,
      "sga": 258676000,
      "fcf": 154516000,
      "ocf": 167045000,
      "capex": -12529000,
      "gross_margin": 0.48633203320898566,
      "op_margin": 0.06258091066462956,
      "fcf_margin": 0.2574412819748117,
      "incr_op_margin_yoy": 0.3767015602611049,
      "rev_growth_yoy": -0.14342331542254477,
      "rev_growth_yoy_accel": -0.03411095269657061,
      "fcf_margin_change": 0.2166727586661953
    },
    {
      "date": "2023-09-30T00:00:00",
      "quarter_label": "2023-09 (Q3)",
      "revenue": 791651000,
      "gross_profit": 376397000,
      "operating_income": 93430000,
      "net_income": 66127000,
      "opex": 282967000,
      "cogs": 415254000,
      "rd": null,
      "sga": 288680000,
      "fcf": -19566000,
      "ocf": -3452000,
      "capex": -16114000,
      "gross_margin": 0.4754582511738127,
      "op_margin": 0.11801917764267335,
      "fcf_margin": -0.024715436473900745,
      "incr_op_margin_yoy": -0.0684758832906981,
      "rev_growth_yoy": -0.03294919279180674,
      "rev_growth_yoy_accel": 0.11047412263073803,
      "op_leverage_ratio": 2.8334730341353054,
      "fcf_margin_change": -0.28215671844871243
    },
    {
      "date": "2023-12-30T00:00:00",
      "quarter_label": "2023-12 (Q4)",
      "revenue": 857864000,
      "gross_profit": 418175000,
      "operating_income": 136060000,
      "net_income": 106510000,
      "opex": 282115000,
      "cogs": null,
      "rd": null,
      "sga": 286952000,
      "fcf": 305952000,
      "ocf": 323342000,
      "capex": -17390000,
      "gross_margin": 0.48746071638394894,
      "op_margin": 0.15860322848376898,
      "fcf_margin": 0.35664394356214973,
      "incr_op_margin_yoy": -0.4885932259610069,
      "rev_growth_yoy": -0.05949371251904882,
      "rev_growth_yoy_accel": -0.02654451972724208,
      "op_leverage_ratio": Infinity,
      "fcf_margin_change": 0.38135938003605047
    },
    {
      "date": "2024-03-30T00:00:00",
      "quarter_label": "2024-03 (Q1)",
      "revenue": 661492000,
      "gross_profit": 315190000,
      "operating_income": 55035000,
      "net_income": 38033000,
      "opex": 260155000,
      "cogs": null,
      "rd": null,
      "sga": 265371000,
      "fcf": -37568000,
      "ocf": -25551000,
      "capex": -12017000,
      "gross_margin": 0.47648346465263375,
      "op_margin": 0.08319828508885974,
      "fcf_margin": -0.056792825914750295,
      "incr_op_margin_yoy": 0.03835640339653367,
      "rev_growth_yoy": -0.04941656607461056,
      "rev_growth_yoy_accel": 0.010077146444438259,
      "fcf_margin_change": -0.4134367694769
    },
    {
      "date": "2024-06-29T00:00:00",
      "quarter_label": "2024-06 (Q2)",
      "revenue": 564434000,
      "gross_profit": 282937000,
      "operating_income": 39452000,
      "net_income": 27639000,
      "opex": 243485000,
      "cogs": 281497000,
      "rd": null,
      "sga": 247489000,
      "fcf": 104944000,
      "ocf": 117242000,
      "capex": -12298000,
      "gross_margin": 0.501275614155065,
      "op_margin": 0.06989656895226014,
      "fcf_margin": 0.18592784984604047,
      "incr_op_margin_yoy": -0.0528729204529568,
      "rev_growth_yoy": -0.059588569791019314,
      "rev_growth_yoy_accel": -0.01017200371640875,
      "fcf_margin_change": 0.24272067576079076
    },
    {
      "date": "2024-09-28T00:00:00",
      "quarter_label": "2024-09 (Q3)",
      "revenue": 758464000,
      "gross_profit": 356014000,
      "operating_income": 77040000,
      "net_income": 58320000,
      "opex": 278974000,
      "cogs": 402450000,
      "rd": null,
      "sga": 284714000,
      "fcf": -95694000,
      "ocf": -80372000,
      "capex": -15322000,
      "gross_margin": 0.46938813180322336,
      "op_margin": 0.10157370686018058,
      "fcf_margin": -0.12616815036705764,
      "incr_op_margin_yoy": 0.4938680808750414,
      "rev_growth_yoy": -0.041921250652118165,
      "rev_growth_yoy_accel": 0.01766731913890115,
      "op_leverage_ratio": 2.358490691219821,
      "fcf_margin_change": -0.31209600021309813
    },
    {
      "date": "2024-12-28T00:00:00",
      "quarter_label": "2024-12 (Q4)",
      "revenue": 859712000,
      "gross_profit": 411025000,
      "operating_income": 83200000,
      "net_income": 61517000,
      "opex": 327825000,
      "cogs": null,
      "rd": null,
      "sga": 302117000,
      "fcf": 270940000,
      "ocf": 287468000,
      "capex": -16528000,
      "gross_margin": 0.47809615313035064,
      "op_margin": 0.09677659495272836,
      "fcf_margin": 0.31515205091937765,
      "incr_op_margin_yoy": -28.603896103896105,
      "rev_growth_yoy": 0.002154187610157321,
      "rev_growth_yoy_accel": 0.04407543826227549,
      "op_leverage_ratio": 0.7623277905597264,
      "fcf_margin_change": 0.4413202012864353
    },
    {
      "date": "2025-03-29T00:00:00",
      "quarter_label": "2025-03 (Q1)",
      "revenue": 629827000,
      "gross_profit": 291090000,
      "operating_income": 26102000,
      "net_income": 15539000,
      "opex": 264988000,
      "cogs": null,
      "rd": null,
      "sga": 270320000,
      "fcf": -58990000,
      "ocf": -48644000,
      "capex": -10346000,
      "gross_margin": 0.4621745336417778,
      "op_margin": 0.04144312644583354,
      "fcf_margin": -0.09366064014403955,
      "incr_op_margin_yoy": 0.9137217748302542,
      "rev_growth_yoy": -0.04786905964093292,
      "rev_growth_yoy_accel": -0.050023247251090246,
      "fcf_margin_change": -0.4088126910634172
    },
    {
      "date": "2025-06-28T00:00:00",
      "quarter_label": "2025-06 (Q2)",
      "revenue": 585313000,
      "gross_profit": 281760000,
      "operating_income": 4044000,
      "net_income": 446000,
      "opex": 277716000,
      "cogs": 303553000,
      "rd": null,
      "sga": 280965000,
      "fcf": 24106000,
      "ocf": 40306000,
      "capex": -16200000,
      "gross_margin": 0.481383464915353,
      "op_margin": 0.006909123836306387,
      "fcf_margin": 0.04118480197774524,
      "incr_op_margin_yoy": -1.6958666602806647,
      "rev_growth_yoy": 0.03699103881056067,
      "rev_growth_yoy_accel": 0.08486009845149359,
      "fcf_margin_change": 0.1348454421217848
    },
    {
      "date": "2025-09-27T00:00:00",
      "quarter_label": "2025-09 (Q3)",
      "revenue": 757836000,
      "gross_profit": 341628000,
      "operating_income": 29093000,
      "net_income": 11593000,
      "opex": 312535000,
      "cogs": 416208000,
      "rd": null,
      "sga": 317963000,
      "fcf": -144088000,
      "ocf": -127972000,
      "capex": -16116000,
      "gross_margin": 0.4507941032096654,
      "op_margin": 0.03838957241408431,
      "fcf_margin": -0.19013084625169563,
      "rev_growth_yoy": -0.0008279891992236942,
      "rev_growth_yoy_accel": -0.037819028009784365,
      "op_leverage_ratio": 2.3509502497481365,
      "fcf_margin_change": -0.23131564822944087
    }
  ],
  "signals": [
    {
      "quarter": "2025-09 (Q3)",
      "signal": "OPERATING LEVERAGE",
      "detail": "Rev growth +29.5% vs OpEx growth +12.5% (leverage: 2.4x)",
      "severity": "MEDIUM"
    },
    {
      "quarter": "2025-06 (Q2)",
      "signal": "FCF TURNED POSITIVE",
      "detail": "FCF margin: -9.4% -> +4.1%",
      "severity": "HIGH"
    },
    {
      "quarter": "2025-06 (Q2)",
      "signal": "YoY REVENUE GROWTH ACCELERATION",
      "detail": "YoY growth: +3.7% vs prior quarter YoY: -4.8% (accel: +8.5%)",
      "severity": "MEDIUM"
    },
    {
      "quarter": "2025-03 (Q1)",
      "signal": "YoY REVENUE GROWTH DECELERATION",
      "detail": "YoY growth: -4.8% vs prior quarter YoY: +0.2% (decel: -5.0%)",
      "severity": "WARNING"
    },
    {
      "quarter": "2025-03 (Q1)",
      "signal": "INCREMENTAL MARGIN (YoY)",
      "detail": "YoY Incr OPM: +91.4% vs year-ago OPM: +8.3%",
      "severity": "HIGH"
    },
    {
      "quarter": "2024-12 (Q4)",
      "signal": "FCF TURNED POSITIVE",
      "detail": "FCF margin: -12.6% -> +31.5%",
      "severity": "HIGH"
    },
    {
      "quarter": "2024-09 (Q3)",
      "signal": "OPERATING LEVERAGE",
      "detail": "Rev growth +34.4% vs OpEx growth +14.6% (leverage: 2.4x)",
      "severity": "MEDIUM"
    },
    {
      "quarter": "2024-09 (Q3)",
      "signal": "INCREMENTAL MARGIN (YoY)",
      "detail": "YoY Incr OPM: +49.4% vs year-ago OPM: +11.8%",
      "severity": "HIGH"
    },
    {
      "quarter": "2024-06 (Q2)",
      "signal": "FCF TURNED POSITIVE",
      "detail": "FCF margin: -5.7% -> +18.6%",
      "severity": "HIGH"
    },
    {
      "quarter": "2024-06 (Q2)",
      "signal": "GROSS MARGIN INFLECTION",
      "detail": "GM: +48.7% -> +47.6% -> +50.1% (reversal +2.5%)",
      "severity": "MEDIUM"
    },
    {
      "quarter": "2023-12 (Q4)",
      "signal": "FCF TURNED POSITIVE",
      "detail": "FCF margin: -2.5% -> +35.7%",
      "severity": "HIGH"
    },
    {
      "quarter": "2023-09 (Q3)",
      "signal": "OPERATING LEVERAGE",
      "detail": "Rev growth +31.9% vs OpEx growth +11.3% (leverage: 2.8x)",
      "severity": "MEDIUM"
    },
    {
      "quarter": "2023-09 (Q3)",
      "signal": "YoY REVENUE GROWTH ACCELERATION",
      "detail": "YoY growth: -3.3% vs prior quarter YoY: -14.3% (accel: +11.0%)",
      "severity": "MEDIUM"
    },
    {
      "quarter": "2023-07 (Q3)",
      "signal": "FCF MARGIN EXPANSION",
      "detail": "FCF margin: +4.1% -> +25.7% (+21.7%)",
      "severity": "MEDIUM"
    },
    {
      "quarter": "2023-07 (Q3)",
      "signal": "GROSS MARGIN INFLECTION",
      "detail": "GM: +45.6% -> +44.5% -> +48.6% (reversal +4.2%)",
      "severity": "MEDIUM"
    },
    {
      "quarter": "2023-07 (Q3)",
      "signal": "INCREMENTAL MARGIN (YoY)",
      "detail": "YoY Incr OPM: +37.7% vs year-ago OPM: +10.8%",
      "severity": "HIGH"
    },
    {
      "quarter": "2023-04 (Q2)",
      "signal": "INCREMENTAL MARGIN (YoY)",
      "detail": "YoY Incr OPM: +54.2% vs year-ago OPM: +13.1%",
      "severity": "HIGH"
    },
    {
      "quarter": "2022-12 (Q4)",
      "signal": "FCF TURNED POSITIVE",
      "detail": "FCF margin: -16.4% -> +32.1%",
      "severity": "HIGH"
    },
    {
      "quarter": "2022-12 (Q4)",
      "signal": "YoY REVENUE GROWTH DECELERATION",
      "detail": "YoY growth: -14.1% vs prior quarter YoY: -8.1% (decel: -6.0%)",
      "severity": "WARNING"
    },
    {
      "quarter": "2022-10 (Q4)",
      "signal": "OPERATING LEVERAGE",
      "detail": "Rev growth +16.8% vs OpEx growth +9.0% (leverage: 1.9x)",
      "severity": "MEDIUM"
    },
    {
      "quarter": "2022-10 (Q4)",
      "signal": "INCREMENTAL MARGIN (YoY)",
      "detail": "YoY Incr OPM: +45.1% vs year-ago OPM: +13.9%",
      "severity": "HIGH"
    },
    {
      "quarter": "2022-07 (Q3)",
      "signal": "FCF TURNED POSITIVE",
      "detail": "FCF margin: -21.9% -> +8.8%",
      "severity": "HIGH"
    },
    {
      "quarter": "2022-07 (Q3)",
      "signal": "YoY REVENUE GROWTH DECELERATION",
      "detail": "YoY growth: -6.1% vs prior quarter YoY: -0.8% (decel: -5.4%)",
      "severity": "WARNING"
    },
    {
      "quarter": "2022-07 (Q3)",
      "signal": "INCREMENTAL MARGIN (YoY)",
      "detail": "YoY Incr OPM: +70.4% vs year-ago OPM: +14.4%",
      "severity": "HIGH"
    },
    {
      "quarter": "2022-04 (Q2)",
      "signal": "YoY REVENUE GROWTH DECELERATION",
      "detail": "YoY growth: -0.8% vs prior quarter YoY: +7.3% (decel: -8.1%)",
      "severity": "WARNING"
    },
    {
      "quarter": "2022-04 (Q2)",
      "signal": "INCREMENTAL MARGIN (YoY)",
      "detail": "YoY Incr OPM: +409.3% vs year-ago OPM: +16.2%",
      "severity": "HIGH"
    },
    {
      "quarter": "2022-01 (Q1)",
      "signal": "FCF TURNED POSITIVE",
      "detail": "FCF margin: -5.7% -> +23.7%",
      "severity": "HIGH"
    },
    {
      "quarter": "2021-10 (Q4)",
      "signal": "OPERATING LEVERAGE",
      "detail": "Rev growth +19.3% vs OpEx growth +9.0% (leverage: 2.1x)",
      "severity": "MEDIUM"
    },
    {
      "quarter": "2021-07 (Q3)",
      "signal": "FCF TURNED POSITIVE",
      "detail": "FCF margin: -6.5% -> +10.7%",
      "severity": "HIGH"
    }
  ],
  "data_quality": {
    "n_quarters": 20,
    "coverage": {
      "revenue": [
        20,
        20
      ],
      "gross_profit": [
        20,
        20
      ],
      "op_income": [
        20,
        20
      ],
      "fcf": [
        20,
        20
      ]
    },
    "gaps": [],
    "warnings": []
  },
  "market_cap": null,
  "source": "SEC EDGAR",
  "last_updated": "2026-02-02T21:54:09.909161",
  "sector": "Consumer Cyclical",
  "industry": "Apparel Retail"
}