{
  "ticker": "CRM",
  "name": "Salesforce, Inc.",
  "quarters": [
    {
      "date": "2021-01-31T00:00:00",
      "quarter_label": "2021-01 (Q1)",
      "revenue": 5817000000,
      "gross_profit": 4338000000,
      "operating_income": 193000000,
      "net_income": 267000000,
      "opex": 4145000000,
      "cogs": 1479000000,
      "rd": 939000000,
      "sga": null,
      "fcf": 2025000000,
      "ocf": 2174000000,
      "capex": -149000000,
      "gross_margin": 0.7457452294997421,
      "op_margin": 0.03317861440605123,
      "fcf_margin": 0.3481175863847344
    },
    {
      "date": "2021-04-30T00:00:00",
      "quarter_label": "2021-04 (Q2)",
      "revenue": 5963000000,
      "gross_profit": 4408000000,
      "operating_income": 354000000,
      "net_income": 469000000,
      "opex": 4054000000,
      "cogs": 1555000000,
      "rd": 951000000,
      "sga": null,
      "fcf": 3057000000,
      "ocf": 3228000000,
      "capex": -171000000,
      "gross_margin": 0.7392252222035888,
      "op_margin": 0.05936609089384538,
      "fcf_margin": 0.512661412040919,
      "op_leverage_ratio": Infinity,
      "fcf_margin_change": 0.16454382565618458
    },
    {
      "date": "2021-07-31T00:00:00",
      "quarter_label": "2021-07 (Q3)",
      "revenue": 6340000000,
      "gross_profit": 4727000000,
      "operating_income": 332000000,
      "net_income": 535000000,
      "opex": 4395000000,
      "cogs": 1613000000,
      "rd": 1020000000,
      "sga": null,
      "fcf": 173000000,
      "ocf": 386000000,
      "capex": -213000000,
      "gross_margin": 0.7455835962145111,
      "op_margin": 0.05236593059936909,
      "fcf_margin": 0.02728706624605678,
      "op_leverage_ratio": 0.7516331158468424,
      "fcf_margin_change": -0.4853743457948622
    },
    {
      "date": "2021-10-31T00:00:00",
      "quarter_label": "2021-10 (Q4)",
      "revenue": 6863000000,
      "gross_profit": 5019000000,
      "operating_income": 38000000,
      "net_income": 468000000,
      "opex": 4981000000,
      "cogs": 1844000000,
      "rd": 1203000000,
      "sga": null,
      "fcf": 238000000,
      "ocf": 404000000,
      "capex": -166000000,
      "gross_margin": 0.7313128369517704,
      "op_margin": 0.005536937199475448,
      "fcf_margin": 0.034678711933556754,
      "op_leverage_ratio": 0.6186908517350158,
      "fcf_margin_change": 0.007391645687499972
    },
    {
      "date": "2022-01-31T00:00:00",
      "quarter_label": "2022-01 (Q1)",
      "revenue": 7326000000,
      "gross_profit": 5312000000,
      "operating_income": -176000000,
      "net_income": -28000000,
      "opex": 5488000000,
      "cogs": 2014000000,
      "rd": 1291000000,
      "sga": null,
      "fcf": 1815000000,
      "ocf": 1982000000,
      "capex": -167000000,
      "gross_margin": 0.7250887250887251,
      "op_margin": -0.024024024024024024,
      "fcf_margin": 0.24774774774774774,
      "incr_op_margin_yoy": -0.24453280318091453,
      "rev_growth_yoy": 0.259412068076328,
      "op_leverage_ratio": 0.6627894311347389,
      "fcf_margin_change": 0.21306903581419098
    },
    {
      "date": "2022-04-30T00:00:00",
      "quarter_label": "2022-04 (Q2)",
      "revenue": 7411000000,
      "gross_profit": 5366000000,
      "operating_income": 20000000,
      "net_income": 28000000,
      "opex": 5346000000,
      "cogs": 2045000000,
      "rd": 1318000000,
      "sga": null,
      "fcf": 3497000000,
      "ocf": 3676000000,
      "capex": -179000000,
      "gross_margin": 0.7240588314667387,
      "op_margin": 0.002698691134799622,
      "fcf_margin": 0.47186614491971396,
      "incr_op_margin_yoy": -0.23066298342541436,
      "rev_growth_yoy": 0.24283078987087037,
      "rev_growth_yoy_accel": -0.016581278205457628,
      "op_leverage_ratio": Infinity,
      "fcf_margin_change": 0.22411839717196622
    },
    {
      "date": "2022-07-31T00:00:00",
      "quarter_label": "2022-07 (Q3)",
      "revenue": 7720000000,
      "gross_profit": 5593000000,
      "operating_income": 193000000,
      "net_income": 68000000,
      "opex": 5400000000,
      "cogs": 2127000000,
      "rd": 1329000000,
      "sga": null,
      "fcf": 131000000,
      "ocf": 334000000,
      "capex": -203000000,
      "gross_margin": 0.724481865284974,
      "op_margin": 0.025,
      "fcf_margin": 0.016968911917098446,
      "incr_op_margin_yoy": -0.10072463768115943,
      "rev_growth_yoy": 0.21766561514195584,
      "rev_growth_yoy_accel": -0.025165174728914524,
      "op_leverage_ratio": 4.127783025232762,
      "fcf_margin_change": -0.45489723300261553
    },
    {
      "date": "2022-10-31T00:00:00",
      "quarter_label": "2022-10 (Q4)",
      "revenue": 7837000000,
      "gross_profit": 5749000000,
      "operating_income": 460000000,
      "net_income": 210000000,
      "opex": 5289000000,
      "cogs": 2088000000,
      "rd": 1280000000,
      "sga": null,
      "fcf": 115000000,
      "ocf": 313000000,
      "capex": -198000000,
      "gross_margin": 0.7335715197141763,
      "op_margin": 0.05869592956488452,
      "fcf_margin": 0.01467398239122113,
      "incr_op_margin_yoy": 0.433264887063655,
      "rev_growth_yoy": 0.14192044295497597,
      "rev_growth_yoy_accel": -0.07574517218697988,
      "op_leverage_ratio": Infinity,
      "fcf_margin_change": -0.002294929525877315
    },
    {
      "date": "2023-01-31T00:00:00",
      "quarter_label": "2023-01 (Q1)",
      "revenue": 8384000000,
      "gross_profit": 6284000000,
      "operating_income": 357000000,
      "net_income": -98000000,
      "opex": 5927000000,
      "cogs": 2100000000,
      "rd": 1128000000,
      "sga": null,
      "fcf": 2570000000,
      "ocf": 2788000000,
      "capex": -218000000,
      "gross_margin": 0.7495229007633588,
      "op_margin": 0.04258110687022901,
      "fcf_margin": 0.3065362595419847,
      "incr_op_margin_yoy": 0.503780718336484,
      "rev_growth_yoy": 0.14441714441714443,
      "rev_growth_yoy_accel": 0.0024967014621684602,
      "op_leverage_ratio": 0.5786159056609133,
      "fcf_margin_change": 0.29186227715076357
    },
    {
      "date": "2023-04-30T00:00:00",
      "quarter_label": "2023-04 (Q2)",
      "revenue": 8247000000,
      "gross_profit": 6122000000,
      "operating_income": 412000000,
      "net_income": 199000000,
      "opex": 5710000000,
      "cogs": 2125000000,
      "rd": 1207000000,
      "sga": null,
      "fcf": 4248000000,
      "ocf": 4491000000,
      "capex": -243000000,
      "gross_margin": 0.7423305444404026,
      "op_margin": 0.049957560324966656,
      "fcf_margin": 0.5150963986904329,
      "incr_op_margin_yoy": 0.4688995215311005,
      "rev_growth_yoy": 0.1128052894346242,
      "rev_growth_yoy_accel": -0.03161185498252023,
      "fcf_margin_change": 0.20856013914844818
    },
    {
      "date": "2023-07-31T00:00:00",
      "quarter_label": "2023-07 (Q3)",
      "revenue": 8603000000,
      "gross_profit": 6490000000,
      "operating_income": 1476000000,
      "net_income": 1267000000,
      "opex": 5014000000,
      "cogs": 2113000000,
      "rd": 1220000000,
      "sga": null,
      "fcf": 628000000,
      "ocf": 808000000,
      "capex": -180000000,
      "gross_margin": 0.7543880041845867,
      "op_margin": 0.17156805765430663,
      "fcf_margin": 0.07299779146809253,
      "incr_op_margin_yoy": 1.4530011325028314,
      "rev_growth_yoy": 0.11437823834196892,
      "rev_growth_yoy_accel": 0.0015729489073447178,
      "op_leverage_ratio": Infinity,
      "fcf_margin_change": -0.44209860722234035
    },
    {
      "date": "2023-10-31T00:00:00",
      "quarter_label": "2023-10 (Q4)",
      "revenue": 8720000000,
      "gross_profit": 6565000000,
      "operating_income": 1501000000,
      "net_income": 1224000000,
      "opex": 5064000000,
      "cogs": 2155000000,
      "rd": 1204000000,
      "sga": null,
      "fcf": 1366000000,
      "ocf": 1532000000,
      "capex": -166000000,
      "gross_margin": 0.7528669724770642,
      "op_margin": 0.17213302752293577,
      "fcf_margin": 0.15665137614678898,
      "incr_op_margin_yoy": 1.1789354473386184,
      "rev_growth_yoy": 0.11267066479520224,
      "rev_growth_yoy_accel": -0.0017075735467666775,
      "op_leverage_ratio": 1.3637986748808555,
      "fcf_margin_change": 0.08365358467869645
    },
    {
      "date": "2024-01-31T00:00:00",
      "quarter_label": "2024-01 (Q1)",
      "revenue": 9287000000,
      "gross_profit": 7139000000,
      "operating_income": 1622000000,
      "net_income": 1446000000,
      "opex": 5517000000,
      "cogs": 2148000000,
      "rd": 1275000000,
      "sga": null,
      "fcf": 3256000000,
      "ocf": 3403000000,
      "capex": -147000000,
      "gross_margin": 0.7687089479918165,
      "op_margin": 0.17465274038979217,
      "fcf_margin": 0.350597609561753,
      "incr_op_margin_yoy": 1.4008859357696568,
      "rev_growth_yoy": 0.10770515267175572,
      "rev_growth_yoy_accel": -0.004965512123446522,
      "op_leverage_ratio": 0.7268789112339753,
      "fcf_margin_change": 0.19394623341496403
    },
    {
      "date": "2024-04-30T00:00:00",
      "quarter_label": "2024-04 (Q2)",
      "revenue": 9133000000,
      "gross_profit": 6971000000,
      "operating_income": 1709000000,
      "net_income": 1533000000,
      "opex": 5262000000,
      "cogs": 2162000000,
      "rd": 1368000000,
      "sga": null,
      "fcf": 6084000000,
      "ocf": 6247000000,
      "capex": -163000000,
      "gross_margin": 0.7632760319719698,
      "op_margin": 0.1871236176502792,
      "fcf_margin": 0.6661556991131063,
      "incr_op_margin_yoy": 1.463882618510158,
      "rev_growth_yoy": 0.1074330059415545,
      "rev_growth_yoy_accel": -0.0002721467302012198,
      "fcf_margin_change": 0.31555808955135334
    },
    {
      "date": "2024-07-31T00:00:00",
      "quarter_label": "2024-07 (Q3)",
      "revenue": 9325000000,
      "gross_profit": 7166000000,
      "operating_income": 1783000000,
      "net_income": 1429000000,
      "opex": 5383000000,
      "cogs": 2159000000,
      "rd": 1349000000,
      "sga": null,
      "fcf": 755000000,
      "ocf": 892000000,
      "capex": -137000000,
      "gross_margin": 0.7684718498659517,
      "op_margin": 0.1912064343163539,
      "fcf_margin": 0.08096514745308311,
      "incr_op_margin_yoy": 0.425207756232687,
      "rev_growth_yoy": 0.0839242124840172,
      "rev_growth_yoy_accel": -0.0235087934575373,
      "op_leverage_ratio": 0.9142253185930957,
      "fcf_margin_change": -0.5851905516600232
    },
    {
      "date": "2024-10-31T00:00:00",
      "quarter_label": "2024-10 (Q4)",
      "revenue": 9444000000,
      "gross_profit": 7339000000,
      "operating_income": 1893000000,
      "net_income": 1527000000,
      "opex": 5446000000,
      "cogs": 2105000000,
      "rd": 1356000000,
      "sga": null,
      "fcf": 1779000000,
      "ocf": 1983000000,
      "capex": -204000000,
      "gross_margin": 0.7771071579839052,
      "op_margin": 0.20044472681067343,
      "fcf_margin": 0.1883735705209657,
      "incr_op_margin_yoy": 0.5414364640883977,
      "rev_growth_yoy": 0.08302752293577982,
      "rev_growth_yoy_accel": -0.0008966895482373782,
      "op_leverage_ratio": 1.0903902293714627,
      "fcf_margin_change": 0.10740842306788259
    },
    {
      "date": "2025-01-31T00:00:00",
      "quarter_label": "2025-01 (Q1)",
      "revenue": 9993000000,
      "gross_profit": 7776000000,
      "operating_income": 1820000000,
      "net_income": 1708000000,
      "opex": 5956000000,
      "cogs": 2217000000,
      "rd": 1420000000,
      "sga": null,
      "fcf": 3816000000,
      "ocf": 3970000000,
      "capex": -154000000,
      "gross_margin": 0.7781447012909036,
      "op_margin": 0.18212748924246974,
      "fcf_margin": 0.38186730711498046,
      "incr_op_margin_yoy": 0.2804532577903683,
      "rev_growth_yoy": 0.07602024335092064,
      "rev_growth_yoy_accel": -0.00700727958485918,
      "op_leverage_ratio": 0.6207601464982435,
      "fcf_margin_change": 0.19349373659401475
    },
    {
      "date": "2025-04-30T00:00:00",
      "quarter_label": "2025-04 (Q2)",
      "revenue": 9829000000,
      "gross_profit": 7564000000,
      "operating_income": 1942000000,
      "net_income": 1541000000,
      "opex": 5622000000,
      "cogs": 2265000000,
      "rd": 1460000000,
      "sga": null,
      "fcf": 6297000000,
      "ocf": 6476000000,
      "capex": -179000000,
      "gross_margin": 0.7695594668837115,
      "op_margin": 0.19757859395665886,
      "fcf_margin": 0.6406552039881982,
      "incr_op_margin_yoy": 0.33477011494252873,
      "rev_growth_yoy": 0.07620716084528632,
      "rev_growth_yoy_accel": 0.00018691749436568206,
      "fcf_margin_change": 0.25878789687321774
    },
    {
      "date": "2025-07-31T00:00:00",
      "quarter_label": "2025-07 (Q3)",
      "revenue": 10236000000,
      "gross_profit": 7994000000,
      "operating_income": 2332000000,
      "net_income": 1887000000,
      "opex": 5662000000,
      "cogs": 2242000000,
      "rd": 1481000000,
      "sga": null,
      "fcf": 605000000,
      "ocf": 740000000,
      "capex": -135000000,
      "gross_margin": 0.780969128565846,
      "op_margin": 0.2278233685033216,
      "fcf_margin": 0.059105119187182496,
      "incr_op_margin_yoy": 0.6026344676180022,
      "rev_growth_yoy": 0.09769436997319035,
      "rev_growth_yoy_accel": 0.021487209127904028,
      "op_leverage_ratio": 5.8199053820327595,
      "fcf_margin_change": -0.5815500848010157
    },
    {
      "date": "2025-10-31T00:00:00",
      "quarter_label": "2025-10 (Q4)",
      "revenue": 10259000000,
      "gross_profit": 8004000000,
      "operating_income": 2188000000,
      "net_income": 2086000000,
      "opex": 5816000000,
      "cogs": 2255000000,
      "rd": 1433000000,
      "sga": null,
      "fcf": 2177000000,
      "ocf": 2316000000,
      "capex": -139000000,
      "gross_margin": 0.78019300126718,
      "op_margin": 0.21327614777268739,
      "fcf_margin": 0.21220391851057607,
      "incr_op_margin_yoy": 0.3619631901840491,
      "rev_growth_yoy": 0.08629817873782296,
      "rev_growth_yoy_accel": -0.011396191235367392,
      "fcf_margin_change": 0.15309879932339357
    }
  ],
  "signals": [
    {
      "quarter": "2025-10 (Q4)",
      "signal": "FCF MARGIN EXPANSION",
      "detail": "FCF margin: +5.9% -> +21.2% (+15.3%)",
      "severity": "MEDIUM"
    },
    {
      "quarter": "2025-10 (Q4)",
      "signal": "INCREMENTAL MARGIN (YoY)",
      "detail": "YoY Incr OPM: +36.2% vs year-ago OPM: +20.0%",
      "severity": "MEDIUM"
    },
    {
      "quarter": "2025-07 (Q3)",
      "signal": "OPERATING LEVERAGE",
      "detail": "Rev growth +4.1% vs OpEx growth +0.7% (leverage: 5.8x)",
      "severity": "MEDIUM"
    },
    {
      "quarter": "2025-07 (Q3)",
      "signal": "INCREMENTAL MARGIN (YoY)",
      "detail": "YoY Incr OPM: +60.3% vs year-ago OPM: +19.1%",
      "severity": "HIGH"
    },
    {
      "quarter": "2025-04 (Q2)",
      "signal": "FCF MARGIN EXPANSION",
      "detail": "FCF margin: +38.2% -> +64.1% (+25.9%)",
      "severity": "MEDIUM"
    },
    {
      "quarter": "2025-04 (Q2)",
      "signal": "INCREMENTAL MARGIN (YoY)",
      "detail": "YoY Incr OPM: +33.5% vs year-ago OPM: +18.7%",
      "severity": "MEDIUM"
    },
    {
      "quarter": "2025-01 (Q1)",
      "signal": "FCF MARGIN EXPANSION",
      "detail": "FCF margin: +18.8% -> +38.2% (+19.3%)",
      "severity": "MEDIUM"
    },
    {
      "quarter": "2025-01 (Q1)",
      "signal": "INCREMENTAL MARGIN (YoY)",
      "detail": "YoY Incr OPM: +28.0% vs year-ago OPM: +17.5%",
      "severity": "MEDIUM"
    },
    {
      "quarter": "2024-10 (Q4)",
      "signal": "FCF MARGIN EXPANSION",
      "detail": "FCF margin: +8.1% -> +18.8% (+10.7%)",
      "severity": "MEDIUM"
    },
    {
      "quarter": "2024-10 (Q4)",
      "signal": "INCREMENTAL MARGIN (YoY)",
      "detail": "YoY Incr OPM: +54.1% vs year-ago OPM: +17.2%",
      "severity": "HIGH"
    },
    {
      "quarter": "2024-07 (Q3)",
      "signal": "INCREMENTAL MARGIN (YoY)",
      "detail": "YoY Incr OPM: +42.5% vs year-ago OPM: +17.2%",
      "severity": "HIGH"
    },
    {
      "quarter": "2024-04 (Q2)",
      "signal": "FCF MARGIN EXPANSION",
      "detail": "FCF margin: +35.1% -> +66.6% (+31.6%)",
      "severity": "MEDIUM"
    },
    {
      "quarter": "2024-04 (Q2)",
      "signal": "INCREMENTAL MARGIN (YoY)",
      "detail": "YoY Incr OPM: +146.4% vs year-ago OPM: +5.0%",
      "severity": "HIGH"
    },
    {
      "quarter": "2024-01 (Q1)",
      "signal": "FCF MARGIN EXPANSION",
      "detail": "FCF margin: +15.7% -> +35.1% (+19.4%)",
      "severity": "MEDIUM"
    },
    {
      "quarter": "2024-01 (Q1)",
      "signal": "INCREMENTAL MARGIN (YoY)",
      "detail": "YoY Incr OPM: +140.1% vs year-ago OPM: +4.3%",
      "severity": "HIGH"
    },
    {
      "quarter": "2023-10 (Q4)",
      "signal": "FCF MARGIN EXPANSION",
      "detail": "FCF margin: +7.3% -> +15.7% (+8.4%)",
      "severity": "MEDIUM"
    },
    {
      "quarter": "2023-10 (Q4)",
      "signal": "INCREMENTAL MARGIN (YoY)",
      "detail": "YoY Incr OPM: +117.9% vs year-ago OPM: +5.9%",
      "severity": "HIGH"
    },
    {
      "quarter": "2023-07 (Q3)",
      "signal": "INCREMENTAL MARGIN (YoY)",
      "detail": "YoY Incr OPM: +145.3% vs year-ago OPM: +2.5%",
      "severity": "HIGH"
    },
    {
      "quarter": "2023-04 (Q2)",
      "signal": "FCF MARGIN EXPANSION",
      "detail": "FCF margin: +30.7% -> +51.5% (+20.9%)",
      "severity": "MEDIUM"
    },
    {
      "quarter": "2023-04 (Q2)",
      "signal": "INCREMENTAL MARGIN (YoY)",
      "detail": "YoY Incr OPM: +46.9% vs year-ago OPM: +0.3%",
      "severity": "HIGH"
    },
    {
      "quarter": "2023-01 (Q1)",
      "signal": "FCF MARGIN EXPANSION",
      "detail": "FCF margin: +1.5% -> +30.7% (+29.2%)",
      "severity": "MEDIUM"
    },
    {
      "quarter": "2023-01 (Q1)",
      "signal": "OP MARGIN TURNED POSITIVE (YoY)",
      "detail": "Op margin: -2.4% (year-ago) -> +4.3%",
      "severity": "HIGH"
    },
    {
      "quarter": "2022-10 (Q4)",
      "signal": "YoY REVENUE GROWTH DECELERATION",
      "detail": "YoY growth: +14.2% vs prior quarter YoY: +21.8% (decel: -7.6%)",
      "severity": "WARNING"
    },
    {
      "quarter": "2022-10 (Q4)",
      "signal": "INCREMENTAL MARGIN (YoY)",
      "detail": "YoY Incr OPM: +43.3% vs year-ago OPM: +0.6%",
      "severity": "HIGH"
    },
    {
      "quarter": "2022-07 (Q3)",
      "signal": "OPERATING LEVERAGE",
      "detail": "Rev growth +4.2% vs OpEx growth +1.0% (leverage: 4.1x)",
      "severity": "MEDIUM"
    },
    {
      "quarter": "2022-04 (Q2)",
      "signal": "FCF MARGIN EXPANSION",
      "detail": "FCF margin: +24.8% -> +47.2% (+22.4%)",
      "severity": "MEDIUM"
    },
    {
      "quarter": "2022-04 (Q2)",
      "signal": "OP MARGIN TURNED POSITIVE (QoQ)",
      "detail": "Op margin: -2.4% -> +0.3%",
      "severity": "HIGH"
    },
    {
      "quarter": "2022-01 (Q1)",
      "signal": "FCF MARGIN EXPANSION",
      "detail": "FCF margin: +3.5% -> +24.8% (+21.3%)",
      "severity": "MEDIUM"
    },
    {
      "quarter": "2021-04 (Q2)",
      "signal": "FCF MARGIN EXPANSION",
      "detail": "FCF margin: +34.8% -> +51.3% (+16.5%)",
      "severity": "MEDIUM"
    }
  ],
  "data_quality": {
    "n_quarters": 20,
    "coverage": {
      "revenue": [
        20,
        20
      ],
      "gross_profit": [
        20,
        20
      ],
      "op_income": [
        20,
        20
      ],
      "fcf": [
        20,
        20
      ]
    },
    "gaps": [],
    "warnings": []
  },
  "market_cap": null,
  "source": "SEC EDGAR",
  "last_updated": "2026-02-02T19:46:10.696568",
  "sector": "Technology",
  "industry": "Software - Application"
}