{
  "ticker": "CRNC",
  "name": "CERENCE INC.",
  "quarters": [
    {
      "date": "2020-12-31T00:00:00",
      "quarter_label": "2020-12 (Q4)",
      "revenue": 94964000,
      "gross_profit": 68083000,
      "operating_income": 20272000,
      "net_income": 21638000,
      "opex": 47811000,
      "cogs": 26881000,
      "rd": 24091000,
      "sga": null,
      "fcf": 8440000,
      "ocf": 10809000,
      "capex": -2369000,
      "gross_margin": 0.7169348384651025,
      "op_margin": 0.21347036771829325,
      "fcf_margin": 0.08887578450781349
    },
    {
      "date": "2021-03-31T00:00:00",
      "quarter_label": "2021-03 (Q1)",
      "revenue": 98662000,
      "gross_profit": 72438000,
      "operating_income": 17343000,
      "net_income": 11163000,
      "opex": 55095000,
      "cogs": 26224000,
      "rd": 28864000,
      "sga": null,
      "fcf": 13388000,
      "ocf": 16200000,
      "capex": -2812000,
      "gross_margin": 0.7342036447669822,
      "op_margin": 0.1757819626603961,
      "fcf_margin": 0.13569560722466603,
      "op_leverage_ratio": 0.25560291224899795,
      "fcf_margin_change": 0.04681982271685255
    },
    {
      "date": "2021-06-30T00:00:00",
      "quarter_label": "2021-06 (Q2)",
      "revenue": 96801000,
      "gross_profit": 72966000,
      "operating_income": 14949000,
      "net_income": 5798000,
      "opex": 58017000,
      "cogs": 23835000,
      "rd": 30370000,
      "sga": null,
      "fcf": 21185000,
      "ocf": 24059000,
      "capex": -2874000,
      "gross_margin": 0.7537732048222643,
      "op_margin": 0.15443022282827656,
      "fcf_margin": 0.21885104492722182,
      "fcf_margin_change": 0.08315543770255579
    },
    {
      "date": "2021-09-30T00:00:00",
      "quarter_label": "2021-09 (Q3)",
      "revenue": 98076000,
      "gross_profit": 73949000,
      "operating_income": 10758000,
      "net_income": 7991000,
      "opex": 63191000,
      "cogs": 24127000,
      "rd": 28705000,
      "sga": null,
      "fcf": 19329000,
      "ocf": 23321000,
      "capex": -3992000,
      "gross_margin": 0.7539969003629838,
      "op_margin": 0.10969044414535666,
      "fcf_margin": 0.197081854888046,
      "op_leverage_ratio": 0.14769275261738196,
      "fcf_margin_change": -0.021769190039175823
    },
    {
      "date": "2021-12-31T00:00:00",
      "quarter_label": "2021-12 (Q4)",
      "revenue": 94426000,
      "gross_profit": 70199000,
      "operating_income": 22932000,
      "net_income": 19044000,
      "opex": 47267000,
      "cogs": 24227000,
      "rd": 25792000,
      "sga": null,
      "fcf": 735000,
      "ocf": 5145000,
      "capex": -4410000,
      "gross_margin": 0.7434287166670197,
      "op_margin": 0.24285684027704235,
      "fcf_margin": 0.0077838730858026395,
      "rev_growth_yoy": -0.0056653047470620445,
      "fcf_margin_change": -0.18929798180224336
    },
    {
      "date": "2022-03-31T00:00:00",
      "quarter_label": "2022-03 (Q1)",
      "revenue": 86280000,
      "gross_profit": 61974000,
      "operating_income": 6280000,
      "net_income": -476000,
      "opex": 55694000,
      "cogs": 24306000,
      "rd": 29976000,
      "sga": null,
      "fcf": -3977000,
      "ocf": 1598000,
      "capex": -5575000,
      "gross_margin": 0.718289290681502,
      "op_margin": 0.0727862772369031,
      "fcf_margin": -0.046094112192860456,
      "incr_op_margin_yoy": 0.8934743983201422,
      "rev_growth_yoy": -0.1254991790152237,
      "rev_growth_yoy_accel": -0.11983387426816165,
      "fcf_margin_change": -0.053877985278663096
    },
    {
      "date": "2022-06-30T00:00:00",
      "quarter_label": "2022-06 (Q2)",
      "revenue": 89041000,
      "gross_profit": 64789000,
      "operating_income": 15777000,
      "net_income": -99267000,
      "opex": 49012000,
      "cogs": 24252000,
      "rd": 26040000,
      "sga": null,
      "fcf": -8361000,
      "ocf": -3928000,
      "capex": -4433000,
      "gross_margin": 0.7276310912950213,
      "op_margin": 0.17718803697173213,
      "fcf_margin": -0.0939005626621444,
      "incr_op_margin_yoy": -0.10670103092783505,
      "rev_growth_yoy": -0.08016446111093893,
      "rev_growth_yoy_accel": 0.04533471790428477,
      "op_leverage_ratio": Infinity,
      "fcf_margin_change": -0.047806450469283945
    },
    {
      "date": "2022-09-30T00:00:00",
      "quarter_label": "2022-09 (Q3)",
      "revenue": 58144000,
      "gross_profit": 33761000,
      "operating_income": -229334000,
      "net_income": -230127000,
      "opex": 263095000,
      "cogs": 24383000,
      "rd": 25308000,
      "sga": null,
      "fcf": -7981000,
      "ocf": -4953000,
      "capex": -3028000,
      "gross_margin": 0.5806446064942212,
      "op_margin": -3.9442418822234453,
      "fcf_margin": -0.1372626582278481,
      "incr_op_margin_yoy": 6.012521286186517,
      "rev_growth_yoy": -0.4071536359557894,
      "rev_growth_yoy_accel": -0.32698917484485046,
      "fcf_margin_change": -0.04336209556570371
    },
    {
      "date": "2022-12-31T00:00:00",
      "quarter_label": "2022-12 (Q4)",
      "revenue": 83658000,
      "gross_profit": 57475000,
      "operating_income": -1977000,
      "net_income": -2158000,
      "opex": 59452000,
      "cogs": 26183000,
      "rd": 29494000,
      "sga": null,
      "fcf": -2801000,
      "ocf": -2118000,
      "capex": -683000,
      "gross_margin": 0.6870233570011236,
      "op_margin": -0.023631930000717206,
      "fcf_margin": -0.03348155585837577,
      "incr_op_margin_yoy": 2.31324294205052,
      "rev_growth_yoy": -0.11403638828288819,
      "rev_growth_yoy_accel": 0.2931172476729012,
      "op_leverage_ratio": Infinity,
      "fcf_margin_change": 0.10378110236947234
    },
    {
      "date": "2023-03-31T00:00:00",
      "quarter_label": "2023-03 (Q1)",
      "revenue": 68393000,
      "gross_profit": 43379000,
      "operating_income": -20617000,
      "net_income": -26089000,
      "opex": 63996000,
      "cogs": 25014000,
      "rd": 28494000,
      "sga": null,
      "fcf": 5161000,
      "ocf": 6555000,
      "capex": -1394000,
      "gross_margin": 0.6342608161653971,
      "op_margin": -0.3014489786966502,
      "fcf_margin": 0.07546093898498385,
      "incr_op_margin_yoy": 1.503717783865377,
      "rev_growth_yoy": -0.20731339823829392,
      "rev_growth_yoy_accel": -0.09327700995540573,
      "fcf_margin_change": 0.10894249484335962
    },
    {
      "date": "2023-06-30T00:00:00",
      "quarter_label": "2023-06 (Q2)",
      "revenue": 61660000,
      "gross_profit": 40722000,
      "operating_income": -8501000,
      "net_income": -16455000,
      "opex": 49223000,
      "cogs": 20938000,
      "rd": 30202000,
      "sga": null,
      "fcf": -9717000,
      "ocf": -8197000,
      "capex": -1520000,
      "gross_margin": 0.6604281543950697,
      "op_margin": -0.13786895880635744,
      "fcf_margin": -0.15759000973078172,
      "incr_op_margin_yoy": 0.8866732405682772,
      "rev_growth_yoy": -0.30751002347233297,
      "rev_growth_yoy_accel": -0.10019662523403905,
      "fcf_margin_change": -0.23305094871576557
    },
    {
      "date": "2023-09-30T00:00:00",
      "quarter_label": "2023-09 (Q3)",
      "revenue": 80764000,
      "gross_profit": 57736000,
      "operating_income": 3896000,
      "net_income": -11552000,
      "opex": 53840000,
      "cogs": 23028000,
      "rd": 35143000,
      "sga": null,
      "fcf": 9731000,
      "ocf": 11258000,
      "capex": -1527000,
      "gross_margin": 0.7148729632014263,
      "op_margin": 0.04823931454608489,
      "fcf_margin": 0.12048685057698975,
      "incr_op_margin_yoy": 10.310786914235191,
      "rev_growth_yoy": 0.38903412217941663,
      "rev_growth_yoy_accel": 0.6965441456517496,
      "op_leverage_ratio": 3.303155306606035,
      "fcf_margin_change": 0.27807686030777146
    },
    {
      "date": "2023-12-31T00:00:00",
      "quarter_label": "2023-12 (Q4)",
      "revenue": 138335000,
      "gross_profit": 112000000,
      "operating_income": 58580000,
      "net_income": 23857000,
      "opex": 53420000,
      "cogs": 26335000,
      "rd": 33306000,
      "sga": null,
      "fcf": -3746000,
      "ocf": -2815000,
      "capex": -931000,
      "gross_margin": 0.8096287996530163,
      "op_margin": 0.4234647775328008,
      "fcf_margin": -0.02707919181696606,
      "incr_op_margin_yoy": 1.1075406478043783,
      "rev_growth_yoy": 0.6535776614310645,
      "rev_growth_yoy_accel": 0.2645435392516479,
      "op_leverage_ratio": Infinity,
      "fcf_margin_change": -0.14756604239395582
    },
    {
      "date": "2024-03-31T00:00:00",
      "quarter_label": "2024-03 (Q1)",
      "revenue": 67825000,
      "gross_profit": 46943000,
      "operating_income": -264383000,
      "net_income": -277976000,
      "opex": 311326000,
      "cogs": 20882000,
      "rd": 31846000,
      "sga": null,
      "fcf": -801000,
      "ocf": 1044000,
      "capex": -1845000,
      "gross_margin": 0.6921194249907852,
      "op_margin": -3.8980169553999264,
      "fcf_margin": -0.011809804644305198,
      "rev_growth_yoy": -0.008304943488368693,
      "rev_growth_yoy_accel": -0.6618826049194333,
      "fcf_margin_change": 0.015269387172660862
    },
    {
      "date": "2024-06-30T00:00:00",
      "quarter_label": "2024-06 (Q2)",
      "revenue": 70539000,
      "gross_profit": 50434000,
      "operating_income": -354905000,
      "net_income": -313543000,
      "opex": 405339000,
      "cogs": 20105000,
      "rd": 31184000,
      "sga": null,
      "fcf": 12078000,
      "ocf": 12852000,
      "capex": -774000,
      "gross_margin": 0.7149803654715831,
      "op_margin": -5.031330186138165,
      "fcf_margin": 0.1712244290392549,
      "incr_op_margin_yoy": -39.01385291136389,
      "rev_growth_yoy": 0.1439993512812196,
      "rev_growth_yoy_accel": 0.1523042947695883,
      "op_leverage_ratio": 0.13250965437099538,
      "fcf_margin_change": 0.1830342336835601
    },
    {
      "date": "2024-09-30T00:00:00",
      "quarter_label": "2024-09 (Q3)",
      "revenue": 54805000,
      "gross_profit": 34895000,
      "operating_income": -19228000,
      "net_income": -20416000,
      "opex": 54123000,
      "cogs": 19910000,
      "rd": 25227000,
      "sga": null,
      "fcf": 4669000,
      "ocf": 6115000,
      "capex": -1446000,
      "gross_margin": 0.636711978834048,
      "op_margin": -0.3508439011039139,
      "fcf_margin": 0.08519295684700301,
      "incr_op_margin_yoy": 0.8907893216225586,
      "rev_growth_yoy": -0.3214179584963598,
      "rev_growth_yoy_accel": -0.4654173097775794,
      "fcf_margin_change": -0.08603147219225188
    },
    {
      "date": "2024-12-31T00:00:00",
      "quarter_label": "2024-12 (Q4)",
      "revenue": 50896000,
      "gross_profit": 33072000,
      "operating_income": -16933000,
      "net_income": -24288000,
      "opex": 50005000,
      "cogs": 17824000,
      "rd": 20869000,
      "sga": null,
      "fcf": 7894000,
      "ocf": 9254000,
      "capex": -1360000,
      "gross_margin": 0.6497956617415906,
      "op_margin": -0.3326980509273813,
      "fcf_margin": 0.15510059729644765,
      "incr_op_margin_yoy": 0.8636077722755292,
      "rev_growth_yoy": -0.6320815411862508,
      "rev_growth_yoy_accel": -0.310663582689891,
      "fcf_margin_change": 0.06990764044944464
    },
    {
      "date": "2025-03-31T00:00:00",
      "quarter_label": "2025-03 (Q1)",
      "revenue": 78010000,
      "gross_profit": 60181000,
      "operating_income": 17352000,
      "net_income": 21656000,
      "opex": 42829000,
      "cogs": 17829000,
      "rd": 23332000,
      "sga": null,
      "fcf": 13123000,
      "ocf": 15466000,
      "capex": -2343000,
      "gross_margin": 0.7714523779002692,
      "op_margin": 0.22243302140751187,
      "fcf_margin": 0.1682220228175875,
      "incr_op_margin_yoy": 27.661757486499756,
      "rev_growth_yoy": 0.15016586804275708,
      "rev_growth_yoy_accel": 0.7822474092290079,
      "op_leverage_ratio": Infinity,
      "fcf_margin_change": 0.013121425521139846
    },
    {
      "date": "2025-06-30T00:00:00",
      "quarter_label": "2025-06 (Q2)",
      "revenue": 62236000,
      "gross_profit": 45888000,
      "operating_income": -948000,
      "net_income": -2721000,
      "opex": 46836000,
      "cogs": 16348000,
      "rd": 27152000,
      "sga": null,
      "fcf": 16051000,
      "ocf": 23701000,
      "capex": -7650000,
      "gross_margin": 0.7373224500289222,
      "op_margin": -0.015232341410116331,
      "fcf_margin": 0.2579053923774021,
      "incr_op_margin_yoy": -42.630013248223534,
      "rev_growth_yoy": -0.1177079346177292,
      "rev_growth_yoy_accel": -0.26787380266048627,
      "fcf_margin_change": 0.08968336955981462
    },
    {
      "date": "2025-09-30T00:00:00",
      "quarter_label": "2025-09 (Q3)",
      "revenue": 60639000,
      "gross_profit": 43995000,
      "operating_income": -1762000,
      "net_income": -13361000,
      "opex": 45757000,
      "cogs": 16644000,
      "rd": 26403000,
      "sga": null,
      "fcf": 9749000,
      "ocf": 12752000,
      "capex": -3003000,
      "gross_margin": 0.725523178152674,
      "op_margin": -0.029057207407773875,
      "fcf_margin": 0.16077112089579312,
      "incr_op_margin_yoy": 2.993829276654097,
      "rev_growth_yoy": 0.10645014141045525,
      "rev_growth_yoy_accel": 0.22415807602818444,
      "fcf_margin_change": -0.097134271481609
    }
  ],
  "signals": [
    {
      "quarter": "2025-09 (Q3)",
      "signal": "YoY REVENUE GROWTH ACCELERATION",
      "detail": "YoY growth: +10.6% vs prior quarter YoY: -11.8% (accel: +22.4%)",
      "severity": "HIGH"
    },
    {
      "quarter": "2025-06 (Q2)",
      "signal": "FCF MARGIN EXPANSION",
      "detail": "FCF margin: +16.8% -> +25.8% (+9.0%)",
      "severity": "MEDIUM"
    },
    {
      "quarter": "2025-06 (Q2)",
      "signal": "YoY REVENUE GROWTH DECELERATION",
      "detail": "YoY growth: -11.8% vs prior quarter YoY: +15.0% (decel: -26.8%)",
      "severity": "WARNING"
    },
    {
      "quarter": "2025-03 (Q1)",
      "signal": "YoY REVENUE GROWTH ACCELERATION",
      "detail": "YoY growth: +15.0% vs prior quarter YoY: -63.2% (accel: +78.2%)",
      "severity": "HIGH"
    },
    {
      "quarter": "2025-03 (Q1)",
      "signal": "OP MARGIN TURNED POSITIVE (YoY)",
      "detail": "Op margin: -389.8% (year-ago) -> +22.2%",
      "severity": "HIGH"
    },
    {
      "quarter": "2025-03 (Q1)",
      "signal": "OP MARGIN TURNED POSITIVE (QoQ)",
      "detail": "Op margin: -33.3% -> +22.2%",
      "severity": "HIGH"
    },
    {
      "quarter": "2024-12 (Q4)",
      "signal": "FCF MARGIN EXPANSION",
      "detail": "FCF margin: +8.5% -> +15.5% (+7.0%)",
      "severity": "MEDIUM"
    },
    {
      "quarter": "2024-12 (Q4)",
      "signal": "YoY REVENUE GROWTH DECELERATION",
      "detail": "YoY growth: -63.2% vs prior quarter YoY: -32.1% (decel: -31.1%)",
      "severity": "WARNING"
    },
    {
      "quarter": "2024-09 (Q3)",
      "signal": "YoY REVENUE GROWTH DECELERATION",
      "detail": "YoY growth: -32.1% vs prior quarter YoY: +14.4% (decel: -46.5%)",
      "severity": "WARNING"
    },
    {
      "quarter": "2024-06 (Q2)",
      "signal": "FCF TURNED POSITIVE",
      "detail": "FCF margin: -1.2% -> +17.1%",
      "severity": "HIGH"
    },
    {
      "quarter": "2024-06 (Q2)",
      "signal": "GROSS MARGIN INFLECTION",
      "detail": "GM: +81.0% -> +69.2% -> +71.5% (reversal +2.3%)",
      "severity": "MEDIUM"
    },
    {
      "quarter": "2024-06 (Q2)",
      "signal": "YoY REVENUE GROWTH ACCELERATION",
      "detail": "YoY growth: +14.4% vs prior quarter YoY: -0.8% (accel: +15.2%)",
      "severity": "HIGH"
    },
    {
      "quarter": "2024-03 (Q1)",
      "signal": "YoY REVENUE GROWTH DECELERATION",
      "detail": "YoY growth: -0.8% vs prior quarter YoY: +65.4% (decel: -66.2%)",
      "severity": "WARNING"
    },
    {
      "quarter": "2023-12 (Q4)",
      "signal": "YoY REVENUE GROWTH ACCELERATION",
      "detail": "YoY growth: +65.4% vs prior quarter YoY: +38.9% (accel: +26.5%)",
      "severity": "HIGH"
    },
    {
      "quarter": "2023-12 (Q4)",
      "signal": "OP MARGIN TURNED POSITIVE (YoY)",
      "detail": "Op margin: -2.4% (year-ago) -> +42.3%",
      "severity": "HIGH"
    },
    {
      "quarter": "2023-09 (Q3)",
      "signal": "FCF TURNED POSITIVE",
      "detail": "FCF margin: -15.8% -> +12.0%",
      "severity": "HIGH"
    },
    {
      "quarter": "2023-09 (Q3)",
      "signal": "OPERATING LEVERAGE",
      "detail": "Rev growth +31.0% vs OpEx growth +9.4% (leverage: 3.3x)",
      "severity": "MEDIUM"
    },
    {
      "quarter": "2023-09 (Q3)",
      "signal": "YoY REVENUE GROWTH ACCELERATION",
      "detail": "YoY growth: +38.9% vs prior quarter YoY: -30.8% (accel: +69.7%)",
      "severity": "HIGH"
    },
    {
      "quarter": "2023-09 (Q3)",
      "signal": "OP MARGIN TURNED POSITIVE (YoY)",
      "detail": "Op margin: -394.4% (year-ago) -> +4.8%",
      "severity": "HIGH"
    },
    {
      "quarter": "2023-09 (Q3)",
      "signal": "OP MARGIN TURNED POSITIVE (QoQ)",
      "detail": "Op margin: -13.8% -> +4.8%",
      "severity": "HIGH"
    },
    {
      "quarter": "2023-06 (Q2)",
      "signal": "GROSS MARGIN INFLECTION",
      "detail": "GM: +68.7% -> +63.4% -> +66.0% (reversal +2.6%)",
      "severity": "MEDIUM"
    },
    {
      "quarter": "2023-06 (Q2)",
      "signal": "YoY REVENUE GROWTH DECELERATION",
      "detail": "YoY growth: -30.8% vs prior quarter YoY: -20.7% (decel: -10.0%)",
      "severity": "WARNING"
    },
    {
      "quarter": "2023-03 (Q1)",
      "signal": "FCF TURNED POSITIVE",
      "detail": "FCF margin: -3.3% -> +7.5%",
      "severity": "HIGH"
    },
    {
      "quarter": "2023-03 (Q1)",
      "signal": "YoY REVENUE GROWTH DECELERATION",
      "detail": "YoY growth: -20.7% vs prior quarter YoY: -11.4% (decel: -9.3%)",
      "severity": "WARNING"
    },
    {
      "quarter": "2022-12 (Q4)",
      "signal": "FCF MARGIN EXPANSION",
      "detail": "FCF margin: -13.7% -> -3.3% (+10.4%)",
      "severity": "MEDIUM"
    },
    {
      "quarter": "2022-12 (Q4)",
      "signal": "GROSS MARGIN INFLECTION",
      "detail": "GM: +72.8% -> +58.1% -> +68.7% (reversal +10.6%)",
      "severity": "HIGH"
    },
    {
      "quarter": "2022-12 (Q4)",
      "signal": "YoY REVENUE GROWTH ACCELERATION",
      "detail": "YoY growth: -11.4% vs prior quarter YoY: -40.7% (accel: +29.3%)",
      "severity": "HIGH"
    },
    {
      "quarter": "2022-09 (Q3)",
      "signal": "YoY REVENUE GROWTH DECELERATION",
      "detail": "YoY growth: -40.7% vs prior quarter YoY: -8.0% (decel: -32.7%)",
      "severity": "WARNING"
    },
    {
      "quarter": "2022-03 (Q1)",
      "signal": "YoY REVENUE GROWTH DECELERATION",
      "detail": "YoY growth: -12.5% vs prior quarter YoY: -0.6% (decel: -12.0%)",
      "severity": "WARNING"
    },
    {
      "quarter": "2022-03 (Q1)",
      "signal": "INCREMENTAL MARGIN (YoY)",
      "detail": "YoY Incr OPM: +89.3% vs year-ago OPM: +17.6%",
      "severity": "HIGH"
    },
    {
      "quarter": "2021-06 (Q2)",
      "signal": "FCF MARGIN EXPANSION",
      "detail": "FCF margin: +13.6% -> +21.9% (+8.3%)",
      "severity": "MEDIUM"
    }
  ],
  "data_quality": {
    "n_quarters": 20,
    "coverage": {
      "revenue": [
        20,
        20
      ],
      "gross_profit": [
        20,
        20
      ],
      "op_income": [
        20,
        20
      ],
      "fcf": [
        20,
        20
      ]
    },
    "gaps": [],
    "warnings": []
  },
  "market_cap": null,
  "source": "SEC EDGAR",
  "last_updated": "2026-02-02T22:21:58.467146",
  "sector": "Technology",
  "industry": "Software - Application"
}