{
  "ticker": "CRON",
  "name": "CRONOS GROUP INC.",
  "quarters": [
    {
      "date": "2020-12-31T00:00:00",
      "quarter_label": "2020-12 (Q4)",
      "revenue": 17046000,
      "gross_profit": -14898000,
      "operating_income": -58410000,
      "net_income": -111233000,
      "opex": 43512000,
      "cogs": null,
      "rd": 7411000,
      "sga": null,
      "fcf": -48406000,
      "ocf": -38328000,
      "capex": -10078000,
      "gross_margin": -0.8739880323829637,
      "op_margin": -3.426610348468849,
      "fcf_margin": -2.8397277953772146
    },
    {
      "date": "2021-03-31T00:00:00",
      "quarter_label": "2021-03 (Q1)",
      "revenue": 12611000,
      "gross_profit": -2963000,
      "operating_income": -43459000,
      "net_income": -161312000,
      "opex": 40496000,
      "cogs": null,
      "rd": 5102000,
      "sga": null,
      "fcf": -53295000,
      "ocf": -46615000,
      "capex": -6680000,
      "gross_margin": -0.23495361192609626,
      "op_margin": -3.4461184680041232,
      "fcf_margin": -4.226072476409484,
      "fcf_margin_change": -1.386344681032269
    },
    {
      "date": "2021-06-30T00:00:00",
      "quarter_label": "2021-06 (Q2)",
      "revenue": 15622000,
      "gross_profit": -15784000,
      "operating_income": -60217000,
      "net_income": 57054000,
      "opex": 44433000,
      "cogs": null,
      "rd": 5199000,
      "sga": null,
      "fcf": -41249000,
      "ocf": -39582000,
      "capex": -1667000,
      "gross_margin": -1.0103699910382793,
      "op_margin": -3.8546280885930098,
      "fcf_margin": -2.6404429650492895,
      "op_leverage_ratio": 2.455884526708392,
      "fcf_margin_change": 1.5856295113601941
    },
    {
      "date": "2021-09-30T00:00:00",
      "quarter_label": "2021-09 (Q3)",
      "revenue": 20407000,
      "gross_profit": -730000,
      "operating_income": -56414000,
      "net_income": 77916000,
      "opex": 55684000,
      "cogs": null,
      "rd": 6473000,
      "sga": null,
      "fcf": -33785000,
      "ocf": -31481000,
      "capex": -2304000,
      "gross_margin": -0.035772039006223354,
      "op_margin": -2.764443573283677,
      "fcf_margin": -1.6555593668839124,
      "op_leverage_ratio": 1.2096502530263429,
      "fcf_margin_change": 0.9848835981653772
    },
    {
      "date": "2021-12-31T00:00:00",
      "quarter_label": "2021-12 (Q4)",
      "revenue": 25795000,
      "gross_profit": 1943000,
      "operating_income": -162635000,
      "net_income": -133637000,
      "opex": 164578000,
      "cogs": null,
      "rd": 6557000,
      "sga": null,
      "fcf": -36431000,
      "ocf": -35938000,
      "capex": -493000,
      "gross_margin": 0.07532467532467532,
      "op_margin": -6.3049040511727075,
      "fcf_margin": -1.4123279705369258,
      "incr_op_margin_yoy": -11.912790033146646,
      "rev_growth_yoy": 0.5132582424029097,
      "op_leverage_ratio": 0.1350127851551685,
      "fcf_margin_change": 0.24323139634698654
    },
    {
      "date": "2022-03-31T00:00:00",
      "quarter_label": "2022-03 (Q1)",
      "revenue": 25033000,
      "gross_profit": 6926000,
      "operating_income": -36049000,
      "net_income": -32638000,
      "opex": 42975000,
      "cogs": null,
      "rd": 4039000,
      "sga": null,
      "fcf": -34622000,
      "ocf": -33911000,
      "capex": -711000,
      "gross_margin": 0.2766747892781528,
      "op_margin": -1.4400591219590142,
      "fcf_margin": -1.3830543682339311,
      "incr_op_margin_yoy": 0.5965222991466752,
      "rev_growth_yoy": 0.9850130838157164,
      "rev_growth_yoy_accel": 0.47175484141280666,
      "fcf_margin_change": 0.029273602302994695
    },
    {
      "date": "2022-06-30T00:00:00",
      "quarter_label": "2022-06 (Q2)",
      "revenue": 23061000,
      "gross_profit": 4120000,
      "operating_income": -28066000,
      "net_income": -20221000,
      "opex": 32186000,
      "cogs": null,
      "rd": 4302000,
      "sga": null,
      "fcf": -18787000,
      "ocf": -17280000,
      "capex": -1507000,
      "gross_margin": 0.17865660639174363,
      "op_margin": -1.2170330861627856,
      "fcf_margin": -0.8146654524955552,
      "incr_op_margin_yoy": 4.32195187525205,
      "rev_growth_yoy": 0.47618742798617336,
      "rev_growth_yoy_accel": -0.508825655829543,
      "fcf_margin_change": 0.5683889157383759
    },
    {
      "date": "2022-09-30T00:00:00",
      "quarter_label": "2022-09 (Q3)",
      "revenue": 20923000,
      "gross_profit": 1157000,
      "operating_income": -31004000,
      "net_income": -36991000,
      "opex": 32161000,
      "cogs": null,
      "rd": 2569000,
      "sga": null,
      "fcf": -14254000,
      "ocf": -13385000,
      "capex": -869000,
      "gross_margin": 0.05529799741910816,
      "op_margin": -1.4818142713759976,
      "fcf_margin": -0.6812598575730058,
      "rev_growth_yoy": 0.0252854412701524,
      "rev_growth_yoy_accel": -0.45090198671602094,
      "fcf_margin_change": 0.13340559492254944
    },
    {
      "date": "2022-12-31T00:00:00",
      "quarter_label": "2022-12 (Q4)",
      "revenue": 22887000,
      "gross_profit": -234000,
      "operating_income": -29719000,
      "net_income": -78884000,
      "opex": 29485000,
      "cogs": null,
      "rd": 2471000,
      "sga": null,
      "fcf": -24736000,
      "ocf": -24372000,
      "capex": -364000,
      "gross_margin": -0.010224144710971293,
      "op_margin": -1.2985100712194695,
      "fcf_margin": -1.0807882203871193,
      "incr_op_margin_yoy": -45.707015130674,
      "rev_growth_yoy": -0.11273502616786199,
      "rev_growth_yoy_accel": -0.13802046743801438,
      "op_leverage_ratio": Infinity,
      "fcf_margin_change": -0.3995283628141135
    },
    {
      "date": "2023-03-31T00:00:00",
      "quarter_label": "2023-03 (Q1)",
      "revenue": 20144000,
      "gross_profit": 2380000,
      "operating_income": -21996000,
      "net_income": -19169000,
      "opex": 24376000,
      "cogs": null,
      "rd": 2041000,
      "sga": null,
      "fcf": -48497000,
      "ocf": -47693000,
      "capex": -804000,
      "gross_margin": 0.1181493248610008,
      "op_margin": -1.0919380460683081,
      "fcf_margin": -2.4075158856235106,
      "incr_op_margin_yoy": -2.874411945183064,
      "rev_growth_yoy": -0.19530220109455518,
      "rev_growth_yoy_accel": -0.08256717492669319,
      "fcf_margin_change": -1.3267276652363913
    },
    {
      "date": "2023-06-30T00:00:00",
      "quarter_label": "2023-06 (Q2)",
      "revenue": 19021000,
      "gross_profit": 3099000,
      "operating_income": -20620000,
      "net_income": -8360000,
      "opex": 23719000,
      "cogs": null,
      "rd": 1107000,
      "sga": null,
      "fcf": -12268000,
      "ocf": -11774000,
      "capex": -494000,
      "gross_margin": 0.16292518795016034,
      "op_margin": -1.084064980810683,
      "fcf_margin": -0.6449713474580726,
      "incr_op_margin_yoy": -1.8430693069306932,
      "rev_growth_yoy": -0.17518754607345735,
      "rev_growth_yoy_accel": 0.020114655021097827,
      "fcf_margin_change": 1.762544538165438
    },
    {
      "date": "2023-09-30T00:00:00",
      "quarter_label": "2023-09 (Q3)",
      "revenue": 24810000,
      "gross_profit": 3970000,
      "operating_income": -21775000,
      "net_income": -1644000,
      "opex": 25745000,
      "cogs": null,
      "rd": 1246000,
      "sga": null,
      "fcf": -172000,
      "ocf": -183000,
      "capex": 11000,
      "gross_margin": 0.1600161225312374,
      "op_margin": -0.8776702942361951,
      "fcf_margin": -0.006932688432083837,
      "incr_op_margin_yoy": 2.3743246719835347,
      "rev_growth_yoy": 0.1857764182956555,
      "rev_growth_yoy_accel": 0.3609639643691128,
      "op_leverage_ratio": 3.5630928366024293,
      "fcf_margin_change": 0.6380386590259888
    },
    {
      "date": "2023-12-31T00:00:00",
      "quarter_label": "2023-12 (Q4)",
      "revenue": 23915000,
      "gross_profit": 1913000,
      "operating_income": -21636000,
      "net_income": -44790000,
      "opex": 23549000,
      "cogs": null,
      "rd": 1451000,
      "sga": null,
      "fcf": 15597000,
      "ocf": 16815000,
      "capex": -1218000,
      "gross_margin": 0.0799916370478779,
      "op_margin": -0.9047041605686807,
      "fcf_margin": 0.6521848212418984,
      "incr_op_margin_yoy": 7.86284046692607,
      "rev_growth_yoy": 0.044916328046489276,
      "rev_growth_yoy_accel": -0.14086009024916624,
      "fcf_margin_change": 0.6591175096739822
    },
    {
      "date": "2024-03-31T00:00:00",
      "quarter_label": "2024-03 (Q1)",
      "revenue": 25288000,
      "gross_profit": 4483000,
      "operating_income": -15948000,
      "net_income": -2241000,
      "opex": 20431000,
      "cogs": null,
      "rd": 997000,
      "sga": null,
      "fcf": -3928000,
      "ocf": -2204000,
      "capex": -1724000,
      "gross_margin": 0.17727776020246758,
      "op_margin": -0.6306548560582095,
      "fcf_margin": -0.15533059158494147,
      "incr_op_margin_yoy": 1.1757387247278384,
      "rev_growth_yoy": 0.25536139793486895,
      "rev_growth_yoy_accel": 0.2104450698883797,
      "op_leverage_ratio": Infinity,
      "fcf_margin_change": -0.8075154128268398
    },
    {
      "date": "2024-06-30T00:00:00",
      "quarter_label": "2024-06 (Q2)",
      "revenue": 27762000,
      "gross_profit": 6297000,
      "operating_income": -15561000,
      "net_income": -8757000,
      "opex": 21858000,
      "cogs": null,
      "rd": 962000,
      "sga": null,
      "fcf": 1015000,
      "ocf": 1744000,
      "capex": -729000,
      "gross_margin": 0.22682083423384483,
      "op_margin": -0.5605143721633888,
      "fcf_margin": 0.03656076651538074,
      "incr_op_margin_yoy": 0.5787667314952523,
      "rev_growth_yoy": 0.4595447137374481,
      "rev_growth_yoy_accel": 0.20418331580257915,
      "op_leverage_ratio": 1.4007184951849438,
      "fcf_margin_change": 0.1918913581003222
    },
    {
      "date": "2024-09-30T00:00:00",
      "quarter_label": "2024-09 (Q3)",
      "revenue": 34264000,
      "gross_profit": 3611000,
      "operating_income": -33655000,
      "net_income": 8349000,
      "opex": 37266000,
      "cogs": null,
      "rd": 1242000,
      "sga": null,
      "fcf": 5168000,
      "ocf": 11583000,
      "capex": -6415000,
      "gross_margin": 0.10538757879990661,
      "op_margin": -0.9822262432874154,
      "fcf_margin": 0.1508288582769087,
      "incr_op_margin_yoy": -1.2566109583245186,
      "rev_growth_yoy": 0.38105602579604997,
      "rev_growth_yoy_accel": -0.07848868794139813,
      "op_leverage_ratio": 0.33224646365490734,
      "fcf_margin_change": 0.11426809176152797
    },
    {
      "date": "2024-12-31T00:00:00",
      "quarter_label": "2024-12 (Q4)",
      "revenue": 30301000,
      "gross_profit": 10807000,
      "operating_income": -11365000,
      "net_income": 43729000,
      "opex": 22172000,
      "cogs": null,
      "rd": 1028000,
      "sga": null,
      "fcf": 4177000,
      "ocf": 7720000,
      "capex": -3543000,
      "gross_margin": 0.35665489587802385,
      "op_margin": -0.3750701296986898,
      "fcf_margin": 0.1378502359658097,
      "incr_op_margin_yoy": 1.6083620419668023,
      "rev_growth_yoy": 0.2670290612586243,
      "rev_growth_yoy_accel": -0.11402696453742567,
      "fcf_margin_change": -0.012978622311099003
    },
    {
      "date": "2025-03-31T00:00:00",
      "quarter_label": "2025-03 (Q1)",
      "revenue": 32262000,
      "gross_profit": 13734000,
      "operating_income": -4072000,
      "net_income": 6122000,
      "opex": 17806000,
      "cogs": null,
      "rd": 793000,
      "sga": null,
      "fcf": -17354000,
      "ocf": -2096000,
      "capex": -15258000,
      "gross_margin": 0.4257020643481495,
      "op_margin": -0.1262166015746079,
      "fcf_margin": -0.5379083751782282,
      "incr_op_margin_yoy": 1.7028964726125608,
      "rev_growth_yoy": 0.2757829800695982,
      "rev_growth_yoy_accel": 0.008753918810973926,
      "op_leverage_ratio": Infinity,
      "fcf_margin_change": -0.6757586111440379
    },
    {
      "date": "2025-06-30T00:00:00",
      "quarter_label": "2025-06 (Q2)",
      "revenue": 33455000,
      "gross_profit": 14504000,
      "operating_income": -5324000,
      "net_income": -39711000,
      "opex": 19828000,
      "cogs": null,
      "rd": 929000,
      "sga": null,
      "fcf": -1019000,
      "ocf": 2818000,
      "capex": -3837000,
      "gross_margin": 0.4335375878045135,
      "op_margin": -0.15913914213122105,
      "fcf_margin": -0.030458825287699897,
      "incr_op_margin_yoy": 1.798173195151941,
      "rev_growth_yoy": 0.2050644766227217,
      "rev_growth_yoy_accel": -0.07071850344687652,
      "op_leverage_ratio": 0.3256374720305883,
      "fcf_margin_change": 0.5074495498905283
    },
    {
      "date": "2025-09-30T00:00:00",
      "quarter_label": "2025-09 (Q3)",
      "revenue": 36339000,
      "gross_profit": 18332000,
      "operating_income": -503000,
      "net_income": 25958000,
      "opex": 18835000,
      "cogs": null,
      "rd": 1345000,
      "sga": null,
      "fcf": 8826000,
      "ocf": 13309000,
      "capex": -4483000,
      "gross_margin": 0.5044717796306998,
      "op_margin": -0.013841877872258455,
      "fcf_margin": 0.24287955089573185,
      "incr_op_margin_yoy": 15.976867469879519,
      "rev_growth_yoy": 0.06055918748540742,
      "rev_growth_yoy_accel": -0.14450528913731428,
      "op_leverage_ratio": Infinity,
      "fcf_margin_change": 0.27333837618343176
    }
  ],
  "signals": [
    {
      "quarter": "2025-09 (Q3)",
      "signal": "FCF TURNED POSITIVE",
      "detail": "FCF margin: -3.0% -> +24.3%",
      "severity": "HIGH"
    },
    {
      "quarter": "2025-09 (Q3)",
      "signal": "YoY REVENUE GROWTH DECELERATION",
      "detail": "YoY growth: +6.1% vs prior quarter YoY: +20.5% (decel: -14.5%)",
      "severity": "WARNING"
    },
    {
      "quarter": "2025-06 (Q2)",
      "signal": "FCF MARGIN EXPANSION",
      "detail": "FCF margin: -53.8% -> -3.0% (+50.7%)",
      "severity": "MEDIUM"
    },
    {
      "quarter": "2025-06 (Q2)",
      "signal": "YoY REVENUE GROWTH DECELERATION",
      "detail": "YoY growth: +20.5% vs prior quarter YoY: +27.6% (decel: -7.1%)",
      "severity": "WARNING"
    },
    {
      "quarter": "2024-12 (Q4)",
      "signal": "GROSS MARGIN INFLECTION",
      "detail": "GM: +22.7% -> +10.5% -> +35.7% (reversal +25.1%)",
      "severity": "HIGH"
    },
    {
      "quarter": "2024-12 (Q4)",
      "signal": "YoY REVENUE GROWTH DECELERATION",
      "detail": "YoY growth: +26.7% vs prior quarter YoY: +38.1% (decel: -11.4%)",
      "severity": "WARNING"
    },
    {
      "quarter": "2024-09 (Q3)",
      "signal": "FCF MARGIN EXPANSION",
      "detail": "FCF margin: +3.7% -> +15.1% (+11.4%)",
      "severity": "MEDIUM"
    },
    {
      "quarter": "2024-09 (Q3)",
      "signal": "YoY REVENUE GROWTH DECELERATION",
      "detail": "YoY growth: +38.1% vs prior quarter YoY: +46.0% (decel: -7.8%)",
      "severity": "WARNING"
    },
    {
      "quarter": "2024-06 (Q2)",
      "signal": "FCF TURNED POSITIVE",
      "detail": "FCF margin: -15.5% -> +3.7%",
      "severity": "HIGH"
    },
    {
      "quarter": "2024-06 (Q2)",
      "signal": "YoY REVENUE GROWTH ACCELERATION",
      "detail": "YoY growth: +46.0% vs prior quarter YoY: +25.5% (accel: +20.4%)",
      "severity": "HIGH"
    },
    {
      "quarter": "2024-03 (Q1)",
      "signal": "GROSS MARGIN INFLECTION",
      "detail": "GM: +16.0% -> +8.0% -> +17.7% (reversal +9.7%)",
      "severity": "HIGH"
    },
    {
      "quarter": "2024-03 (Q1)",
      "signal": "YoY REVENUE GROWTH ACCELERATION",
      "detail": "YoY growth: +25.5% vs prior quarter YoY: +4.5% (accel: +21.0%)",
      "severity": "HIGH"
    },
    {
      "quarter": "2023-12 (Q4)",
      "signal": "FCF TURNED POSITIVE",
      "detail": "FCF margin: -0.7% -> +65.2%",
      "severity": "HIGH"
    },
    {
      "quarter": "2023-12 (Q4)",
      "signal": "YoY REVENUE GROWTH DECELERATION",
      "detail": "YoY growth: +4.5% vs prior quarter YoY: +18.6% (decel: -14.1%)",
      "severity": "WARNING"
    },
    {
      "quarter": "2023-09 (Q3)",
      "signal": "FCF MARGIN EXPANSION",
      "detail": "FCF margin: -64.5% -> -0.7% (+63.8%)",
      "severity": "MEDIUM"
    },
    {
      "quarter": "2023-09 (Q3)",
      "signal": "OPERATING LEVERAGE",
      "detail": "Rev growth +30.4% vs OpEx growth +8.5% (leverage: 3.6x)",
      "severity": "MEDIUM"
    },
    {
      "quarter": "2023-09 (Q3)",
      "signal": "YoY REVENUE GROWTH ACCELERATION",
      "detail": "YoY growth: +18.6% vs prior quarter YoY: -17.5% (accel: +36.1%)",
      "severity": "HIGH"
    },
    {
      "quarter": "2023-06 (Q2)",
      "signal": "FCF MARGIN EXPANSION",
      "detail": "FCF margin: -240.8% -> -64.5% (+176.3%)",
      "severity": "MEDIUM"
    },
    {
      "quarter": "2023-03 (Q1)",
      "signal": "GROSS MARGIN INFLECTION",
      "detail": "GM: +5.5% -> -1.0% -> +11.8% (reversal +12.8%)",
      "severity": "HIGH"
    },
    {
      "quarter": "2023-03 (Q1)",
      "signal": "YoY REVENUE GROWTH DECELERATION",
      "detail": "YoY growth: -19.5% vs prior quarter YoY: -11.3% (decel: -8.3%)",
      "severity": "WARNING"
    },
    {
      "quarter": "2022-12 (Q4)",
      "signal": "YoY REVENUE GROWTH DECELERATION",
      "detail": "YoY growth: -11.3% vs prior quarter YoY: +2.5% (decel: -13.8%)",
      "severity": "WARNING"
    },
    {
      "quarter": "2022-09 (Q3)",
      "signal": "FCF MARGIN EXPANSION",
      "detail": "FCF margin: -81.5% -> -68.1% (+13.3%)",
      "severity": "MEDIUM"
    },
    {
      "quarter": "2022-09 (Q3)",
      "signal": "YoY REVENUE GROWTH DECELERATION",
      "detail": "YoY growth: +2.5% vs prior quarter YoY: +47.6% (decel: -45.1%)",
      "severity": "WARNING"
    },
    {
      "quarter": "2022-06 (Q2)",
      "signal": "FCF MARGIN EXPANSION",
      "detail": "FCF margin: -138.3% -> -81.5% (+56.8%)",
      "severity": "MEDIUM"
    },
    {
      "quarter": "2022-06 (Q2)",
      "signal": "YoY REVENUE GROWTH DECELERATION",
      "detail": "YoY growth: +47.6% vs prior quarter YoY: +98.5% (decel: -50.9%)",
      "severity": "WARNING"
    },
    {
      "quarter": "2022-03 (Q1)",
      "signal": "YoY REVENUE GROWTH ACCELERATION",
      "detail": "YoY growth: +98.5% vs prior quarter YoY: +51.3% (accel: +47.2%)",
      "severity": "HIGH"
    },
    {
      "quarter": "2021-12 (Q4)",
      "signal": "FCF MARGIN EXPANSION",
      "detail": "FCF margin: -165.6% -> -141.2% (+24.3%)",
      "severity": "MEDIUM"
    },
    {
      "quarter": "2021-09 (Q3)",
      "signal": "FCF MARGIN EXPANSION",
      "detail": "FCF margin: -264.0% -> -165.6% (+98.5%)",
      "severity": "MEDIUM"
    },
    {
      "quarter": "2021-09 (Q3)",
      "signal": "GROSS MARGIN INFLECTION",
      "detail": "GM: -23.5% -> -101.0% -> -3.6% (reversal +97.5%)",
      "severity": "HIGH"
    },
    {
      "quarter": "2021-06 (Q2)",
      "signal": "FCF MARGIN EXPANSION",
      "detail": "FCF margin: -422.6% -> -264.0% (+158.6%)",
      "severity": "MEDIUM"
    },
    {
      "quarter": "2021-06 (Q2)",
      "signal": "OPERATING LEVERAGE",
      "detail": "Rev growth +23.9% vs OpEx growth +9.7% (leverage: 2.5x)",
      "severity": "MEDIUM"
    }
  ],
  "data_quality": {
    "n_quarters": 20,
    "coverage": {
      "revenue": [
        20,
        20
      ],
      "gross_profit": [
        20,
        20
      ],
      "op_income": [
        20,
        20
      ],
      "fcf": [
        20,
        20
      ]
    },
    "gaps": [],
    "warnings": []
  },
  "market_cap": null,
  "source": "SEC EDGAR",
  "last_updated": "2026-02-02T21:59:59.234198"
}