{
  "ticker": "CROX",
  "name": "CROCS,\u00a0INC.",
  "sector": "Consumer Cyclical",
  "industry": "Footwear & Accessories",
  "quarters": [
    {
      "date": "2021-03-31T00:00:00",
      "quarter_label": "2021-03 (Q1)",
      "revenue": 460098000,
      "gross_profit": 253219000,
      "operating_income": 124686000,
      "net_income": 98398000,
      "opex": 128533000,
      "cogs": 206879000,
      "rd": null,
      "sga": 128533000,
      "fcf": 22167000,
      "ocf": 30150000,
      "capex": -7983000,
      "gross_margin": 0.5503588365956817,
      "op_margin": 0.2709987872148977,
      "fcf_margin": 0.048178866241539844
    },
    {
      "date": "2021-06-30T00:00:00",
      "quarter_label": "2021-06 (Q2)",
      "revenue": 640773000,
      "gross_profit": 395181000,
      "operating_income": 195322000,
      "net_income": 318954000,
      "opex": 199859000,
      "cogs": 245592000,
      "rd": null,
      "sga": 199859000,
      "fcf": 198870000,
      "ocf": 212216000,
      "capex": -13346000,
      "gross_margin": 0.6167254238240375,
      "op_margin": 0.3048224566266057,
      "fcf_margin": 0.3103595188935863,
      "op_leverage_ratio": 0.7076434529045953,
      "fcf_margin_change": 0.2621806526520465
    },
    {
      "date": "2021-09-30T00:00:00",
      "quarter_label": "2021-09 (Q3)",
      "revenue": 625919000,
      "gross_profit": 399796000,
      "operating_income": 203068000,
      "net_income": 153489000,
      "opex": 196728000,
      "cogs": 226123000,
      "rd": null,
      "sga": 196728000,
      "fcf": 98370000,
      "ocf": 112799000,
      "capex": -14429000,
      "gross_margin": 0.6387344049309894,
      "op_margin": 0.3244317555466442,
      "fcf_margin": 0.15716091059705808,
      "fcf_margin_change": -0.15319860829652823
    },
    {
      "date": "2021-12-31T00:00:00",
      "quarter_label": "2021-12 (Q4)",
      "revenue": 586626000,
      "gross_profit": 372024000,
      "operating_income": 159988000,
      "net_income": 154853000,
      "opex": 212036000,
      "cogs": 214602000,
      "rd": null,
      "sga": 212036000,
      "fcf": 191842000,
      "ocf": 212000000,
      "capex": -20158000,
      "gross_margin": 0.6341757780937087,
      "op_margin": 0.2727257230330739,
      "fcf_margin": 0.3270260779440393,
      "fcf_margin_change": 0.16986516734698123
    },
    {
      "date": "2022-03-31T00:00:00",
      "quarter_label": "2022-03 (Q1)",
      "revenue": 660148000,
      "gross_profit": 324924000,
      "operating_income": 118677000,
      "net_income": 72760000,
      "opex": 206247000,
      "cogs": 335224000,
      "rd": null,
      "sga": 206247000,
      "fcf": -108551000,
      "ocf": -68765000,
      "capex": -39786000,
      "gross_margin": 0.4921987190751165,
      "op_margin": 0.17977332355774767,
      "fcf_margin": -0.1644343389664136,
      "incr_op_margin_yoy": -0.030037490627343164,
      "rev_growth_yoy": 0.4347986733261175,
      "op_leverage_ratio": null,
      "fcf_margin_change": -0.49146041691045295
    },
    {
      "date": "2022-06-30T00:00:00",
      "quarter_label": "2022-06 (Q2)",
      "revenue": 964581000,
      "gross_profit": 497733000,
      "operating_income": 247964000,
      "net_income": 160315000,
      "opex": 249769000,
      "cogs": 466848000,
      "rd": null,
      "sga": 249769000,
      "fcf": 136551000,
      "ocf": 153509000,
      "capex": -16958000,
      "gross_margin": 0.5160095419669266,
      "op_margin": 0.2570691315711174,
      "fcf_margin": 0.14156509406675022,
      "incr_op_margin_yoy": 0.16257164739598776,
      "rev_growth_yoy": 0.5053396444606748,
      "rev_growth_yoy_accel": 0.07054097113455732,
      "op_leverage_ratio": 2.1853913063172454,
      "fcf_margin_change": 0.3059994330331638
    },
    {
      "date": "2022-09-30T00:00:00",
      "quarter_label": "2022-09 (Q3)",
      "revenue": 985094000,
      "gross_profit": 541302000,
      "operating_income": 264063000,
      "net_income": 169349000,
      "opex": 277239000,
      "cogs": 443792000,
      "rd": null,
      "sga": 277239000,
      "fcf": 129097000,
      "ocf": 161941000,
      "capex": -32844000,
      "gross_margin": 0.5494927387640164,
      "op_margin": 0.2680586827246943,
      "fcf_margin": 0.1310504378262379,
      "incr_op_margin_yoy": 0.1698197257604232,
      "rev_growth_yoy": 0.5738362312056352,
      "rev_growth_yoy_accel": 0.0684965867449604,
      "op_leverage_ratio": 0.1933616541117304,
      "fcf_margin_change": -0.010514656240512316
    },
    {
      "date": "2022-12-31T00:00:00",
      "quarter_label": "2022-12 (Q4)",
      "revenue": 945162000,
      "gross_profit": 496323000,
      "operating_income": 220052000,
      "net_income": 137735000,
      "opex": 276271000,
      "cogs": 448839000,
      "rd": null,
      "sga": 276271000,
      "fcf": 341855000,
      "ocf": 356457000,
      "capex": -14602000,
      "gross_margin": 0.5251195033232399,
      "op_margin": 0.2328193473711385,
      "fcf_margin": 0.3616893188680882,
      "incr_op_margin_yoy": 0.1675257156882433,
      "rev_growth_yoy": 0.6111832752043039,
      "rev_growth_yoy_accel": 0.03734704399866873,
      "fcf_margin_change": 0.2306388810418503
    },
    {
      "date": "2023-03-31T00:00:00",
      "quarter_label": "2023-03 (Q1)",
      "revenue": 884166000,
      "gross_profit": 476370000,
      "operating_income": 234928000,
      "net_income": 149543000,
      "opex": 241442000,
      "cogs": 407796000,
      "rd": null,
      "sga": 241442000,
      "fcf": -17650000,
      "ocf": 9931000,
      "capex": -27581000,
      "gross_margin": 0.5387789170811816,
      "op_margin": 0.26570576113535244,
      "fcf_margin": -0.019962314768946103,
      "incr_op_margin_yoy": 0.5189359783588818,
      "rev_growth_yoy": 0.3393451165496222,
      "rev_growth_yoy_accel": -0.27183815865468175,
      "fcf_margin_change": -0.3816516336370343
    },
    {
      "date": "2023-06-30T00:00:00",
      "quarter_label": "2023-06 (Q2)",
      "revenue": 1072367000,
      "gross_profit": 621307000,
      "operating_income": 318489000,
      "net_income": 212412000,
      "opex": 302818000,
      "cogs": 451060000,
      "rd": null,
      "sga": 302818000,
      "fcf": 296618000,
      "ocf": 320682000,
      "capex": -24064000,
      "gross_margin": 0.5793790745146018,
      "op_margin": 0.296996270866224,
      "fcf_margin": 0.2766012008948429,
      "incr_op_margin_yoy": 0.6543057539940252,
      "rev_growth_yoy": 0.11174385562228574,
      "rev_growth_yoy_accel": -0.22760126092733646,
      "op_leverage_ratio": 0.8373409968417784,
      "fcf_margin_change": 0.296563515663789
    },
    {
      "date": "2023-09-30T00:00:00",
      "quarter_label": "2023-09 (Q3)",
      "revenue": 1045717000,
      "gross_profit": 581636000,
      "operating_income": 273852000,
      "net_income": 177025000,
      "opex": 307784000,
      "cogs": 464081000,
      "rd": null,
      "sga": 307784000,
      "fcf": 215380000,
      "ocf": 250113000,
      "capex": -34733000,
      "gross_margin": 0.5562078459085967,
      "op_margin": 0.2618796481265964,
      "fcf_margin": 0.20596394626844547,
      "incr_op_margin_yoy": 0.1614733681935899,
      "rev_growth_yoy": 0.06154032001007011,
      "rev_growth_yoy_accel": -0.05020353561221563,
      "fcf_margin_change": -0.07063725462639744
    },
    {
      "date": "2023-12-31T00:00:00",
      "quarter_label": "2023-12 (Q4)",
      "revenue": 960097000,
      "gross_profit": 530697000,
      "operating_income": 209514000,
      "net_income": 253586000,
      "opex": 321183000,
      "cogs": 429400000,
      "rd": null,
      "sga": 311896000,
      "fcf": 320471000,
      "ocf": 349718000,
      "capex": -29247000,
      "gross_margin": 0.552753523862693,
      "op_margin": 0.21822170051567708,
      "fcf_margin": 0.3337902316120142,
      "incr_op_margin_yoy": -0.7055908938734516,
      "rev_growth_yoy": 0.015801523971551965,
      "rev_growth_yoy_accel": -0.045738796038518145,
      "fcf_margin_change": 0.12782628534356874
    },
    {
      "date": "2024-03-31T00:00:00",
      "quarter_label": "2024-03 (Q1)",
      "revenue": 938633000,
      "gross_profit": 522077000,
      "operating_income": 226429000,
      "net_income": 152454000,
      "opex": 295648000,
      "cogs": 416556000,
      "rd": null,
      "sga": 295648000,
      "fcf": -43324000,
      "ocf": -27574000,
      "capex": -15750000,
      "gross_margin": 0.5562099350864502,
      "op_margin": 0.241232728872733,
      "fcf_margin": -0.04615648501597536,
      "incr_op_margin_yoy": -0.15603943672315346,
      "rev_growth_yoy": 0.06160268546856586,
      "rev_growth_yoy_accel": 0.045801161497013895,
      "fcf_margin_change": -0.37994671662798957
    },
    {
      "date": "2024-06-30T00:00:00",
      "quarter_label": "2024-06 (Q2)",
      "revenue": 1111502000,
      "gross_profit": 681916000,
      "operating_income": 325738000,
      "net_income": 228907000,
      "opex": 356178000,
      "cogs": 429586000,
      "rd": null,
      "sga": 356178000,
      "fcf": 384180000,
      "ocf": 401236000,
      "capex": -17056000,
      "gross_margin": 0.6135085676858881,
      "op_margin": 0.2930611011046314,
      "fcf_margin": 0.34564040370597626,
      "incr_op_margin_yoy": 0.1852306119841574,
      "rev_growth_yoy": 0.036494036090256414,
      "rev_growth_yoy_accel": -0.025108649378309443,
      "op_leverage_ratio": 0.8995505478433682,
      "fcf_margin_change": 0.3917968887219516
    },
    {
      "date": "2024-09-30T00:00:00",
      "quarter_label": "2024-09 (Q3)",
      "revenue": 1062200000,
      "gross_profit": 633339000,
      "operating_income": 269829000,
      "net_income": 199801000,
      "opex": 363510000,
      "cogs": 428861000,
      "rd": null,
      "sga": 363510000,
      "fcf": 278836000,
      "ocf": 296887000,
      "capex": -18051000,
      "gross_margin": 0.5962521182451516,
      "op_margin": 0.25402843155714555,
      "fcf_margin": 0.26250800225946147,
      "incr_op_margin_yoy": -0.24406964751562216,
      "rev_growth_yoy": 0.015762390780679668,
      "rev_growth_yoy_accel": -0.020731645309576746,
      "fcf_margin_change": -0.08313240144651479
    },
    {
      "date": "2024-12-31T00:00:00",
      "quarter_label": "2024-12 (Q4)",
      "revenue": 989773000,
      "gross_profit": 572926000,
      "operating_income": 199915000,
      "net_income": 368909000,
      "opex": 373011000,
      "cogs": 416847000,
      "rd": null,
      "sga": 373011000,
      "fcf": 303447000,
      "ocf": 321937000,
      "capex": -18490000,
      "gross_margin": 0.5788458565751945,
      "op_margin": 0.2019806561706573,
      "fcf_margin": 0.30658241839290423,
      "incr_op_margin_yoy": -0.32346003504515436,
      "rev_growth_yoy": 0.030909376865045926,
      "rev_growth_yoy_accel": 0.015146986084366258,
      "fcf_margin_change": 0.04407441613344276
    },
    {
      "date": "2025-03-31T00:00:00",
      "quarter_label": "2025-03 (Q1)",
      "revenue": 937333000,
      "gross_profit": 541549000,
      "operating_income": 222974000,
      "net_income": 160103000,
      "opex": 318575000,
      "cogs": 395784000,
      "rd": null,
      "sga": 318575000,
      "fcf": -82610000,
      "ocf": -67235000,
      "capex": -15375000,
      "gross_margin": 0.5777551841234652,
      "op_margin": 0.23788130792365147,
      "fcf_margin": -0.0881330327642364,
      "incr_op_margin_yoy": 2.6576923076923076,
      "rev_growth_yoy": -0.0013849928566329972,
      "rev_growth_yoy_accel": -0.03229436972167892,
      "fcf_margin_change": -0.39471545115714063
    },
    {
      "date": "2025-06-30T00:00:00",
      "quarter_label": "2025-06 (Q2)",
      "revenue": 1149373000,
      "gross_profit": 708836000,
      "operating_income": -427516000,
      "net_income": -492282000,
      "opex": 1136352000,
      "cogs": 440537000,
      "rd": null,
      "sga": 398237000,
      "fcf": 269229000,
      "ocf": 285800000,
      "capex": -16571000,
      "gross_margin": 0.6167153743823807,
      "op_margin": -0.37195584027117395,
      "fcf_margin": 0.2342398855723947,
      "incr_op_margin_yoy": -19.8899949829685,
      "rev_growth_yoy": 0.03407191350083041,
      "rev_growth_yoy_accel": 0.0354569063574634,
      "op_leverage_ratio": 0.08812531620406114,
      "fcf_margin_change": 0.32237291833663106
    },
    {
      "date": "2025-09-30T00:00:00",
      "quarter_label": "2025-09 (Q3)",
      "revenue": 996301000,
      "gross_profit": 583008000,
      "operating_income": 207660000,
      "net_income": 145816000,
      "opex": 375348000,
      "cogs": 413293000,
      "rd": null,
      "sga": 375348000,
      "fcf": 226162000,
      "ocf": 239336000,
      "capex": -13174000,
      "gross_margin": 0.5851725532745626,
      "op_margin": 0.20843098621802045,
      "fcf_margin": 0.227001679211403,
      "incr_op_margin_yoy": 0.9433982306256544,
      "rev_growth_yoy": -0.06204010544153643,
      "rev_growth_yoy_accel": -0.09611201894236684,
      "fcf_margin_change": -0.007238206360991706
    },
    {
      "date": "2025-12-31T00:00:00",
      "quarter_label": "2025-12 (Q4)",
      "revenue": 957640000,
      "gross_profit": 523662000,
      "operating_income": 146397000,
      "net_income": 105165000,
      "opex": 377265000,
      "cogs": 433978000,
      "rd": null,
      "sga": 377265000,
      "fcf": 246419000,
      "ocf": 252530000,
      "capex": -6111000,
      "gross_margin": 0.5468255294265069,
      "op_margin": 0.15287268702226306,
      "fcf_margin": 0.2573190342926361,
      "incr_op_margin_yoy": 1.6655152024398594,
      "rev_growth_yoy": -0.0324650197570554,
      "rev_growth_yoy_accel": 0.02957508568448103,
      "fcf_margin_change": 0.030317355081233094
    }
  ],
  "signals": [
    {
      "quarter": "2025-12 (Q4)",
      "signal": "INCREMENTAL MARGIN (YoY)",
      "detail": "YoY Incr OPM: +166.6% vs year-ago OPM: +20.2%",
      "severity": "HIGH"
    },
    {
      "quarter": "2025-09 (Q3)",
      "signal": "YoY REVENUE GROWTH DECELERATION",
      "detail": "YoY growth: -6.2% vs prior quarter YoY: +3.4% (decel: -9.6%)",
      "severity": "WARNING"
    },
    {
      "quarter": "2025-09 (Q3)",
      "signal": "INCREMENTAL MARGIN (YoY)",
      "detail": "YoY Incr OPM: +94.3% vs year-ago OPM: +25.4%",
      "severity": "HIGH"
    },
    {
      "quarter": "2025-09 (Q3)",
      "signal": "OP MARGIN TURNED POSITIVE (QoQ)",
      "detail": "Op margin: -37.2% -> +20.8%",
      "severity": "HIGH"
    },
    {
      "quarter": "2025-06 (Q2)",
      "signal": "FCF TURNED POSITIVE",
      "detail": "FCF margin: -8.8% -> +23.4%",
      "severity": "HIGH"
    },
    {
      "quarter": "2025-06 (Q2)",
      "signal": "GROSS MARGIN INFLECTION",
      "detail": "GM: +57.9% -> +57.8% -> +61.7% (reversal +3.9%)",
      "severity": "MEDIUM"
    },
    {
      "quarter": "2025-03 (Q1)",
      "signal": "INCREMENTAL MARGIN (YoY)",
      "detail": "YoY Incr OPM: +265.8% vs year-ago OPM: +24.1%",
      "severity": "HIGH"
    },
    {
      "quarter": "2024-06 (Q2)",
      "signal": "FCF TURNED POSITIVE",
      "detail": "FCF margin: -4.6% -> +34.6%",
      "severity": "HIGH"
    },
    {
      "quarter": "2023-12 (Q4)",
      "signal": "FCF MARGIN EXPANSION",
      "detail": "FCF margin: +20.6% -> +33.4% (+12.8%)",
      "severity": "MEDIUM"
    },
    {
      "quarter": "2023-09 (Q3)",
      "signal": "YoY REVENUE GROWTH DECELERATION",
      "detail": "YoY growth: +6.2% vs prior quarter YoY: +11.2% (decel: -5.0%)",
      "severity": "WARNING"
    },
    {
      "quarter": "2023-06 (Q2)",
      "signal": "FCF TURNED POSITIVE",
      "detail": "FCF margin: -2.0% -> +27.7%",
      "severity": "HIGH"
    },
    {
      "quarter": "2023-06 (Q2)",
      "signal": "YoY REVENUE GROWTH DECELERATION",
      "detail": "YoY growth: +11.2% vs prior quarter YoY: +33.9% (decel: -22.8%)",
      "severity": "WARNING"
    },
    {
      "quarter": "2023-06 (Q2)",
      "signal": "INCREMENTAL MARGIN (YoY)",
      "detail": "YoY Incr OPM: +65.4% vs year-ago OPM: +25.7%",
      "severity": "HIGH"
    },
    {
      "quarter": "2023-03 (Q1)",
      "signal": "YoY REVENUE GROWTH DECELERATION",
      "detail": "YoY growth: +33.9% vs prior quarter YoY: +61.1% (decel: -27.2%)",
      "severity": "WARNING"
    },
    {
      "quarter": "2023-03 (Q1)",
      "signal": "INCREMENTAL MARGIN (YoY)",
      "detail": "YoY Incr OPM: +51.9% vs year-ago OPM: +18.0%",
      "severity": "HIGH"
    },
    {
      "quarter": "2022-12 (Q4)",
      "signal": "FCF MARGIN EXPANSION",
      "detail": "FCF margin: +13.1% -> +36.2% (+23.1%)",
      "severity": "MEDIUM"
    },
    {
      "quarter": "2022-09 (Q3)",
      "signal": "YoY REVENUE GROWTH ACCELERATION",
      "detail": "YoY growth: +57.4% vs prior quarter YoY: +50.5% (accel: +6.8%)",
      "severity": "MEDIUM"
    },
    {
      "quarter": "2022-06 (Q2)",
      "signal": "FCF TURNED POSITIVE",
      "detail": "FCF margin: -16.4% -> +14.2%",
      "severity": "HIGH"
    },
    {
      "quarter": "2022-06 (Q2)",
      "signal": "OPERATING LEVERAGE",
      "detail": "Rev growth +46.1% vs OpEx growth +21.1% (leverage: 2.2x)",
      "severity": "MEDIUM"
    },
    {
      "quarter": "2022-06 (Q2)",
      "signal": "GROSS MARGIN INFLECTION",
      "detail": "GM: +63.4% -> +49.2% -> +51.6% (reversal +2.4%)",
      "severity": "MEDIUM"
    },
    {
      "quarter": "2022-06 (Q2)",
      "signal": "YoY REVENUE GROWTH ACCELERATION",
      "detail": "YoY growth: +50.5% vs prior quarter YoY: +43.5% (accel: +7.1%)",
      "severity": "MEDIUM"
    },
    {
      "quarter": "2021-12 (Q4)",
      "signal": "FCF MARGIN EXPANSION",
      "detail": "FCF margin: +15.7% -> +32.7% (+17.0%)",
      "severity": "MEDIUM"
    },
    {
      "quarter": "2021-06 (Q2)",
      "signal": "FCF MARGIN EXPANSION",
      "detail": "FCF margin: +4.8% -> +31.0% (+26.2%)",
      "severity": "MEDIUM"
    }
  ],
  "data_quality": {
    "n_quarters": 20,
    "coverage": {
      "revenue": [
        20,
        20
      ],
      "gross_profit": [
        20,
        20
      ],
      "op_income": [
        20,
        20
      ],
      "fcf": [
        20,
        20
      ]
    },
    "gaps": [],
    "warnings": []
  },
  "market_cap": null,
  "source": "SEC EDGAR",
  "last_updated": "2026-02-24T10:50:35.716128"
}