{
  "ticker": "CRS",
  "name": "CARPENTER TECHNOLOGY CORPORATION",
  "quarters": [
    {
      "date": "2021-03-31T00:00:00",
      "quarter_label": "2021-03 (Q1)",
      "revenue": 351900000,
      "gross_profit": 12800000,
      "operating_income": -40000000,
      "net_income": -40500000,
      "opex": 52800000,
      "cogs": null,
      "rd": null,
      "sga": 47800000,
      "fcf": 3800000,
      "ocf": 3800000,
      "capex": null,
      "gross_margin": 0.036373969877806195,
      "op_margin": -0.11366865586814436,
      "fcf_margin": 0.010798522307473715
    },
    {
      "date": "2021-06-30T00:00:00",
      "quarter_label": "2021-06 (Q2)",
      "revenue": 421600000,
      "gross_profit": -21300000,
      "operating_income": -70800000,
      "net_income": -57100000,
      "opex": 49500000,
      "cogs": null,
      "rd": null,
      "sga": 47900000,
      "fcf": 74600000,
      "ocf": 74600000,
      "capex": null,
      "gross_margin": -0.05052182163187856,
      "op_margin": -0.16793168880455409,
      "fcf_margin": 0.1769449715370019,
      "op_leverage_ratio": Infinity,
      "fcf_margin_change": 0.16614644922952818
    },
    {
      "date": "2021-09-30T00:00:00",
      "quarter_label": "2021-09 (Q3)",
      "revenue": 387600000,
      "gross_profit": 25200000,
      "operating_income": -19100000,
      "net_income": -14800000,
      "opex": 44300000,
      "cogs": null,
      "rd": null,
      "sga": 44300000,
      "fcf": -47000000,
      "ocf": -47000000,
      "capex": null,
      "gross_margin": 0.06501547987616099,
      "op_margin": -0.049277605779153764,
      "fcf_margin": -0.12125902992776058,
      "fcf_margin_change": -0.29820400146476245
    },
    {
      "date": "2021-12-31T00:00:00",
      "quarter_label": "2021-12 (Q4)",
      "revenue": 396000000,
      "gross_profit": 13100000,
      "operating_income": -31500000,
      "net_income": -29400000,
      "opex": 44600000,
      "cogs": null,
      "rd": null,
      "sga": 44600000,
      "fcf": -89300000,
      "ocf": -89300000,
      "capex": null,
      "gross_margin": 0.03308080808080808,
      "op_margin": -0.07954545454545454,
      "fcf_margin": -0.2255050505050505,
      "op_leverage_ratio": 3.200206398348813,
      "fcf_margin_change": -0.10424602057728993
    },
    {
      "date": "2022-03-31T00:00:00",
      "quarter_label": "2022-03 (Q1)",
      "revenue": 489000000,
      "gross_profit": 39500000,
      "operating_income": 1100000,
      "net_income": -7500000,
      "opex": 38400000,
      "cogs": null,
      "rd": null,
      "sga": 38400000,
      "fcf": 35300000,
      "ocf": 35300000,
      "capex": null,
      "gross_margin": 0.08077709611451943,
      "op_margin": 0.0022494887525562374,
      "fcf_margin": 0.0721881390593047,
      "incr_op_margin_yoy": 0.29978118161925604,
      "rev_growth_yoy": 0.3895993179880648,
      "op_leverage_ratio": Infinity,
      "fcf_margin_change": 0.2976931895643552
    },
    {
      "date": "2022-06-30T00:00:00",
      "quarter_label": "2022-06 (Q2)",
      "revenue": 563700000,
      "gross_profit": 72000000,
      "operating_income": 24600000,
      "net_income": 2600000,
      "opex": 47400000,
      "cogs": null,
      "rd": null,
      "sga": 47400000,
      "fcf": 107000000,
      "ocf": 107000000,
      "capex": null,
      "gross_margin": 0.12772751463544438,
      "op_margin": 0.043640234167110166,
      "fcf_margin": 0.18981727869434095,
      "incr_op_margin_yoy": 0.6713581984517946,
      "rev_growth_yoy": 0.3370493358633776,
      "rev_growth_yoy_accel": -0.0525499821246872,
      "op_leverage_ratio": 0.6517791411042945,
      "fcf_margin_change": 0.11762913963503625
    },
    {
      "date": "2022-09-30T00:00:00",
      "quarter_label": "2022-09 (Q3)",
      "revenue": 522900000,
      "gross_profit": 54800000,
      "operating_income": 8300000,
      "net_income": -6900000,
      "opex": 46500000,
      "cogs": null,
      "rd": null,
      "sga": 46500000,
      "fcf": -78000000,
      "ocf": -78000000,
      "capex": null,
      "gross_margin": 0.10480015299292408,
      "op_margin": 0.015873015873015872,
      "fcf_margin": -0.1491681009753299,
      "incr_op_margin_yoy": 0.2025129342202513,
      "rev_growth_yoy": 0.34907120743034054,
      "rev_growth_yoy_accel": 0.012021871566962938,
      "fcf_margin_change": -0.33898537966967085
    },
    {
      "date": "2022-12-31T00:00:00",
      "quarter_label": "2022-12 (Q4)",
      "revenue": 579100000,
      "gross_profit": 70000000,
      "operating_income": 22600000,
      "net_income": 6200000,
      "opex": 47400000,
      "cogs": null,
      "rd": null,
      "sga": 47400000,
      "fcf": -86500000,
      "ocf": -86500000,
      "capex": null,
      "gross_margin": 0.12087722327749957,
      "op_margin": 0.039026074943878435,
      "fcf_margin": -0.1493697116214816,
      "incr_op_margin_yoy": 0.2954669579464773,
      "rev_growth_yoy": 0.4623737373737374,
      "rev_growth_yoy_accel": 0.11330252994339685,
      "op_leverage_ratio": 5.5530056734876005,
      "fcf_margin_change": -0.00020161064615170643
    },
    {
      "date": "2023-03-31T00:00:00",
      "quarter_label": "2023-03 (Q1)",
      "revenue": 690100000,
      "gross_profit": 93500000,
      "operating_income": 39300000,
      "net_income": 18600000,
      "opex": 54200000,
      "cogs": null,
      "rd": null,
      "sga": 54200000,
      "fcf": 4300000,
      "ocf": 4300000,
      "capex": null,
      "gross_margin": 0.13548761049123315,
      "op_margin": 0.056948268366903344,
      "fcf_margin": 0.006230981017243877,
      "incr_op_margin_yoy": 0.1899552461461959,
      "rev_growth_yoy": 0.41124744376278116,
      "rev_growth_yoy_accel": -0.05112629361095622,
      "op_leverage_ratio": 1.3360996272105805,
      "fcf_margin_change": 0.15560069263872547
    },
    {
      "date": "2023-06-30T00:00:00",
      "quarter_label": "2023-06 (Q2)",
      "revenue": 1836300000,
      "gross_profit": 119100000,
      "operating_income": 62900000,
      "net_income": 38400000,
      "opex": 56200000,
      "cogs": null,
      "rd": null,
      "sga": 56200000,
      "fcf": 174900000,
      "ocf": 174900000,
      "capex": null,
      "gross_margin": 0.0648586832216958,
      "op_margin": 0.03425366225562272,
      "fcf_margin": 0.0952458748570495,
      "incr_op_margin_yoy": 0.030095866729530095,
      "rev_growth_yoy": 2.2575838211814796,
      "rev_growth_yoy_accel": 1.8463363774186985,
      "op_leverage_ratio": 45.01089697145341,
      "fcf_margin_change": 0.08901489383980561
    },
    {
      "date": "2023-09-30T00:00:00",
      "quarter_label": "2023-09 (Q3)",
      "revenue": 651900000,
      "gross_profit": 124100000,
      "operating_income": 69000000,
      "net_income": 43900000,
      "opex": 55100000,
      "cogs": null,
      "rd": null,
      "sga": 55100000,
      "fcf": 7400000,
      "ocf": 7400000,
      "capex": null,
      "gross_margin": 0.19036662064733856,
      "op_margin": 0.1058444546709618,
      "fcf_margin": 0.011351434269059671,
      "incr_op_margin_yoy": 0.47054263565891474,
      "rev_growth_yoy": 0.24670109007458405,
      "rev_growth_yoy_accel": -2.0108827311068955,
      "fcf_margin_change": -0.08389444058798982
    },
    {
      "date": "2023-12-31T00:00:00",
      "quarter_label": "2023-12 (Q4)",
      "revenue": 624200000,
      "gross_profit": 122600000,
      "operating_income": 69800000,
      "net_income": 42700000,
      "opex": 52800000,
      "cogs": null,
      "rd": null,
      "sga": 52800000,
      "fcf": 14500000,
      "ocf": 14500000,
      "capex": null,
      "gross_margin": 0.19641140660044856,
      "op_margin": 0.11182313361102211,
      "fcf_margin": 0.023229734059596285,
      "incr_op_margin_yoy": 1.0465631929046564,
      "rev_growth_yoy": 0.07787946814021758,
      "rev_growth_yoy_accel": -0.16882162193436645,
      "fcf_margin_change": 0.011878299790536614
    },
    {
      "date": "2024-03-31T00:00:00",
      "quarter_label": "2024-03 (Q1)",
      "revenue": 684900000,
      "gross_profit": 147000000,
      "operating_income": 75900000,
      "net_income": 6300000,
      "opex": 71100000,
      "cogs": null,
      "rd": null,
      "sga": 57000000,
      "fcf": 83500000,
      "ocf": 83500000,
      "capex": null,
      "gross_margin": 0.2146298729741568,
      "op_margin": 0.11081909767849321,
      "fcf_margin": 0.12191560811797343,
      "incr_op_margin_yoy": -7.038461538461538,
      "rev_growth_yoy": -0.00753513983480655,
      "rev_growth_yoy_accel": -0.08541460797502413,
      "op_leverage_ratio": 0.2805742169649282,
      "fcf_margin_change": 0.09868587405837714
    },
    {
      "date": "2024-06-30T00:00:00",
      "quarter_label": "2024-06 (Q2)",
      "revenue": 798600000,
      "gross_profit": 190600000,
      "operating_income": 108300000,
      "net_income": 93600000,
      "opex": 82300000,
      "cogs": null,
      "rd": null,
      "sga": 65400000,
      "fcf": 169500000,
      "ocf": 169500000,
      "capex": null,
      "gross_margin": 0.23866766841973452,
      "op_margin": 0.13561232156273478,
      "fcf_margin": 0.21224643125469572,
      "incr_op_margin_yoy": -0.04375060229353377,
      "rev_growth_yoy": -0.5651037412187551,
      "rev_growth_yoy_accel": -0.5575686013839485,
      "op_leverage_ratio": 1.0538647456354422,
      "fcf_margin_change": 0.09033082313672229
    },
    {
      "date": "2024-09-30T00:00:00",
      "quarter_label": "2024-09 (Q3)",
      "revenue": 717600000,
      "gross_profit": 176300000,
      "operating_income": 113600000,
      "net_income": 84800000,
      "opex": 62700000,
      "cogs": null,
      "rd": null,
      "sga": 59100000,
      "fcf": 40200000,
      "ocf": 40200000,
      "capex": null,
      "gross_margin": 0.24568004459308806,
      "op_margin": 0.15830546265328874,
      "fcf_margin": 0.056020066889632104,
      "incr_op_margin_yoy": 0.6788432267884322,
      "rev_growth_yoy": 0.10078232857800276,
      "rev_growth_yoy_accel": 0.6658860697967578,
      "fcf_margin_change": -0.15622636436506362
    },
    {
      "date": "2024-12-31T00:00:00",
      "quarter_label": "2024-12 (Q4)",
      "revenue": 676900000,
      "gross_profit": 177500000,
      "operating_income": 118900000,
      "net_income": 84100000,
      "opex": 58600000,
      "cogs": null,
      "rd": null,
      "sga": 58600000,
      "fcf": 67900000,
      "ocf": 67900000,
      "capex": null,
      "gross_margin": 0.2622248485743832,
      "op_margin": 0.17565371546757275,
      "fcf_margin": 0.10031023784901758,
      "incr_op_margin_yoy": 0.9316888045540797,
      "rev_growth_yoy": 0.08442806792694649,
      "rev_growth_yoy_accel": -0.016354260651056274,
      "fcf_margin_change": 0.04429017095938547
    },
    {
      "date": "2025-03-31T00:00:00",
      "quarter_label": "2025-03 (Q1)",
      "revenue": 727000000,
      "gross_profit": 200800000,
      "operating_income": 137800000,
      "net_income": 95400000,
      "opex": 63000000,
      "cogs": null,
      "rd": null,
      "sga": 63000000,
      "fcf": 74200000,
      "ocf": 74200000,
      "capex": null,
      "gross_margin": 0.2762035763411279,
      "op_margin": 0.18954607977991747,
      "fcf_margin": 0.10206327372764787,
      "incr_op_margin_yoy": 1.4703087885985748,
      "rev_growth_yoy": 0.061468827566068036,
      "rev_growth_yoy_accel": -0.02295924036087845,
      "op_leverage_ratio": 0.9857304019661827,
      "fcf_margin_change": 0.0017530358786302935
    },
    {
      "date": "2025-06-30T00:00:00",
      "quarter_label": "2025-06 (Q2)",
      "revenue": 755600000,
      "gross_profit": 214000000,
      "operating_income": 151400000,
      "net_income": 111700000,
      "opex": 62600000,
      "cogs": null,
      "rd": null,
      "sga": 62600000,
      "fcf": 258100000,
      "ocf": 258100000,
      "capex": null,
      "gross_margin": 0.2832186341979884,
      "op_margin": 0.2003705664372684,
      "fcf_margin": 0.34158284806776074,
      "incr_op_margin_yoy": -1.0023255813953489,
      "rev_growth_yoy": -0.053844227397946406,
      "rev_growth_yoy_accel": -0.11531305496401445,
      "op_leverage_ratio": Infinity,
      "fcf_margin_change": 0.23951957434011287
    },
    {
      "date": "2025-09-30T00:00:00",
      "quarter_label": "2025-09 (Q3)",
      "revenue": 733700000,
      "gross_profit": 216400000,
      "operating_income": 153300000,
      "net_income": 122500000,
      "opex": 63100000,
      "cogs": null,
      "rd": null,
      "sga": 63100000,
      "fcf": 39200000,
      "ocf": 39200000,
      "capex": null,
      "gross_margin": 0.294943437372223,
      "op_margin": 0.20894098405342784,
      "fcf_margin": 0.05342783153877607,
      "incr_op_margin_yoy": 2.4658385093167703,
      "rev_growth_yoy": 0.022435897435897436,
      "rev_growth_yoy_accel": 0.07628012483384385,
      "fcf_margin_change": -0.2881550165289847
    },
    {
      "date": "2025-12-31T00:00:00",
      "quarter_label": "2025-12 (Q4)",
      "revenue": 728000000,
      "gross_profit": 218300000,
      "operating_income": 155200000,
      "net_income": 105300000,
      "opex": 63100000,
      "cogs": null,
      "rd": null,
      "sga": 63100000,
      "fcf": 132200000,
      "ocf": 132200000,
      "capex": null,
      "gross_margin": 0.29986263736263735,
      "op_margin": 0.21318681318681318,
      "fcf_margin": 0.1815934065934066,
      "incr_op_margin_yoy": 0.7103718199608611,
      "rev_growth_yoy": 0.07549120992761117,
      "rev_growth_yoy_accel": 0.05305531249171373,
      "fcf_margin_change": 0.12816557505463053
    }
  ],
  "signals": [
    {
      "quarter": "2025-12 (Q4)",
      "signal": "FCF MARGIN EXPANSION",
      "detail": "FCF margin: +5.3% -> +18.2% (+12.8%)",
      "severity": "MEDIUM"
    },
    {
      "quarter": "2025-12 (Q4)",
      "signal": "YoY REVENUE GROWTH ACCELERATION",
      "detail": "YoY growth: +7.5% vs prior quarter YoY: +2.2% (accel: +5.3%)",
      "severity": "MEDIUM"
    },
    {
      "quarter": "2025-12 (Q4)",
      "signal": "INCREMENTAL MARGIN (YoY)",
      "detail": "YoY Incr OPM: +71.0% vs year-ago OPM: +17.6%",
      "severity": "HIGH"
    },
    {
      "quarter": "2025-09 (Q3)",
      "signal": "YoY REVENUE GROWTH ACCELERATION",
      "detail": "YoY growth: +2.2% vs prior quarter YoY: -5.4% (accel: +7.6%)",
      "severity": "MEDIUM"
    },
    {
      "quarter": "2025-09 (Q3)",
      "signal": "INCREMENTAL MARGIN (YoY)",
      "detail": "YoY Incr OPM: +246.6% vs year-ago OPM: +15.8%",
      "severity": "HIGH"
    },
    {
      "quarter": "2025-06 (Q2)",
      "signal": "FCF MARGIN EXPANSION",
      "detail": "FCF margin: +10.2% -> +34.2% (+24.0%)",
      "severity": "MEDIUM"
    },
    {
      "quarter": "2025-06 (Q2)",
      "signal": "YoY REVENUE GROWTH DECELERATION",
      "detail": "YoY growth: -5.4% vs prior quarter YoY: +6.1% (decel: -11.5%)",
      "severity": "WARNING"
    },
    {
      "quarter": "2025-03 (Q1)",
      "signal": "INCREMENTAL MARGIN (YoY)",
      "detail": "YoY Incr OPM: +147.0% vs year-ago OPM: +11.1%",
      "severity": "HIGH"
    },
    {
      "quarter": "2024-12 (Q4)",
      "signal": "INCREMENTAL MARGIN (YoY)",
      "detail": "YoY Incr OPM: +93.2% vs year-ago OPM: +11.2%",
      "severity": "HIGH"
    },
    {
      "quarter": "2024-09 (Q3)",
      "signal": "YoY REVENUE GROWTH ACCELERATION",
      "detail": "YoY growth: +10.1% vs prior quarter YoY: -56.5% (accel: +66.6%)",
      "severity": "HIGH"
    },
    {
      "quarter": "2024-09 (Q3)",
      "signal": "INCREMENTAL MARGIN (YoY)",
      "detail": "YoY Incr OPM: +67.9% vs year-ago OPM: +10.6%",
      "severity": "HIGH"
    },
    {
      "quarter": "2024-06 (Q2)",
      "signal": "FCF MARGIN EXPANSION",
      "detail": "FCF margin: +12.2% -> +21.2% (+9.0%)",
      "severity": "MEDIUM"
    },
    {
      "quarter": "2024-06 (Q2)",
      "signal": "YoY REVENUE GROWTH DECELERATION",
      "detail": "YoY growth: -56.5% vs prior quarter YoY: -0.8% (decel: -55.8%)",
      "severity": "WARNING"
    },
    {
      "quarter": "2024-03 (Q1)",
      "signal": "FCF MARGIN EXPANSION",
      "detail": "FCF margin: +2.3% -> +12.2% (+9.9%)",
      "severity": "MEDIUM"
    },
    {
      "quarter": "2024-03 (Q1)",
      "signal": "YoY REVENUE GROWTH DECELERATION",
      "detail": "YoY growth: -0.8% vs prior quarter YoY: +7.8% (decel: -8.5%)",
      "severity": "WARNING"
    },
    {
      "quarter": "2023-12 (Q4)",
      "signal": "YoY REVENUE GROWTH DECELERATION",
      "detail": "YoY growth: +7.8% vs prior quarter YoY: +24.7% (decel: -16.9%)",
      "severity": "WARNING"
    },
    {
      "quarter": "2023-12 (Q4)",
      "signal": "INCREMENTAL MARGIN (YoY)",
      "detail": "YoY Incr OPM: +104.7% vs year-ago OPM: +3.9%",
      "severity": "HIGH"
    },
    {
      "quarter": "2023-09 (Q3)",
      "signal": "GROSS MARGIN INFLECTION",
      "detail": "GM: +13.5% -> +6.5% -> +19.0% (reversal +12.6%)",
      "severity": "HIGH"
    },
    {
      "quarter": "2023-09 (Q3)",
      "signal": "YoY REVENUE GROWTH DECELERATION",
      "detail": "YoY growth: +24.7% vs prior quarter YoY: +225.8% (decel: -201.1%)",
      "severity": "WARNING"
    },
    {
      "quarter": "2023-09 (Q3)",
      "signal": "INCREMENTAL MARGIN (YoY)",
      "detail": "YoY Incr OPM: +47.1% vs year-ago OPM: +1.6%",
      "severity": "HIGH"
    },
    {
      "quarter": "2023-06 (Q2)",
      "signal": "FCF MARGIN EXPANSION",
      "detail": "FCF margin: +0.6% -> +9.5% (+8.9%)",
      "severity": "MEDIUM"
    },
    {
      "quarter": "2023-06 (Q2)",
      "signal": "OPERATING LEVERAGE",
      "detail": "Rev growth +166.1% vs OpEx growth +3.7% (leverage: 45.0x)",
      "severity": "MEDIUM"
    },
    {
      "quarter": "2023-06 (Q2)",
      "signal": "YoY REVENUE GROWTH ACCELERATION",
      "detail": "YoY growth: +225.8% vs prior quarter YoY: +41.1% (accel: +184.6%)",
      "severity": "HIGH"
    },
    {
      "quarter": "2023-03 (Q1)",
      "signal": "FCF TURNED POSITIVE",
      "detail": "FCF margin: -14.9% -> +0.6%",
      "severity": "HIGH"
    },
    {
      "quarter": "2023-03 (Q1)",
      "signal": "YoY REVENUE GROWTH DECELERATION",
      "detail": "YoY growth: +41.1% vs prior quarter YoY: +46.2% (decel: -5.1%)",
      "severity": "WARNING"
    },
    {
      "quarter": "2023-03 (Q1)",
      "signal": "INCREMENTAL MARGIN (YoY)",
      "detail": "YoY Incr OPM: +19.0% vs year-ago OPM: +0.2%",
      "severity": "MEDIUM"
    },
    {
      "quarter": "2022-12 (Q4)",
      "signal": "OPERATING LEVERAGE",
      "detail": "Rev growth +10.7% vs OpEx growth +1.9% (leverage: 5.6x)",
      "severity": "MEDIUM"
    },
    {
      "quarter": "2022-12 (Q4)",
      "signal": "YoY REVENUE GROWTH ACCELERATION",
      "detail": "YoY growth: +46.2% vs prior quarter YoY: +34.9% (accel: +11.3%)",
      "severity": "MEDIUM"
    },
    {
      "quarter": "2022-12 (Q4)",
      "signal": "OP MARGIN TURNED POSITIVE (YoY)",
      "detail": "Op margin: -8.0% (year-ago) -> +3.9%",
      "severity": "HIGH"
    },
    {
      "quarter": "2022-09 (Q3)",
      "signal": "OP MARGIN TURNED POSITIVE (YoY)",
      "detail": "Op margin: -4.9% (year-ago) -> +1.6%",
      "severity": "HIGH"
    },
    {
      "quarter": "2022-06 (Q2)",
      "signal": "FCF MARGIN EXPANSION",
      "detail": "FCF margin: +7.2% -> +19.0% (+11.8%)",
      "severity": "MEDIUM"
    },
    {
      "quarter": "2022-06 (Q2)",
      "signal": "YoY REVENUE GROWTH DECELERATION",
      "detail": "YoY growth: +33.7% vs prior quarter YoY: +39.0% (decel: -5.3%)",
      "severity": "WARNING"
    },
    {
      "quarter": "2022-06 (Q2)",
      "signal": "OP MARGIN TURNED POSITIVE (YoY)",
      "detail": "Op margin: -16.8% (year-ago) -> +4.4%",
      "severity": "HIGH"
    },
    {
      "quarter": "2022-03 (Q1)",
      "signal": "FCF TURNED POSITIVE",
      "detail": "FCF margin: -22.6% -> +7.2%",
      "severity": "HIGH"
    },
    {
      "quarter": "2022-03 (Q1)",
      "signal": "GROSS MARGIN INFLECTION",
      "detail": "GM: +6.5% -> +3.3% -> +8.1% (reversal +4.8%)",
      "severity": "MEDIUM"
    },
    {
      "quarter": "2022-03 (Q1)",
      "signal": "OP MARGIN TURNED POSITIVE (YoY)",
      "detail": "Op margin: -11.4% (year-ago) -> +0.2%",
      "severity": "HIGH"
    },
    {
      "quarter": "2022-03 (Q1)",
      "signal": "OP MARGIN TURNED POSITIVE (QoQ)",
      "detail": "Op margin: -8.0% -> +0.2%",
      "severity": "HIGH"
    },
    {
      "quarter": "2021-12 (Q4)",
      "signal": "OPERATING LEVERAGE",
      "detail": "Rev growth +2.2% vs OpEx growth +0.7% (leverage: 3.2x)",
      "severity": "MEDIUM"
    },
    {
      "quarter": "2021-09 (Q3)",
      "signal": "GROSS MARGIN INFLECTION",
      "detail": "GM: +3.6% -> -5.1% -> +6.5% (reversal +11.6%)",
      "severity": "HIGH"
    },
    {
      "quarter": "2021-06 (Q2)",
      "signal": "FCF MARGIN EXPANSION",
      "detail": "FCF margin: +1.1% -> +17.7% (+16.6%)",
      "severity": "MEDIUM"
    }
  ],
  "data_quality": {
    "n_quarters": 20,
    "coverage": {
      "revenue": [
        20,
        20
      ],
      "gross_profit": [
        20,
        20
      ],
      "op_income": [
        20,
        20
      ],
      "fcf": [
        20,
        20
      ]
    },
    "gaps": [],
    "warnings": []
  },
  "market_cap": null,
  "source": "SEC EDGAR",
  "last_updated": "2026-02-02T20:22:04.211609"
}