{
  "ticker": "CRSR",
  "name": "Corsair Gaming, Inc.",
  "quarters": [
    {
      "date": "2020-12-31T00:00:00",
      "quarter_label": "2020-12 (Q4)",
      "revenue": 556339000,
      "gross_profit": 153799000,
      "operating_income": 58893000,
      "net_income": 43043000,
      "opex": 94906000,
      "cogs": 402540000,
      "rd": 13779000,
      "sga": 81127000,
      "fcf": 64712000,
      "ocf": 68629000,
      "capex": -3917000,
      "gross_margin": 0.2764483525332576,
      "op_margin": 0.10585811888075436,
      "fcf_margin": 0.11631756896424662
    },
    {
      "date": "2021-03-31T00:00:00",
      "quarter_label": "2021-03 (Q1)",
      "revenue": 529414000,
      "gross_profit": 160328000,
      "operating_income": 67289000,
      "net_income": 46723000,
      "opex": 93039000,
      "cogs": 369086000,
      "rd": 15186000,
      "sga": 77853000,
      "fcf": 25732000,
      "ocf": 27768000,
      "capex": -2036000,
      "gross_margin": 0.3028404991178926,
      "op_margin": 0.1271009077961671,
      "fcf_margin": 0.0486046836691134,
      "fcf_margin_change": -0.06771288529513322
    },
    {
      "date": "2021-06-30T00:00:00",
      "quarter_label": "2021-06 (Q2)",
      "revenue": 472903000,
      "gross_profit": 130351000,
      "operating_income": 34713000,
      "net_income": 27745000,
      "opex": 95638000,
      "cogs": 342552000,
      "rd": 15469000,
      "sga": 80169000,
      "fcf": 28771000,
      "ocf": 31629000,
      "capex": -2858000,
      "gross_margin": 0.2756400361173433,
      "op_margin": 0.07340405960630404,
      "fcf_margin": 0.060839114998213165,
      "fcf_margin_change": 0.012234431329099765
    },
    {
      "date": "2021-09-30T00:00:00",
      "quarter_label": "2021-09 (Q3)",
      "revenue": 391121000,
      "gross_profit": 101362000,
      "operating_income": 10755000,
      "net_income": 1777000,
      "opex": 90607000,
      "cogs": 289759000,
      "rd": 14495000,
      "sga": 76112000,
      "fcf": -37119000,
      "ocf": -34336000,
      "capex": -2783000,
      "gross_margin": 0.2591576519798221,
      "op_margin": 0.027497884286448438,
      "fcf_margin": -0.09490413452614409,
      "fcf_margin_change": -0.15574324952435725
    },
    {
      "date": "2021-12-31T00:00:00",
      "quarter_label": "2021-12 (Q4)",
      "revenue": 510622000,
      "gross_profit": 121813000,
      "operating_income": 25137000,
      "net_income": 24715000,
      "opex": 96676000,
      "cogs": 388809000,
      "rd": 15138000,
      "sga": 81538000,
      "fcf": -8166000,
      "ocf": -4869000,
      "capex": -3297000,
      "gross_margin": 0.23855807231180795,
      "op_margin": 0.049228196199928714,
      "fcf_margin": -0.01599226041964506,
      "incr_op_margin_yoy": 0.7383686593608505,
      "rev_growth_yoy": -0.08217471721378512,
      "op_leverage_ratio": 4.561472054560199,
      "fcf_margin_change": 0.07891187410649902
    },
    {
      "date": "2022-03-31T00:00:00",
      "quarter_label": "2022-03 (Q1)",
      "revenue": 380691000,
      "gross_profit": 90756000,
      "operating_income": -2485000,
      "net_income": -2873000,
      "opex": 93241000,
      "cogs": 289935000,
      "rd": 17110000,
      "sga": 76131000,
      "fcf": -10471000,
      "ocf": -6106000,
      "capex": -4365000,
      "gross_margin": 0.23839807087638007,
      "op_margin": -0.006527603752124426,
      "fcf_margin": -0.02750524703762369,
      "incr_op_margin_yoy": 0.46915406493951844,
      "rev_growth_yoy": -0.28092003611540306,
      "rev_growth_yoy_accel": -0.19874531890161795,
      "fcf_margin_change": -0.01151298661797863
    },
    {
      "date": "2022-06-30T00:00:00",
      "quarter_label": "2022-06 (Q2)",
      "revenue": 283908000,
      "gross_profit": 36459000,
      "operating_income": -54960000,
      "net_income": -52013000,
      "opex": 91419000,
      "cogs": 247449000,
      "rd": 18026000,
      "sga": 73393000,
      "fcf": 8601000,
      "ocf": 16157000,
      "capex": -7556000,
      "gross_margin": 0.12841836087746736,
      "op_margin": -0.19358383701762544,
      "fcf_margin": 0.030295025148991926,
      "incr_op_margin_yoy": 0.4744728696526363,
      "rev_growth_yoy": -0.399648553720319,
      "rev_growth_yoy_accel": -0.11872851760491593,
      "fcf_margin_change": 0.05780027218661561
    },
    {
      "date": "2022-09-30T00:00:00",
      "quarter_label": "2022-09 (Q3)",
      "revenue": 311769000,
      "gross_profit": 71560000,
      "operating_income": -10988000,
      "net_income": -6211000,
      "opex": 82548000,
      "cogs": 240209000,
      "rd": 15616000,
      "sga": 66932000,
      "fcf": 27162000,
      "ocf": 35091000,
      "capex": -7929000,
      "gross_margin": 0.22952891403571235,
      "op_margin": -0.03524404286506997,
      "fcf_margin": 0.087122196241448,
      "incr_op_margin_yoy": 0.27400695634640587,
      "rev_growth_yoy": -0.20288350663861054,
      "rev_growth_yoy_accel": 0.19676504708170844,
      "op_leverage_ratio": Infinity,
      "fcf_margin_change": 0.05682717109245607
    },
    {
      "date": "2022-12-31T00:00:00",
      "quarter_label": "2022-12 (Q4)",
      "revenue": 398730000,
      "gross_profit": 97857000,
      "operating_income": 13640000,
      "net_income": 6709000,
      "opex": 84217000,
      "cogs": 300873000,
      "rd": 15741000,
      "sga": 68476000,
      "fcf": 14782000,
      "ocf": 21247000,
      "capex": -6465000,
      "gross_margin": 0.2454217139417651,
      "op_margin": 0.03420861234419281,
      "fcf_margin": 0.03707270584104532,
      "incr_op_margin_yoy": 0.10275086690737496,
      "rev_growth_yoy": -0.219128827195068,
      "rev_growth_yoy_accel": -0.016245320556457443,
      "op_leverage_ratio": 13.795638768753106,
      "fcf_margin_change": -0.05004949040040268
    },
    {
      "date": "2023-03-31T00:00:00",
      "quarter_label": "2023-03 (Q1)",
      "revenue": 353964000,
      "gross_profit": 85404000,
      "operating_income": 1037000,
      "net_income": -2012000,
      "opex": 84367000,
      "cogs": 268560000,
      "rd": 16838000,
      "sga": 67529000,
      "fcf": 37149000,
      "ocf": 41826000,
      "capex": -4677000,
      "gross_margin": 0.24127877411262164,
      "op_margin": 0.0029296764642732028,
      "fcf_margin": 0.10495135098484591,
      "incr_op_margin_yoy": -0.131776854865866,
      "rev_growth_yoy": -0.07020654546600787,
      "rev_growth_yoy_accel": 0.14892228172906014,
      "fcf_margin_change": 0.0678786451438006
    },
    {
      "date": "2023-06-30T00:00:00",
      "quarter_label": "2023-06 (Q2)",
      "revenue": 325432000,
      "gross_profit": 82832000,
      "operating_income": -2714000,
      "net_income": -4480000,
      "opex": 85546000,
      "cogs": 242600000,
      "rd": 15593000,
      "sga": 69953000,
      "fcf": -634000,
      "ocf": 2146000,
      "capex": -2780000,
      "gross_margin": 0.2545293640453305,
      "op_margin": -0.008339683866368396,
      "fcf_margin": -0.0019481796504338849,
      "incr_op_margin_yoy": 1.2582121182930353,
      "rev_growth_yoy": 0.14625864716739226,
      "rev_growth_yoy_accel": 0.21646519263340014,
      "fcf_margin_change": -0.1068995306352798
    },
    {
      "date": "2023-09-30T00:00:00",
      "quarter_label": "2023-09 (Q3)",
      "revenue": 363193000,
      "gross_profit": 89353000,
      "operating_income": -758000,
      "net_income": -3079000,
      "opex": 90111000,
      "cogs": 273840000,
      "rd": 16111000,
      "sga": 74000000,
      "fcf": -15239000,
      "ocf": -11912000,
      "capex": -3327000,
      "gross_margin": 0.24602071075158388,
      "op_margin": -0.0020870446291641085,
      "fcf_margin": -0.04195840778869637,
      "incr_op_margin_yoy": 0.19893434971997512,
      "rev_growth_yoy": 0.16494263380900603,
      "rev_growth_yoy_accel": 0.018683986641613776,
      "op_leverage_ratio": 2.174413607490397,
      "fcf_margin_change": -0.04001022813826249
    },
    {
      "date": "2023-12-31T00:00:00",
      "quarter_label": "2023-12 (Q4)",
      "revenue": 417286000,
      "gross_profit": 102674000,
      "operating_income": 12124000,
      "net_income": 6981000,
      "opex": 90550000,
      "cogs": 314612000,
      "rd": 16719000,
      "sga": 73831000,
      "fcf": 55116000,
      "ocf": 57093000,
      "capex": -1977000,
      "gross_margin": 0.24605186850265764,
      "op_margin": 0.029054413519744252,
      "fcf_margin": 0.13208207320638604,
      "incr_op_margin_yoy": -0.08169864194869585,
      "rev_growth_yoy": 0.04653775737968049,
      "rev_growth_yoy_accel": -0.11840487642932554,
      "op_leverage_ratio": 30.571509821892484,
      "fcf_margin_change": 0.1740404809950824
    },
    {
      "date": "2024-03-31T00:00:00",
      "quarter_label": "2024-03 (Q1)",
      "revenue": 337257000,
      "gross_profit": 86639000,
      "operating_income": -10219000,
      "net_income": -11565000,
      "opex": 96858000,
      "cogs": 250618000,
      "rd": 16641000,
      "sga": 80217000,
      "fcf": -28837000,
      "ocf": -26317000,
      "capex": -2520000,
      "gross_margin": 0.2568931111882037,
      "op_margin": -0.03030033475954539,
      "fcf_margin": -0.0855045262218427,
      "incr_op_margin_yoy": 0.6737295744298797,
      "rev_growth_yoy": -0.04719971522527715,
      "rev_growth_yoy_accel": -0.09373747260495763,
      "fcf_margin_change": -0.21758659942822872
    },
    {
      "date": "2024-06-30T00:00:00",
      "quarter_label": "2024-06 (Q2)",
      "revenue": 261300000,
      "gross_profit": 63085000,
      "operating_income": -24714000,
      "net_income": -24194000,
      "opex": 87799000,
      "cogs": 198215000,
      "rd": 17411000,
      "sga": 70388000,
      "fcf": -20971000,
      "ocf": -18462000,
      "capex": -2509000,
      "gross_margin": 0.24142747799464218,
      "op_margin": -0.09458094144661308,
      "fcf_margin": -0.08025641025641025,
      "incr_op_margin_yoy": 0.34304247489552797,
      "rev_growth_yoy": -0.19706728287322697,
      "rev_growth_yoy_accel": -0.14986756764794984,
      "fcf_margin_change": 0.00524811596543244
    },
    {
      "date": "2024-09-30T00:00:00",
      "quarter_label": "2024-09 (Q3)",
      "revenue": 304199000,
      "gross_profit": 69661000,
      "operating_income": -20944000,
      "net_income": -51708000,
      "opex": 90605000,
      "cogs": 234538000,
      "rd": 16533000,
      "sga": 74072000,
      "fcf": 21779000,
      "ocf": 25101000,
      "capex": -3322000,
      "gross_margin": 0.22899812293926017,
      "op_margin": -0.06884966748740134,
      "fcf_margin": 0.07159458117876785,
      "incr_op_margin_yoy": 0.34217039020917384,
      "rev_growth_yoy": -0.1624315446608277,
      "rev_growth_yoy_accel": 0.034635738212399264,
      "op_leverage_ratio": 5.137001135285249,
      "fcf_margin_change": 0.1518509914351781
    },
    {
      "date": "2024-12-31T00:00:00",
      "quarter_label": "2024-12 (Q4)",
      "revenue": 413623000,
      "gross_profit": 108212000,
      "operating_income": 5923000,
      "net_income": 2286000,
      "opex": 102289000,
      "cogs": 305411000,
      "rd": 16958000,
      "sga": 85331000,
      "fcf": 54057000,
      "ocf": 55555000,
      "capex": -1498000,
      "gross_margin": 0.26161988090604243,
      "op_margin": 0.014319803299139554,
      "fcf_margin": 0.1306914750872171,
      "incr_op_margin_yoy": 1.692874692874693,
      "rev_growth_yoy": -0.008778152154637347,
      "rev_growth_yoy_accel": 0.15365339250619037,
      "op_leverage_ratio": 2.789429700414841,
      "fcf_margin_change": 0.059096893908449244
    },
    {
      "date": "2025-03-31T00:00:00",
      "quarter_label": "2025-03 (Q1)",
      "revenue": 369750000,
      "gross_profit": 102362000,
      "operating_income": -2263000,
      "net_income": -10459000,
      "opex": 104625000,
      "cogs": 267388000,
      "rd": 17633000,
      "sga": 86992000,
      "fcf": 15678000,
      "ocf": 18750000,
      "capex": -3072000,
      "gross_margin": 0.27684110885733604,
      "op_margin": -0.006120351588911427,
      "fcf_margin": 0.042401622718052735,
      "incr_op_margin_yoy": 0.24485273751269504,
      "rev_growth_yoy": 0.0963449239007641,
      "rev_growth_yoy_accel": 0.10512307605540144,
      "fcf_margin_change": -0.08828985236916437
    },
    {
      "date": "2025-06-30T00:00:00",
      "quarter_label": "2025-06 (Q2)",
      "revenue": 320112000,
      "gross_profit": 85871000,
      "operating_income": -16923000,
      "net_income": -20862000,
      "opex": 102794000,
      "cogs": 234241000,
      "rd": 17514000,
      "sga": 85280000,
      "fcf": 27480000,
      "ocf": 30193000,
      "capex": -2713000,
      "gross_margin": 0.2682529864547408,
      "op_margin": -0.052865871944819315,
      "fcf_margin": 0.0858449542660069,
      "incr_op_margin_yoy": 0.1324729647010814,
      "rev_growth_yoy": 0.22507462686567165,
      "rev_growth_yoy_accel": 0.12872970296490754,
      "fcf_margin_change": 0.04344333154795416
    },
    {
      "date": "2025-09-30T00:00:00",
      "quarter_label": "2025-09 (Q3)",
      "revenue": 345763000,
      "gross_profit": 93096000,
      "operating_income": -5627000,
      "net_income": -10629000,
      "opex": 98723000,
      "cogs": 252667000,
      "rd": 16691000,
      "sga": 82032000,
      "fcf": -41330000,
      "ocf": -36991000,
      "capex": -4339000,
      "gross_margin": 0.2692480109207752,
      "op_margin": -0.016274153104872412,
      "fcf_margin": -0.1195327435266353,
      "incr_op_margin_yoy": 0.3685160234818593,
      "rev_growth_yoy": 0.13663424271611677,
      "rev_growth_yoy_accel": -0.08844038414955488,
      "op_leverage_ratio": Infinity,
      "fcf_margin_change": -0.2053776977926422
    }
  ],
  "signals": [
    {
      "quarter": "2025-09 (Q3)",
      "signal": "YoY REVENUE GROWTH DECELERATION",
      "detail": "YoY growth: +13.7% vs prior quarter YoY: +22.5% (decel: -8.8%)",
      "severity": "WARNING"
    },
    {
      "quarter": "2025-06 (Q2)",
      "signal": "YoY REVENUE GROWTH ACCELERATION",
      "detail": "YoY growth: +22.5% vs prior quarter YoY: +9.6% (accel: +12.9%)",
      "severity": "MEDIUM"
    },
    {
      "quarter": "2025-03 (Q1)",
      "signal": "YoY REVENUE GROWTH ACCELERATION",
      "detail": "YoY growth: +9.6% vs prior quarter YoY: -0.9% (accel: +10.5%)",
      "severity": "MEDIUM"
    },
    {
      "quarter": "2024-12 (Q4)",
      "signal": "FCF MARGIN EXPANSION",
      "detail": "FCF margin: +7.2% -> +13.1% (+5.9%)",
      "severity": "MEDIUM"
    },
    {
      "quarter": "2024-12 (Q4)",
      "signal": "OPERATING LEVERAGE",
      "detail": "Rev growth +36.0% vs OpEx growth +12.9% (leverage: 2.8x)",
      "severity": "MEDIUM"
    },
    {
      "quarter": "2024-12 (Q4)",
      "signal": "GROSS MARGIN INFLECTION",
      "detail": "GM: +24.1% -> +22.9% -> +26.2% (reversal +3.3%)",
      "severity": "MEDIUM"
    },
    {
      "quarter": "2024-12 (Q4)",
      "signal": "YoY REVENUE GROWTH ACCELERATION",
      "detail": "YoY growth: -0.9% vs prior quarter YoY: -16.2% (accel: +15.4%)",
      "severity": "HIGH"
    },
    {
      "quarter": "2024-12 (Q4)",
      "signal": "INCREMENTAL MARGIN (YoY)",
      "detail": "YoY Incr OPM: +169.3% vs year-ago OPM: +2.9%",
      "severity": "HIGH"
    },
    {
      "quarter": "2024-12 (Q4)",
      "signal": "OP MARGIN TURNED POSITIVE (QoQ)",
      "detail": "Op margin: -6.9% -> +1.4%",
      "severity": "HIGH"
    },
    {
      "quarter": "2024-09 (Q3)",
      "signal": "FCF TURNED POSITIVE",
      "detail": "FCF margin: -8.0% -> +7.2%",
      "severity": "HIGH"
    },
    {
      "quarter": "2024-09 (Q3)",
      "signal": "OPERATING LEVERAGE",
      "detail": "Rev growth +16.4% vs OpEx growth +3.2% (leverage: 5.1x)",
      "severity": "MEDIUM"
    },
    {
      "quarter": "2024-06 (Q2)",
      "signal": "YoY REVENUE GROWTH DECELERATION",
      "detail": "YoY growth: -19.7% vs prior quarter YoY: -4.7% (decel: -15.0%)",
      "severity": "WARNING"
    },
    {
      "quarter": "2024-03 (Q1)",
      "signal": "YoY REVENUE GROWTH DECELERATION",
      "detail": "YoY growth: -4.7% vs prior quarter YoY: +4.7% (decel: -9.4%)",
      "severity": "WARNING"
    },
    {
      "quarter": "2023-12 (Q4)",
      "signal": "FCF TURNED POSITIVE",
      "detail": "FCF margin: -4.2% -> +13.2%",
      "severity": "HIGH"
    },
    {
      "quarter": "2023-12 (Q4)",
      "signal": "OPERATING LEVERAGE",
      "detail": "Rev growth +14.9% vs OpEx growth +0.5% (leverage: 30.6x)",
      "severity": "MEDIUM"
    },
    {
      "quarter": "2023-12 (Q4)",
      "signal": "YoY REVENUE GROWTH DECELERATION",
      "detail": "YoY growth: +4.7% vs prior quarter YoY: +16.5% (decel: -11.8%)",
      "severity": "WARNING"
    },
    {
      "quarter": "2023-12 (Q4)",
      "signal": "OP MARGIN TURNED POSITIVE (QoQ)",
      "detail": "Op margin: -0.2% -> +2.9%",
      "severity": "HIGH"
    },
    {
      "quarter": "2023-09 (Q3)",
      "signal": "OPERATING LEVERAGE",
      "detail": "Rev growth +11.6% vs OpEx growth +5.3% (leverage: 2.2x)",
      "severity": "MEDIUM"
    },
    {
      "quarter": "2023-06 (Q2)",
      "signal": "YoY REVENUE GROWTH ACCELERATION",
      "detail": "YoY growth: +14.6% vs prior quarter YoY: -7.0% (accel: +21.6%)",
      "severity": "HIGH"
    },
    {
      "quarter": "2023-03 (Q1)",
      "signal": "FCF MARGIN EXPANSION",
      "detail": "FCF margin: +3.7% -> +10.5% (+6.8%)",
      "severity": "MEDIUM"
    },
    {
      "quarter": "2023-03 (Q1)",
      "signal": "YoY REVENUE GROWTH ACCELERATION",
      "detail": "YoY growth: -7.0% vs prior quarter YoY: -21.9% (accel: +14.9%)",
      "severity": "MEDIUM"
    },
    {
      "quarter": "2023-03 (Q1)",
      "signal": "OP MARGIN TURNED POSITIVE (YoY)",
      "detail": "Op margin: -0.7% (year-ago) -> +0.3%",
      "severity": "HIGH"
    },
    {
      "quarter": "2022-12 (Q4)",
      "signal": "OPERATING LEVERAGE",
      "detail": "Rev growth +27.9% vs OpEx growth +2.0% (leverage: 13.8x)",
      "severity": "MEDIUM"
    },
    {
      "quarter": "2022-12 (Q4)",
      "signal": "OP MARGIN TURNED POSITIVE (QoQ)",
      "detail": "Op margin: -3.5% -> +3.4%",
      "severity": "HIGH"
    },
    {
      "quarter": "2022-09 (Q3)",
      "signal": "FCF MARGIN EXPANSION",
      "detail": "FCF margin: +3.0% -> +8.7% (+5.7%)",
      "severity": "MEDIUM"
    },
    {
      "quarter": "2022-09 (Q3)",
      "signal": "GROSS MARGIN INFLECTION",
      "detail": "GM: +23.8% -> +12.8% -> +23.0% (reversal +10.1%)",
      "severity": "HIGH"
    },
    {
      "quarter": "2022-09 (Q3)",
      "signal": "YoY REVENUE GROWTH ACCELERATION",
      "detail": "YoY growth: -20.3% vs prior quarter YoY: -40.0% (accel: +19.7%)",
      "severity": "HIGH"
    },
    {
      "quarter": "2022-06 (Q2)",
      "signal": "FCF TURNED POSITIVE",
      "detail": "FCF margin: -2.8% -> +3.0%",
      "severity": "HIGH"
    },
    {
      "quarter": "2022-06 (Q2)",
      "signal": "YoY REVENUE GROWTH DECELERATION",
      "detail": "YoY growth: -40.0% vs prior quarter YoY: -28.1% (decel: -11.9%)",
      "severity": "WARNING"
    },
    {
      "quarter": "2022-03 (Q1)",
      "signal": "YoY REVENUE GROWTH DECELERATION",
      "detail": "YoY growth: -28.1% vs prior quarter YoY: -8.2% (decel: -19.9%)",
      "severity": "WARNING"
    },
    {
      "quarter": "2021-12 (Q4)",
      "signal": "FCF MARGIN EXPANSION",
      "detail": "FCF margin: -9.5% -> -1.6% (+7.9%)",
      "severity": "MEDIUM"
    },
    {
      "quarter": "2021-12 (Q4)",
      "signal": "OPERATING LEVERAGE",
      "detail": "Rev growth +30.6% vs OpEx growth +6.7% (leverage: 4.6x)",
      "severity": "MEDIUM"
    },
    {
      "quarter": "2021-12 (Q4)",
      "signal": "INCREMENTAL MARGIN (YoY)",
      "detail": "YoY Incr OPM: +73.8% vs year-ago OPM: +10.6%",
      "severity": "HIGH"
    }
  ],
  "data_quality": {
    "n_quarters": 20,
    "coverage": {
      "revenue": [
        20,
        20
      ],
      "gross_profit": [
        20,
        20
      ],
      "op_income": [
        20,
        20
      ],
      "fcf": [
        20,
        20
      ]
    },
    "gaps": [],
    "warnings": []
  },
  "market_cap": null,
  "source": "SEC EDGAR",
  "last_updated": "2026-02-02T22:20:39.484387",
  "sector": "Technology",
  "industry": "Computer Hardware"
}