{
  "ticker": "CRUS",
  "name": "CIRRUS LOGIC, INC.",
  "quarters": [
    {
      "date": "2021-03-27T00:00:00",
      "quarter_label": "2021-03 (Q1)",
      "revenue": 293537000,
      "gross_profit": 148119000,
      "operating_income": 24704000,
      "net_income": 25281000,
      "opex": 123415000,
      "cogs": 145418000,
      "rd": 89773000,
      "sga": 33642000,
      "fcf": 165984000,
      "ocf": 172503000,
      "capex": -6519000,
      "gross_margin": 0.5046007828655331,
      "op_margin": 0.08415974817484678,
      "fcf_margin": 0.5654619349519822
    },
    {
      "date": "2021-06-26T00:00:00",
      "quarter_label": "2021-06 (Q2)",
      "revenue": 277253000,
      "gross_profit": 139946000,
      "operating_income": 19103000,
      "net_income": 17209000,
      "opex": 120843000,
      "cogs": 137307000,
      "rd": 85696000,
      "sga": 35147000,
      "fcf": -37631000,
      "ocf": -26796000,
      "capex": -10835000,
      "gross_margin": 0.5047591910637577,
      "op_margin": 0.06890096770819432,
      "fcf_margin": -0.1357280173704162,
      "fcf_margin_change": -0.7011899523223983
    },
    {
      "date": "2021-09-25T00:00:00",
      "quarter_label": "2021-09 (Q3)",
      "revenue": 465886000,
      "gross_profit": 235444000,
      "operating_income": 95196000,
      "net_income": 85096000,
      "opex": 140248000,
      "cogs": 230442000,
      "rd": 102116000,
      "sga": 38132000,
      "fcf": 25280000,
      "ocf": 29173000,
      "capex": -3893000,
      "gross_margin": 0.5053682660565031,
      "op_margin": 0.20433324890638482,
      "fcf_margin": 0.05426220148276617,
      "op_leverage_ratio": 4.2369102935444465,
      "fcf_margin_change": 0.18999021885318237
    },
    {
      "date": "2021-12-25T00:00:00",
      "quarter_label": "2021-12 (Q4)",
      "revenue": 548349000,
      "gross_profit": 289522000,
      "operating_income": 144174000,
      "net_income": 127636000,
      "opex": 145348000,
      "cogs": 258827000,
      "rd": 107101000,
      "sga": 38247000,
      "fcf": -139218000,
      "ocf": -135855000,
      "capex": -3363000,
      "gross_margin": 0.5279885620289269,
      "op_margin": 0.26292379488245626,
      "fcf_margin": -0.2538857552398199,
      "op_leverage_ratio": 4.867500121421608,
      "fcf_margin_change": -0.30814795672258605
    },
    {
      "date": "2022-03-26T00:00:00",
      "quarter_label": "2022-03 (Q1)",
      "revenue": 489972000,
      "gross_profit": 258729000,
      "operating_income": 107865000,
      "net_income": 96414000,
      "opex": 150864000,
      "cogs": 231243000,
      "rd": 111394000,
      "sga": 39470000,
      "fcf": 250183000,
      "ocf": 258231000,
      "capex": -8048000,
      "gross_margin": 0.528048541549313,
      "op_margin": 0.22014523278881243,
      "fcf_margin": 0.5106067285477538,
      "incr_op_margin_yoy": 0.4233512357777382,
      "rev_growth_yoy": 0.6692001349063321,
      "fcf_margin_change": 0.7644924837875737
    },
    {
      "date": "2022-06-25T00:00:00",
      "quarter_label": "2022-06 (Q2)",
      "revenue": 393639000,
      "gross_profit": 202634000,
      "operating_income": 54276000,
      "net_income": 39707000,
      "opex": 148358000,
      "cogs": 191005000,
      "rd": 109716000,
      "sga": 38642000,
      "fcf": 67589000,
      "ocf": 74365000,
      "capex": -6776000,
      "gross_margin": 0.5147711481839959,
      "op_margin": 0.13788267930769055,
      "fcf_margin": 0.17170300706992955,
      "incr_op_margin_yoy": 0.3022098877871909,
      "rev_growth_yoy": 0.41978265338878207,
      "rev_growth_yoy_accel": -0.24941748151755005,
      "fcf_margin_change": -0.3389037214778242
    },
    {
      "date": "2022-09-24T00:00:00",
      "quarter_label": "2022-09 (Q3)",
      "revenue": 540574000,
      "gross_profit": 271286000,
      "operating_income": 116217000,
      "net_income": 87188000,
      "opex": 155069000,
      "cogs": 269288000,
      "rd": 115471000,
      "sga": 39598000,
      "fcf": 25778000,
      "ocf": 35989000,
      "capex": -10211000,
      "gross_margin": 0.501848035606596,
      "op_margin": 0.2149881422339957,
      "fcf_margin": 0.04768634821504549,
      "incr_op_margin_yoy": 0.2814508354755784,
      "rev_growth_yoy": 0.16031389653262815,
      "rev_growth_yoy_accel": -0.2594687568561539,
      "op_leverage_ratio": 8.251841331297861,
      "fcf_margin_change": -0.12401665885488405
    },
    {
      "date": "2022-12-24T00:00:00",
      "quarter_label": "2022-12 (Q4)",
      "revenue": 590582000,
      "gross_profit": 296705000,
      "operating_income": 141380000,
      "net_income": 103477000,
      "opex": 155325000,
      "cogs": 293877000,
      "rd": 118063000,
      "sga": 37262000,
      "fcf": 174171000,
      "ocf": 180948000,
      "capex": -6777000,
      "gross_margin": 0.502394248385491,
      "op_margin": 0.2393909736497218,
      "fcf_margin": 0.2949141694125456,
      "incr_op_margin_yoy": -0.06615679681765443,
      "rev_growth_yoy": 0.07701846816534726,
      "rev_growth_yoy_accel": -0.08329542836728089,
      "op_leverage_ratio": 56.03628729600388,
      "fcf_margin_change": 0.2472278211975001
    },
    {
      "date": "2023-03-25T00:00:00",
      "quarter_label": "2023-03 (Q1)",
      "revenue": 372822000,
      "gross_profit": 186354000,
      "operating_income": -62842000,
      "net_income": -53669000,
      "opex": 249196000,
      "cogs": 186468000,
      "rd": 115162000,
      "sga": 37642000,
      "fcf": 36940000,
      "ocf": 48266000,
      "capex": -11326000,
      "gross_margin": 0.4998471120266508,
      "op_margin": -0.16855764949493324,
      "fcf_margin": 0.09908213571087543,
      "incr_op_margin_yoy": 1.4571660264618012,
      "rev_growth_yoy": -0.23909529524136072,
      "rev_growth_yoy_accel": -0.316113763406708,
      "fcf_margin_change": -0.19583203370167018
    },
    {
      "date": "2023-06-24T00:00:00",
      "quarter_label": "2023-06 (Q2)",
      "revenue": 317016000,
      "gross_profit": 159387000,
      "operating_income": 17793000,
      "net_income": 15600000,
      "opex": 141594000,
      "cogs": 157629000,
      "rd": 106215000,
      "sga": 35379000,
      "fcf": -52123000,
      "ocf": -39813000,
      "capex": -12310000,
      "gross_margin": 0.5027727307139072,
      "op_margin": 0.05612650465591642,
      "fcf_margin": -0.16441756882933353,
      "incr_op_margin_yoy": 0.47613640812810776,
      "rev_growth_yoy": -0.19465296883692926,
      "rev_growth_yoy_accel": 0.044442326404431465,
      "fcf_margin_change": -0.263499704540209
    },
    {
      "date": "2023-09-23T00:00:00",
      "quarter_label": "2023-09 (Q3)",
      "revenue": 481063000,
      "gross_profit": 246596000,
      "operating_income": 105749000,
      "net_income": 75407000,
      "opex": 140847000,
      "cogs": 234467000,
      "rd": 104205000,
      "sga": 34323000,
      "fcf": -31201000,
      "ocf": -22731000,
      "capex": -8470000,
      "gross_margin": 0.512606456950545,
      "op_margin": 0.21982359898807433,
      "fcf_margin": -0.06485844889338818,
      "incr_op_margin_yoy": 0.1759002537346037,
      "rev_growth_yoy": -0.11008853551965134,
      "rev_growth_yoy_accel": 0.08456443331727792,
      "op_leverage_ratio": null,
      "fcf_margin_change": 0.09955911993594535
    },
    {
      "date": "2023-12-30T00:00:00",
      "quarter_label": "2023-12 (Q4)",
      "revenue": 618984000,
      "gross_profit": 317464000,
      "operating_income": 167548000,
      "net_income": 138723000,
      "opex": 149916000,
      "cogs": 301520000,
      "rd": 112672000,
      "sga": 37604000,
      "fcf": 303879000,
      "ocf": 313692000,
      "capex": -9813000,
      "gross_margin": 0.5128791697362128,
      "op_margin": 0.270682279348093,
      "fcf_margin": 0.4909319142336474,
      "incr_op_margin_yoy": 0.9213435673544117,
      "rev_growth_yoy": 0.048091543595978205,
      "rev_growth_yoy_accel": 0.15818007911562953,
      "op_leverage_ratio": 4.452630339953899,
      "fcf_margin_change": 0.5557903631270356
    },
    {
      "date": "2024-03-30T00:00:00",
      "quarter_label": "2024-03 (Q1)",
      "revenue": 371827000,
      "gross_profit": 192625000,
      "operating_income": 52376000,
      "net_income": 44842000,
      "opex": 140249000,
      "cogs": 179202000,
      "rd": 103383000,
      "sga": 36866000,
      "fcf": 163469000,
      "ocf": 170526000,
      "capex": -7057000,
      "gross_margin": 0.5180500609154257,
      "op_margin": 0.14086120695915036,
      "fcf_margin": 0.4396372506568915,
      "rev_growth_yoy": -0.0026688339207450204,
      "rev_growth_yoy_accel": -0.05076037751672322,
      "fcf_margin_change": -0.05129466357675588
    },
    {
      "date": "2024-06-29T00:00:00",
      "quarter_label": "2024-06 (Q2)",
      "revenue": 374026000,
      "gross_profit": 188925000,
      "operating_income": 46792000,
      "net_income": 42095000,
      "opex": 142133000,
      "cogs": 185101000,
      "rd": 105363000,
      "sga": 36770000,
      "fcf": 77171000,
      "ocf": 87161000,
      "capex": -9990000,
      "gross_margin": 0.5051119440894484,
      "op_margin": 0.12510360242336094,
      "fcf_margin": 0.20632522872741468,
      "incr_op_margin_yoy": 0.5086651464655324,
      "rev_growth_yoy": 0.1798331945390769,
      "rev_growth_yoy_accel": 0.1825020284598219,
      "fcf_margin_change": -0.23331202192947684
    },
    {
      "date": "2024-09-28T00:00:00",
      "quarter_label": "2024-09 (Q3)",
      "revenue": 541857000,
      "gross_profit": 282590000,
      "operating_income": 131852000,
      "net_income": 102140000,
      "opex": 150738000,
      "cogs": 259267000,
      "rd": 112925000,
      "sga": 37813000,
      "fcf": 5561000,
      "ocf": 8231000,
      "capex": -2670000,
      "gross_margin": 0.5215213608018352,
      "op_margin": 0.24333357324903065,
      "fcf_margin": 0.010262855328989014,
      "incr_op_margin_yoy": 0.42936802973977695,
      "rev_growth_yoy": 0.12637430024757673,
      "rev_growth_yoy_accel": -0.053458894291500164,
      "op_leverage_ratio": 7.411642067421396,
      "fcf_margin_change": -0.19606237339842567
    },
    {
      "date": "2024-12-28T00:00:00",
      "quarter_label": "2024-12 (Q4)",
      "revenue": 555738000,
      "gross_profit": 297787000,
      "operating_income": 145769000,
      "net_income": 116005000,
      "opex": 152018000,
      "cogs": 257951000,
      "rd": 112976000,
      "sga": 39042000,
      "fcf": 211901000,
      "ocf": 218588000,
      "capex": -6687000,
      "gross_margin": 0.5358406299371287,
      "op_margin": 0.2622980613166636,
      "fcf_margin": 0.38129658220240475,
      "incr_op_margin_yoy": 0.34435379312525694,
      "rev_growth_yoy": -0.10217711604823387,
      "rev_growth_yoy_accel": -0.2285514162958106,
      "op_leverage_ratio": 3.01681615548475,
      "fcf_margin_change": 0.37103372687341574
    },
    {
      "date": "2025-03-29T00:00:00",
      "quarter_label": "2025-03 (Q1)",
      "revenue": 424456000,
      "gross_profit": 226736000,
      "operating_income": 85946000,
      "net_income": 71267000,
      "opex": 140790000,
      "cogs": 197720000,
      "rd": 103420000,
      "sga": 37370000,
      "fcf": 126957000,
      "ocf": 130386000,
      "capex": -3429000,
      "gross_margin": 0.5341802212714628,
      "op_margin": 0.20248506323388055,
      "fcf_margin": 0.29910520760691334,
      "incr_op_margin_yoy": 0.6378612552015048,
      "rev_growth_yoy": 0.1415416309197557,
      "rev_growth_yoy_accel": 0.24371874696798956,
      "fcf_margin_change": -0.08219137459549142
    },
    {
      "date": "2025-06-28T00:00:00",
      "quarter_label": "2025-06 (Q2)",
      "revenue": 407272000,
      "gross_profit": 214030000,
      "operating_income": 72394000,
      "net_income": 60697000,
      "opex": 141636000,
      "cogs": 193242000,
      "rd": 102892000,
      "sga": 38744000,
      "fcf": 113493000,
      "ocf": 116131000,
      "capex": -2638000,
      "gross_margin": 0.525521027716121,
      "op_margin": 0.17775344241686145,
      "fcf_margin": 0.2786663458327604,
      "incr_op_margin_yoy": 0.7700776033207002,
      "rev_growth_yoy": 0.08888686882730078,
      "rev_growth_yoy_accel": -0.05265476209245491,
      "fcf_margin_change": -0.02043886177415294
    },
    {
      "date": "2025-09-27T00:00:00",
      "quarter_label": "2025-09 (Q3)",
      "revenue": 560960000,
      "gross_profit": 294374000,
      "operating_income": 144764000,
      "net_income": 131596000,
      "opex": 149610000,
      "cogs": 266586000,
      "rd": 110021000,
      "sga": 39589000,
      "fcf": 88346000,
      "ocf": 92214000,
      "capex": -3868000,
      "gross_margin": 0.5247682544209926,
      "op_margin": 0.25806474614945807,
      "fcf_margin": 0.1574907301768397,
      "incr_op_margin_yoy": 0.6759147777835942,
      "rev_growth_yoy": 0.03525468896775349,
      "rev_growth_yoy_accel": -0.05363217985954729,
      "op_leverage_ratio": 6.702747008963204,
      "fcf_margin_change": -0.1211756156559207
    },
    {
      "date": "2025-12-27T00:00:00",
      "quarter_label": "2025-12 (Q4)",
      "revenue": 580624000,
      "gross_profit": 308126000,
      "operating_income": 152927000,
      "net_income": 140310000,
      "opex": 155199000,
      "cogs": 272498000,
      "rd": 113553000,
      "sga": 41646000,
      "fcf": 285748000,
      "ocf": 290834000,
      "capex": -5086000,
      "gross_margin": 0.5306807848108243,
      "op_margin": 0.26338387665683816,
      "fcf_margin": 0.4921394913059054,
      "incr_op_margin_yoy": 0.2876316000964398,
      "rev_growth_yoy": 0.04478009421705912,
      "rev_growth_yoy_accel": 0.009525405249305632,
      "op_leverage_ratio": 0.938353513446315,
      "fcf_margin_change": 0.3346487611290657
    }
  ],
  "signals": [
    {
      "quarter": "2025-12 (Q4)",
      "signal": "FCF MARGIN EXPANSION",
      "detail": "FCF margin: +15.7% -> +49.2% (+33.5%)",
      "severity": "MEDIUM"
    },
    {
      "quarter": "2025-09 (Q3)",
      "signal": "OPERATING LEVERAGE",
      "detail": "Rev growth +37.7% vs OpEx growth +5.6% (leverage: 6.7x)",
      "severity": "MEDIUM"
    },
    {
      "quarter": "2025-09 (Q3)",
      "signal": "YoY REVENUE GROWTH DECELERATION",
      "detail": "YoY growth: +3.5% vs prior quarter YoY: +8.9% (decel: -5.4%)",
      "severity": "WARNING"
    },
    {
      "quarter": "2025-09 (Q3)",
      "signal": "INCREMENTAL MARGIN (YoY)",
      "detail": "YoY Incr OPM: +67.6% vs year-ago OPM: +24.3%",
      "severity": "HIGH"
    },
    {
      "quarter": "2025-06 (Q2)",
      "signal": "YoY REVENUE GROWTH DECELERATION",
      "detail": "YoY growth: +8.9% vs prior quarter YoY: +14.2% (decel: -5.3%)",
      "severity": "WARNING"
    },
    {
      "quarter": "2025-06 (Q2)",
      "signal": "INCREMENTAL MARGIN (YoY)",
      "detail": "YoY Incr OPM: +77.0% vs year-ago OPM: +12.5%",
      "severity": "HIGH"
    },
    {
      "quarter": "2025-03 (Q1)",
      "signal": "YoY REVENUE GROWTH ACCELERATION",
      "detail": "YoY growth: +14.2% vs prior quarter YoY: -10.2% (accel: +24.4%)",
      "severity": "HIGH"
    },
    {
      "quarter": "2025-03 (Q1)",
      "signal": "INCREMENTAL MARGIN (YoY)",
      "detail": "YoY Incr OPM: +63.8% vs year-ago OPM: +14.1%",
      "severity": "HIGH"
    },
    {
      "quarter": "2024-12 (Q4)",
      "signal": "FCF MARGIN EXPANSION",
      "detail": "FCF margin: +1.0% -> +38.1% (+37.1%)",
      "severity": "MEDIUM"
    },
    {
      "quarter": "2024-12 (Q4)",
      "signal": "OPERATING LEVERAGE",
      "detail": "Rev growth +2.6% vs OpEx growth +0.8% (leverage: 3.0x)",
      "severity": "MEDIUM"
    },
    {
      "quarter": "2024-12 (Q4)",
      "signal": "YoY REVENUE GROWTH DECELERATION",
      "detail": "YoY growth: -10.2% vs prior quarter YoY: +12.6% (decel: -22.9%)",
      "severity": "WARNING"
    },
    {
      "quarter": "2024-09 (Q3)",
      "signal": "OPERATING LEVERAGE",
      "detail": "Rev growth +44.9% vs OpEx growth +6.1% (leverage: 7.4x)",
      "severity": "MEDIUM"
    },
    {
      "quarter": "2024-09 (Q3)",
      "signal": "YoY REVENUE GROWTH DECELERATION",
      "detail": "YoY growth: +12.6% vs prior quarter YoY: +18.0% (decel: -5.3%)",
      "severity": "WARNING"
    },
    {
      "quarter": "2024-09 (Q3)",
      "signal": "INCREMENTAL MARGIN (YoY)",
      "detail": "YoY Incr OPM: +42.9% vs year-ago OPM: +22.0%",
      "severity": "HIGH"
    },
    {
      "quarter": "2024-06 (Q2)",
      "signal": "YoY REVENUE GROWTH ACCELERATION",
      "detail": "YoY growth: +18.0% vs prior quarter YoY: -0.3% (accel: +18.3%)",
      "severity": "HIGH"
    },
    {
      "quarter": "2024-06 (Q2)",
      "signal": "INCREMENTAL MARGIN (YoY)",
      "detail": "YoY Incr OPM: +50.9% vs year-ago OPM: +5.6%",
      "severity": "HIGH"
    },
    {
      "quarter": "2024-03 (Q1)",
      "signal": "YoY REVENUE GROWTH DECELERATION",
      "detail": "YoY growth: -0.3% vs prior quarter YoY: +4.8% (decel: -5.1%)",
      "severity": "WARNING"
    },
    {
      "quarter": "2024-03 (Q1)",
      "signal": "OP MARGIN TURNED POSITIVE (YoY)",
      "detail": "Op margin: -16.9% (year-ago) -> +14.1%",
      "severity": "HIGH"
    },
    {
      "quarter": "2023-12 (Q4)",
      "signal": "FCF TURNED POSITIVE",
      "detail": "FCF margin: -6.5% -> +49.1%",
      "severity": "HIGH"
    },
    {
      "quarter": "2023-12 (Q4)",
      "signal": "OPERATING LEVERAGE",
      "detail": "Rev growth +28.7% vs OpEx growth +6.4% (leverage: 4.5x)",
      "severity": "MEDIUM"
    },
    {
      "quarter": "2023-12 (Q4)",
      "signal": "YoY REVENUE GROWTH ACCELERATION",
      "detail": "YoY growth: +4.8% vs prior quarter YoY: -11.0% (accel: +15.8%)",
      "severity": "HIGH"
    },
    {
      "quarter": "2023-12 (Q4)",
      "signal": "INCREMENTAL MARGIN (YoY)",
      "detail": "YoY Incr OPM: +92.1% vs year-ago OPM: +23.9%",
      "severity": "HIGH"
    },
    {
      "quarter": "2023-09 (Q3)",
      "signal": "FCF MARGIN EXPANSION",
      "detail": "FCF margin: -16.4% -> -6.5% (+10.0%)",
      "severity": "MEDIUM"
    },
    {
      "quarter": "2023-09 (Q3)",
      "signal": "YoY REVENUE GROWTH ACCELERATION",
      "detail": "YoY growth: -11.0% vs prior quarter YoY: -19.5% (accel: +8.5%)",
      "severity": "MEDIUM"
    },
    {
      "quarter": "2023-06 (Q2)",
      "signal": "INCREMENTAL MARGIN (YoY)",
      "detail": "YoY Incr OPM: +47.6% vs year-ago OPM: +13.8%",
      "severity": "HIGH"
    },
    {
      "quarter": "2023-06 (Q2)",
      "signal": "OP MARGIN TURNED POSITIVE (QoQ)",
      "detail": "Op margin: -16.9% -> +5.6%",
      "severity": "HIGH"
    },
    {
      "quarter": "2023-03 (Q1)",
      "signal": "YoY REVENUE GROWTH DECELERATION",
      "detail": "YoY growth: -23.9% vs prior quarter YoY: +7.7% (decel: -31.6%)",
      "severity": "WARNING"
    },
    {
      "quarter": "2022-12 (Q4)",
      "signal": "FCF MARGIN EXPANSION",
      "detail": "FCF margin: +4.8% -> +29.5% (+24.7%)",
      "severity": "MEDIUM"
    },
    {
      "quarter": "2022-12 (Q4)",
      "signal": "OPERATING LEVERAGE",
      "detail": "Rev growth +9.3% vs OpEx growth +0.2% (leverage: 56.0x)",
      "severity": "MEDIUM"
    },
    {
      "quarter": "2022-12 (Q4)",
      "signal": "YoY REVENUE GROWTH DECELERATION",
      "detail": "YoY growth: +7.7% vs prior quarter YoY: +16.0% (decel: -8.3%)",
      "severity": "WARNING"
    },
    {
      "quarter": "2022-09 (Q3)",
      "signal": "OPERATING LEVERAGE",
      "detail": "Rev growth +37.3% vs OpEx growth +4.5% (leverage: 8.3x)",
      "severity": "MEDIUM"
    },
    {
      "quarter": "2022-09 (Q3)",
      "signal": "YoY REVENUE GROWTH DECELERATION",
      "detail": "YoY growth: +16.0% vs prior quarter YoY: +42.0% (decel: -25.9%)",
      "severity": "WARNING"
    },
    {
      "quarter": "2022-06 (Q2)",
      "signal": "YoY REVENUE GROWTH DECELERATION",
      "detail": "YoY growth: +42.0% vs prior quarter YoY: +66.9% (decel: -24.9%)",
      "severity": "WARNING"
    },
    {
      "quarter": "2022-06 (Q2)",
      "signal": "INCREMENTAL MARGIN (YoY)",
      "detail": "YoY Incr OPM: +30.2% vs year-ago OPM: +6.9%",
      "severity": "HIGH"
    },
    {
      "quarter": "2022-03 (Q1)",
      "signal": "FCF TURNED POSITIVE",
      "detail": "FCF margin: -25.4% -> +51.1%",
      "severity": "HIGH"
    },
    {
      "quarter": "2022-03 (Q1)",
      "signal": "INCREMENTAL MARGIN (YoY)",
      "detail": "YoY Incr OPM: +42.3% vs year-ago OPM: +8.4%",
      "severity": "HIGH"
    },
    {
      "quarter": "2021-12 (Q4)",
      "signal": "OPERATING LEVERAGE",
      "detail": "Rev growth +17.7% vs OpEx growth +3.6% (leverage: 4.9x)",
      "severity": "MEDIUM"
    },
    {
      "quarter": "2021-09 (Q3)",
      "signal": "FCF TURNED POSITIVE",
      "detail": "FCF margin: -13.6% -> +5.4%",
      "severity": "HIGH"
    },
    {
      "quarter": "2021-09 (Q3)",
      "signal": "OPERATING LEVERAGE",
      "detail": "Rev growth +68.0% vs OpEx growth +16.1% (leverage: 4.2x)",
      "severity": "MEDIUM"
    }
  ],
  "data_quality": {
    "n_quarters": 20,
    "coverage": {
      "revenue": [
        20,
        20
      ],
      "gross_profit": [
        20,
        20
      ],
      "op_income": [
        20,
        20
      ],
      "fcf": [
        20,
        20
      ]
    },
    "gaps": [],
    "warnings": []
  },
  "market_cap": null,
  "source": "SEC EDGAR",
  "last_updated": "2026-02-04T13:46:14.174102",
  "sector": "Technology",
  "industry": "Semiconductors"
}