{
  "ticker": "CRWD",
  "name": "CROWDSTRIKE HOLDINGS, INC.",
  "quarters": [
    {
      "date": "2021-01-31T00:00:00",
      "quarter_label": "2021-01 (Q1)",
      "revenue": 264929000,
      "gross_profit": 198197000,
      "operating_income": -15803000,
      "net_income": -19002000,
      "opex": 214000000,
      "cogs": 66732000,
      "rd": 66070000,
      "sga": null,
      "fcf": 101909000,
      "ocf": 114463000,
      "capex": -12554000,
      "gross_margin": 0.748113645542768,
      "op_margin": -0.059649943947246244,
      "fcf_margin": 0.3846653254268125
    },
    {
      "date": "2021-04-30T00:00:00",
      "quarter_label": "2021-04 (Q2)",
      "revenue": 302843000,
      "gross_profit": 224338000,
      "operating_income": -31347000,
      "net_income": -85049000,
      "opex": 255685000,
      "cogs": 78505000,
      "rd": 78180000,
      "sga": null,
      "fcf": 121737000,
      "ocf": 147533000,
      "capex": -25796000,
      "gross_margin": 0.7407732719593981,
      "op_margin": -0.10350907896170623,
      "fcf_margin": 0.4019805641867238,
      "op_leverage_ratio": 0.7346899060075422,
      "fcf_margin_change": 0.01731523875991131
    },
    {
      "date": "2021-07-31T00:00:00",
      "quarter_label": "2021-07 (Q3)",
      "revenue": 337690000,
      "gross_profit": 247258000,
      "operating_income": -47403000,
      "net_income": -57318000,
      "opex": 294661000,
      "cogs": 90432000,
      "rd": 90455000,
      "sga": null,
      "fcf": 78478000,
      "ocf": 108475000,
      "capex": -29997000,
      "gross_margin": 0.7322040925108828,
      "op_margin": -0.140374307797092,
      "fcf_margin": 0.2323965767419823,
      "op_leverage_ratio": 0.7548416226023122,
      "fcf_margin_change": -0.16958398744474149
    },
    {
      "date": "2021-10-31T00:00:00",
      "quarter_label": "2021-10 (Q4)",
      "revenue": 380051000,
      "gross_profit": 278387000,
      "operating_income": -40264000,
      "net_income": -50455000,
      "opex": 318651000,
      "cogs": 101664000,
      "rd": 97630000,
      "sga": null,
      "fcf": 129431000,
      "ocf": 159058000,
      "capex": -29627000,
      "gross_margin": 0.7324990593367732,
      "op_margin": -0.10594367598032896,
      "fcf_margin": 0.3405621877063868,
      "op_leverage_ratio": 1.540779225320805,
      "fcf_margin_change": 0.1081656109644045
    },
    {
      "date": "2022-01-31T00:00:00",
      "quarter_label": "2022-01 (Q1)",
      "revenue": 431010000,
      "gross_profit": 318390000,
      "operating_income": -23534000,
      "net_income": -41980000,
      "opex": 341924000,
      "cogs": 112620000,
      "rd": 105018000,
      "sga": null,
      "fcf": 132995000,
      "ocf": 159718000,
      "capex": -26723000,
      "gross_margin": 0.7387067585438853,
      "op_margin": -0.054601981392543096,
      "fcf_margin": 0.3085659265446277,
      "incr_op_margin_yoy": -0.04654957520727838,
      "rev_growth_yoy": 0.6268887135798648,
      "op_leverage_ratio": 1.835870036051399,
      "fcf_margin_change": -0.031996261161759076
    },
    {
      "date": "2022-04-30T00:00:00",
      "quarter_label": "2022-04 (Q2)",
      "revenue": 487834000,
      "gross_profit": 361002000,
      "operating_income": -23883000,
      "net_income": -31523000,
      "opex": 384885000,
      "cogs": 126832000,
      "rd": 123399000,
      "sga": null,
      "fcf": 162746000,
      "ocf": 214957000,
      "capex": -52211000,
      "gross_margin": 0.740009921407692,
      "op_margin": -0.048957227253532964,
      "fcf_margin": 0.33360938351980385,
      "incr_op_margin_yoy": 0.0403479088171857,
      "rev_growth_yoy": 0.6108478650653969,
      "rev_growth_yoy_accel": -0.016040848514467854,
      "op_leverage_ratio": 1.0492999659725704,
      "fcf_margin_change": 0.025043456975176126
    },
    {
      "date": "2022-07-31T00:00:00",
      "quarter_label": "2022-07 (Q3)",
      "revenue": 535153000,
      "gross_profit": 394586000,
      "operating_income": -48307000,
      "net_income": -49285000,
      "opex": 442893000,
      "cogs": 140567000,
      "rd": 137864000,
      "sga": null,
      "fcf": 143778000,
      "ocf": 209906000,
      "capex": -66128000,
      "gross_margin": 0.7373330617599079,
      "op_margin": -0.09026764308524851,
      "fcf_margin": 0.2686670914673,
      "incr_op_margin_yoy": -0.004578072854154956,
      "rev_growth_yoy": 0.5847463650093281,
      "rev_growth_yoy_accel": -0.026101500056068816,
      "op_leverage_ratio": 0.6435859968883689,
      "fcf_margin_change": -0.06494229205250385
    },
    {
      "date": "2022-10-31T00:00:00",
      "quarter_label": "2022-10 (Q4)",
      "revenue": 580882000,
      "gross_profit": 422654000,
      "operating_income": -56422000,
      "net_income": -54956000,
      "opex": 479076000,
      "cogs": 158228000,
      "rd": 155256000,
      "sga": null,
      "fcf": 181581000,
      "ocf": 242851000,
      "capex": -61270000,
      "gross_margin": 0.7276073281664779,
      "op_margin": -0.09713160332046784,
      "fcf_margin": 0.31259532917184557,
      "incr_op_margin_yoy": -0.08045570653932908,
      "rev_growth_yoy": 0.5284317104809617,
      "rev_growth_yoy_accel": -0.05631465452836637,
      "op_leverage_ratio": 1.0459429188255303,
      "fcf_margin_change": 0.04392823770454557
    },
    {
      "date": "2023-01-31T00:00:00",
      "quarter_label": "2023-01 (Q1)",
      "revenue": 637367000,
      "gross_profit": 461763000,
      "operating_income": -61500000,
      "net_income": -47481000,
      "opex": 523263000,
      "cogs": 175604000,
      "rd": 191845000,
      "sga": null,
      "fcf": 217883000,
      "ocf": 273293000,
      "capex": -55410000,
      "gross_margin": 0.7244852651612023,
      "op_margin": -0.09649071884801064,
      "fcf_margin": 0.3418485738985545,
      "incr_op_margin_yoy": -0.18398212805962483,
      "rev_growth_yoy": 0.47877543444467646,
      "rev_growth_yoy_accel": -0.04965627603628525,
      "op_leverage_ratio": 1.0542779221273253,
      "fcf_margin_change": 0.029253244726708927
    },
    {
      "date": "2023-04-30T00:00:00",
      "quarter_label": "2023-04 (Q2)",
      "revenue": 692580000,
      "gross_profit": 523350000,
      "operating_income": -19456000,
      "net_income": 491000,
      "opex": 542806000,
      "cogs": 169230000,
      "rd": 179065000,
      "sga": null,
      "fcf": 238628000,
      "ocf": 300892000,
      "capex": -62264000,
      "gross_margin": 0.7556527765745473,
      "op_margin": -0.0280920615668948,
      "fcf_margin": 0.34454936613820786,
      "incr_op_margin_yoy": 0.0216219120275854,
      "rev_growth_yoy": 0.4197042436566537,
      "rev_growth_yoy_accel": -0.059071190788022754,
      "op_leverage_ratio": 2.3194262398352694,
      "fcf_margin_change": 0.00270079223965336
    },
    {
      "date": "2023-07-31T00:00:00",
      "quarter_label": "2023-07 (Q3)",
      "revenue": 731626000,
      "gross_profit": 548709000,
      "operating_income": -15373000,
      "net_income": 8472000,
      "opex": 564082000,
      "cogs": 182917000,
      "rd": 179362000,
      "sga": null,
      "fcf": 204364000,
      "ocf": 244781000,
      "capex": -40417000,
      "gross_margin": 0.7499856484050594,
      "op_margin": -0.021012101811581328,
      "fcf_margin": 0.2793285093750085,
      "incr_op_margin_yoy": 0.1676260860270877,
      "rev_growth_yoy": 0.3671342588007542,
      "rev_growth_yoy_accel": -0.05256998485589953,
      "op_leverage_ratio": 1.4383390181458333,
      "fcf_margin_change": -0.06522085676319933
    },
    {
      "date": "2023-10-31T00:00:00",
      "quarter_label": "2023-10 (Q4)",
      "revenue": 786014000,
      "gross_profit": 591010000,
      "operating_income": 3163000,
      "net_income": 26665000,
      "opex": 587847000,
      "cogs": 195004000,
      "rd": 196072000,
      "sga": null,
      "fcf": 252254000,
      "ocf": 273518000,
      "capex": -21264000,
      "gross_margin": 0.7519077268343821,
      "op_margin": 0.004024101351884317,
      "fcf_margin": 0.320928125962133,
      "incr_op_margin_yoy": 0.2904715012772264,
      "rev_growth_yoy": 0.3531388474767681,
      "rev_growth_yoy_accel": -0.013995411323986073,
      "op_leverage_ratio": 1.764486666895967,
      "fcf_margin_change": 0.041599616587124466
    },
    {
      "date": "2024-01-31T00:00:00",
      "quarter_label": "2024-01 (Q1)",
      "revenue": 845335000,
      "gross_profit": 636763000,
      "operating_income": 29671000,
      "net_income": 53699000,
      "opex": 607092000,
      "cogs": 208572000,
      "rd": 213998000,
      "sga": null,
      "fcf": 294432000,
      "ocf": 347016000,
      "capex": -52584000,
      "gross_margin": 0.7532670479750632,
      "op_margin": 0.03509969420407294,
      "fcf_margin": 0.34830215240111906,
      "incr_op_margin_yoy": 0.4383895599322973,
      "rev_growth_yoy": 0.3262923872745216,
      "rev_growth_yoy_accel": -0.026846460202246514,
      "op_leverage_ratio": 2.305284725759795,
      "fcf_margin_change": 0.027374026438986065
    },
    {
      "date": "2024-04-30T00:00:00",
      "quarter_label": "2024-04 (Q2)",
      "revenue": 921036000,
      "gross_profit": 696033000,
      "operating_income": 6936000,
      "net_income": 42820000,
      "opex": 689097000,
      "cogs": 225003000,
      "rd": 235249000,
      "sga": null,
      "fcf": 333545000,
      "ocf": 383228000,
      "capex": -49683000,
      "gross_margin": 0.7557066173309187,
      "op_margin": 0.007530650267741978,
      "fcf_margin": 0.3621411106623411,
      "incr_op_margin_yoy": 0.11552333928633961,
      "rev_growth_yoy": 0.3298622541800225,
      "rev_growth_yoy_accel": 0.003569866905500929,
      "op_leverage_ratio": 0.6629594152529447,
      "fcf_margin_change": 0.013838958261222056
    },
    {
      "date": "2024-07-31T00:00:00",
      "quarter_label": "2024-07 (Q3)",
      "revenue": 963872000,
      "gross_profit": 726471000,
      "operating_income": 13658000,
      "net_income": 47013000,
      "opex": 712813000,
      "cogs": 237401000,
      "rd": 250908000,
      "sga": null,
      "fcf": 287387000,
      "ocf": 326641000,
      "capex": -39254000,
      "gross_margin": 0.7537006988479799,
      "op_margin": 0.014169931277182033,
      "fcf_margin": 0.29815888416719233,
      "incr_op_margin_yoy": 0.1250010764448042,
      "rev_growth_yoy": 0.3174381446258061,
      "rev_growth_yoy_accel": -0.012424109554216411,
      "op_leverage_ratio": 1.3513605045167074,
      "fcf_margin_change": -0.06398222649514879
    },
    {
      "date": "2024-10-31T00:00:00",
      "quarter_label": "2024-10 (Q4)",
      "revenue": 1010178000,
      "gross_profit": 755091000,
      "operating_income": -55723000,
      "net_income": -16822000,
      "opex": 810814000,
      "cogs": 255087000,
      "rd": 275602000,
      "sga": null,
      "fcf": 247432000,
      "ocf": 326136000,
      "capex": -78704000,
      "gross_margin": 0.7474831168368347,
      "op_margin": -0.05516156558547108,
      "fcf_margin": 0.24493901074860075,
      "incr_op_margin_yoy": -0.2626916007922771,
      "rev_growth_yoy": 0.28519084901795644,
      "rev_growth_yoy_accel": -0.03224729560784967,
      "op_leverage_ratio": 0.34943226827413354,
      "fcf_margin_change": -0.05321987341859158
    },
    {
      "date": "2025-01-31T00:00:00",
      "quarter_label": "2025-01 (Q1)",
      "revenue": 1058538000,
      "gross_profit": 784548000,
      "operating_income": -85301000,
      "net_income": -92282000,
      "opex": 869849000,
      "cogs": 273990000,
      "rd": 315142000,
      "sga": null,
      "fcf": 258511000,
      "ocf": 345722000,
      "capex": -87211000,
      "gross_margin": 0.7411618666500399,
      "op_margin": -0.08058378631659893,
      "fcf_margin": 0.2442151344590369,
      "incr_op_margin_yoy": -0.5392607045867085,
      "rev_growth_yoy": 0.25221125352670837,
      "rev_growth_yoy_accel": -0.03297959549124807,
      "op_leverage_ratio": 0.6575065104081089,
      "fcf_margin_change": -0.0007238762895638573
    },
    {
      "date": "2025-04-30T00:00:00",
      "quarter_label": "2025-04 (Q2)",
      "revenue": 1103434000,
      "gross_profit": 814291000,
      "operating_income": -124656000,
      "net_income": -110207000,
      "opex": 938947000,
      "cogs": 289143000,
      "rd": 334129000,
      "sga": null,
      "fcf": 298356000,
      "ocf": 384107000,
      "capex": -85751000,
      "gross_margin": 0.7379607661174117,
      "op_margin": -0.1129709615618152,
      "fcf_margin": 0.27038862315281204,
      "incr_op_margin_yoy": -0.7214552791149026,
      "rev_growth_yoy": 0.19803569024446385,
      "rev_growth_yoy_accel": -0.054175563282244515,
      "op_leverage_ratio": 0.533924177770561,
      "fcf_margin_change": 0.026173488693775143
    },
    {
      "date": "2025-07-31T00:00:00",
      "quarter_label": "2025-07 (Q3)",
      "revenue": 1168952000,
      "gross_profit": 858669000,
      "operating_income": -112979000,
      "net_income": -77675000,
      "opex": 971648000,
      "cogs": 310283000,
      "rd": 346668000,
      "sga": null,
      "fcf": 302335000,
      "ocf": 332832000,
      "capex": -30497000,
      "gross_margin": 0.7345630958328486,
      "op_margin": -0.09664981966753126,
      "fcf_margin": 0.2586376515032268,
      "incr_op_margin_yoy": -0.6175004876145894,
      "rev_growth_yoy": 0.21276684041034494,
      "rev_growth_yoy_accel": 0.014731150165881085,
      "op_leverage_ratio": 1.7048819587806971,
      "fcf_margin_change": -0.011750971649585218
    },
    {
      "date": "2025-10-31T00:00:00",
      "quarter_label": "2025-10 (Q4)",
      "revenue": 1234244000,
      "gross_profit": 926439000,
      "operating_income": -69443000,
      "net_income": -33997000,
      "opex": 995882000,
      "cogs": 307805000,
      "rd": 347564000,
      "sga": null,
      "fcf": 314146000,
      "ocf": 397541000,
      "capex": -83395000,
      "gross_margin": 0.7506125207009311,
      "op_margin": -0.05626359131581762,
      "fcf_margin": 0.25452503718875685,
      "incr_op_margin_yoy": -0.061231958440816546,
      "rev_growth_yoy": 0.22180843376117873,
      "rev_growth_yoy_accel": 0.009041593350833793,
      "op_leverage_ratio": 2.239479808486044,
      "fcf_margin_change": -0.0041126143144699645
    }
  ],
  "signals": [
    {
      "quarter": "2025-10 (Q4)",
      "signal": "OPERATING LEVERAGE",
      "detail": "Rev growth +5.6% vs OpEx growth +2.5% (leverage: 2.2x)",
      "severity": "MEDIUM"
    },
    {
      "quarter": "2025-07 (Q3)",
      "signal": "OPERATING LEVERAGE",
      "detail": "Rev growth +5.9% vs OpEx growth +3.5% (leverage: 1.7x)",
      "severity": "MEDIUM"
    },
    {
      "quarter": "2025-04 (Q2)",
      "signal": "YoY REVENUE GROWTH DECELERATION",
      "detail": "YoY growth: +19.8% vs prior quarter YoY: +25.2% (decel: -5.4%)",
      "severity": "WARNING"
    },
    {
      "quarter": "2024-07 (Q3)",
      "signal": "OP MARGIN TURNED POSITIVE (YoY)",
      "detail": "Op margin: -2.1% (year-ago) -> +1.4%",
      "severity": "HIGH"
    },
    {
      "quarter": "2024-04 (Q2)",
      "signal": "OP MARGIN TURNED POSITIVE (YoY)",
      "detail": "Op margin: -2.8% (year-ago) -> +0.8%",
      "severity": "HIGH"
    },
    {
      "quarter": "2024-01 (Q1)",
      "signal": "OPERATING LEVERAGE",
      "detail": "Rev growth +7.5% vs OpEx growth +3.3% (leverage: 2.3x)",
      "severity": "MEDIUM"
    },
    {
      "quarter": "2024-01 (Q1)",
      "signal": "OP MARGIN TURNED POSITIVE (YoY)",
      "detail": "Op margin: -9.6% (year-ago) -> +3.5%",
      "severity": "HIGH"
    },
    {
      "quarter": "2023-10 (Q4)",
      "signal": "OPERATING LEVERAGE",
      "detail": "Rev growth +7.4% vs OpEx growth +4.2% (leverage: 1.8x)",
      "severity": "MEDIUM"
    },
    {
      "quarter": "2023-10 (Q4)",
      "signal": "OP MARGIN TURNED POSITIVE (YoY)",
      "detail": "Op margin: -9.7% (year-ago) -> +0.4%",
      "severity": "HIGH"
    },
    {
      "quarter": "2023-10 (Q4)",
      "signal": "OP MARGIN TURNED POSITIVE (QoQ)",
      "detail": "Op margin: -2.1% -> +0.4%",
      "severity": "HIGH"
    },
    {
      "quarter": "2023-07 (Q3)",
      "signal": "YoY REVENUE GROWTH DECELERATION",
      "detail": "YoY growth: +36.7% vs prior quarter YoY: +42.0% (decel: -5.3%)",
      "severity": "WARNING"
    },
    {
      "quarter": "2023-04 (Q2)",
      "signal": "OPERATING LEVERAGE",
      "detail": "Rev growth +8.7% vs OpEx growth +3.7% (leverage: 2.3x)",
      "severity": "MEDIUM"
    },
    {
      "quarter": "2023-04 (Q2)",
      "signal": "GROSS MARGIN INFLECTION",
      "detail": "GM: +72.8% -> +72.4% -> +75.6% (reversal +3.1%)",
      "severity": "MEDIUM"
    },
    {
      "quarter": "2023-04 (Q2)",
      "signal": "YoY REVENUE GROWTH DECELERATION",
      "detail": "YoY growth: +42.0% vs prior quarter YoY: +47.9% (decel: -5.9%)",
      "severity": "WARNING"
    },
    {
      "quarter": "2022-10 (Q4)",
      "signal": "YoY REVENUE GROWTH DECELERATION",
      "detail": "YoY growth: +52.8% vs prior quarter YoY: +58.5% (decel: -5.6%)",
      "severity": "WARNING"
    },
    {
      "quarter": "2022-01 (Q1)",
      "signal": "OPERATING LEVERAGE",
      "detail": "Rev growth +13.4% vs OpEx growth +7.3% (leverage: 1.8x)",
      "severity": "MEDIUM"
    },
    {
      "quarter": "2021-10 (Q4)",
      "signal": "FCF MARGIN EXPANSION",
      "detail": "FCF margin: +23.2% -> +34.1% (+10.8%)",
      "severity": "MEDIUM"
    },
    {
      "quarter": "2021-10 (Q4)",
      "signal": "OPERATING LEVERAGE",
      "detail": "Rev growth +12.5% vs OpEx growth +8.1% (leverage: 1.5x)",
      "severity": "MEDIUM"
    }
  ],
  "data_quality": {
    "n_quarters": 20,
    "coverage": {
      "revenue": [
        20,
        20
      ],
      "gross_profit": [
        20,
        20
      ],
      "op_income": [
        20,
        20
      ],
      "fcf": [
        20,
        20
      ]
    },
    "gaps": [],
    "warnings": []
  },
  "market_cap": null,
  "source": "SEC EDGAR",
  "last_updated": "2026-02-02T19:48:47.928129",
  "sector": "Technology",
  "industry": "Software - Infrastructure"
}