{
  "ticker": "CRWS",
  "name": "Crown Crafts, Inc.",
  "sector": "Consumer Cyclical",
  "industry": "Furnishings, Fixtures & Appliances",
  "quarters": [
    {
      "date": "2021-03-28T00:00:00",
      "quarter_label": "2021-03 (Q1)",
      "revenue": 21824000,
      "gross_profit": 5827000,
      "operating_income": -23000,
      "net_income": 238000,
      "opex": 5850000,
      "cogs": 15997000,
      "rd": null,
      "sga": 3616000,
      "fcf": 454000,
      "ocf": 659000,
      "capex": -205000,
      "gross_margin": 0.26699963343108507,
      "op_margin": -0.0010538856304985337,
      "fcf_margin": 0.020802785923753665
    },
    {
      "date": "2021-06-27T00:00:00",
      "quarter_label": "2021-06 (Q2)",
      "revenue": 18712000,
      "gross_profit": 4656000,
      "operating_income": 1290000,
      "net_income": 2665000,
      "opex": 3366000,
      "cogs": 14056000,
      "rd": null,
      "sga": 3366000,
      "fcf": 4923000,
      "ocf": 4998000,
      "capex": -75000,
      "gross_margin": 0.24882428388200087,
      "op_margin": 0.06893971782813169,
      "fcf_margin": 0.2630932022231723,
      "fcf_margin_change": 0.2422904162994186
    },
    {
      "date": "2021-09-26T00:00:00",
      "quarter_label": "2021-09 (Q3)",
      "revenue": 20220000,
      "gross_profit": 6068000,
      "operating_income": 2904000,
      "net_income": 2386000,
      "opex": 3164000,
      "cogs": 14152000,
      "rd": null,
      "sga": 3164000,
      "fcf": -2002000,
      "ocf": -1804000,
      "capex": -198000,
      "gross_margin": 0.30009891196834815,
      "op_margin": 0.14362017804154303,
      "fcf_margin": -0.0990108803165183,
      "op_leverage_ratio": null,
      "fcf_margin_change": -0.36210408253969056
    },
    {
      "date": "2021-12-26T00:00:00",
      "quarter_label": "2021-12 (Q4)",
      "revenue": 22742000,
      "gross_profit": 6170000,
      "operating_income": 3076000,
      "net_income": 2432000,
      "opex": 3094000,
      "cogs": 16572000,
      "rd": null,
      "sga": 3094000,
      "fcf": 970000,
      "ocf": 1072000,
      "capex": -102000,
      "gross_margin": 0.27130419488171664,
      "op_margin": 0.13525635388268403,
      "fcf_margin": 0.042652361269897104,
      "op_leverage_ratio": null,
      "fcf_margin_change": 0.1416632415864154
    },
    {
      "date": "2022-04-03T00:00:00",
      "quarter_label": "2022-04 (Q2)",
      "revenue": 25686000,
      "gross_profit": 6414000,
      "operating_income": 3036000,
      "net_income": 2435000,
      "opex": 3378000,
      "cogs": 19272000,
      "rd": null,
      "sga": 3378000,
      "fcf": 3842000,
      "ocf": 3998000,
      "capex": -156000,
      "gross_margin": 0.2497080121466947,
      "op_margin": 0.11819668301798646,
      "fcf_margin": 0.14957564431986295,
      "incr_op_margin_yoy": 0.7920766442257897,
      "rev_growth_yoy": 0.17696114369501467,
      "op_leverage_ratio": 1.4102987461308172,
      "fcf_margin_change": 0.10692328304996584
    },
    {
      "date": "2022-07-03T00:00:00",
      "quarter_label": "2022-07 (Q3)",
      "revenue": 15710000,
      "gross_profit": 5153000,
      "operating_income": 1740000,
      "net_income": 1434000,
      "opex": 3413000,
      "cogs": 10557000,
      "rd": null,
      "sga": 3413000,
      "fcf": 3403000,
      "ocf": 3498000,
      "capex": -95000,
      "gross_margin": 0.32800763844684916,
      "op_margin": 0.11075747931253978,
      "fcf_margin": 0.21661362189688096,
      "incr_op_margin_yoy": -0.14990006662225183,
      "rev_growth_yoy": -0.16043180846515606,
      "rev_growth_yoy_accel": -0.33739295216017073,
      "fcf_margin_change": 0.06703797757701802
    },
    {
      "date": "2022-10-02T00:00:00",
      "quarter_label": "2022-10 (Q4)",
      "revenue": 18726000,
      "gross_profit": 5446000,
      "operating_income": 2710000,
      "net_income": 2040000,
      "opex": 2736000,
      "cogs": 13280000,
      "rd": null,
      "sga": 2736000,
      "fcf": -972000,
      "ocf": -840000,
      "capex": -132000,
      "gross_margin": 0.2908255900886468,
      "op_margin": 0.1447185731069102,
      "fcf_margin": -0.051906440243511695,
      "incr_op_margin_yoy": 0.12985274431057564,
      "rev_growth_yoy": -0.07388724035608309,
      "rev_growth_yoy_accel": 0.08654456810907298,
      "op_leverage_ratio": null,
      "fcf_margin_change": -0.26852006214039265
    },
    {
      "date": "2023-01-01T00:00:00",
      "quarter_label": "2023-01 (Q1)",
      "revenue": 19004000,
      "gross_profit": 4506000,
      "operating_income": 1764000,
      "net_income": 1348000,
      "opex": 2742000,
      "cogs": 14498000,
      "rd": null,
      "sga": 2742000,
      "fcf": 1540000,
      "ocf": 1712000,
      "capex": -172000,
      "gross_margin": 0.23710797726794358,
      "op_margin": 0.09282256367080614,
      "fcf_margin": 0.0810355714586403,
      "incr_op_margin_yoy": 0.35098983413590157,
      "rev_growth_yoy": -0.1643654911617272,
      "rev_growth_yoy_accel": -0.0904782508056441,
      "op_leverage_ratio": 6.769625120153798,
      "fcf_margin_change": 0.13294201170215197
    },
    {
      "date": "2023-04-02T00:00:00",
      "quarter_label": "2023-04 (Q2)",
      "revenue": 21613000,
      "gross_profit": 4723000,
      "operating_income": 959000,
      "net_income": 828000,
      "opex": 3764000,
      "cogs": 16890000,
      "rd": null,
      "sga": 3764000,
      "fcf": 2954000,
      "ocf": 3368000,
      "capex": -414000,
      "gross_margin": 0.21852588719752,
      "op_margin": 0.044371443112941285,
      "fcf_margin": 0.13667699995373156,
      "incr_op_margin_yoy": 0.5099435305671495,
      "rev_growth_yoy": -0.15856887020166627,
      "rev_growth_yoy_accel": 0.005796620960060922,
      "op_leverage_ratio": 0.3683372251222422,
      "fcf_margin_change": 0.055641428495091266
    },
    {
      "date": "2023-07-02T00:00:00",
      "quarter_label": "2023-07 (Q3)",
      "revenue": 17123000,
      "gross_profit": 4742000,
      "operating_income": 696000,
      "net_income": 366000,
      "opex": 4046000,
      "cogs": 12381000,
      "rd": null,
      "sga": 4046000,
      "fcf": 5994000,
      "ocf": 6349000,
      "capex": -355000,
      "gross_margin": 0.2769374525492028,
      "op_margin": 0.04064708287099223,
      "fcf_margin": 0.35005548093207967,
      "incr_op_margin_yoy": -0.7388535031847133,
      "rev_growth_yoy": 0.08994271164863145,
      "rev_growth_yoy_accel": 0.2485115818502977,
      "fcf_margin_change": 0.2133784809783481
    },
    {
      "date": "2023-10-01T00:00:00",
      "quarter_label": "2023-10 (Q4)",
      "revenue": 24129000,
      "gross_profit": 6596000,
      "operating_income": 2560000,
      "net_income": 1822000,
      "opex": 4036000,
      "cogs": 17533000,
      "rd": null,
      "sga": 4036000,
      "fcf": -1883000,
      "ocf": -1699000,
      "capex": -184000,
      "gross_margin": 0.2733640018235319,
      "op_margin": 0.10609639852459696,
      "fcf_margin": -0.0780388743835219,
      "incr_op_margin_yoy": -0.0277623542476402,
      "rev_growth_yoy": 0.28852931752643385,
      "rev_growth_yoy_accel": 0.1985866058778024,
      "op_leverage_ratio": null,
      "fcf_margin_change": -0.4280943553156016
    },
    {
      "date": "2023-12-31T00:00:00",
      "quarter_label": "2023-12 (Q4)",
      "revenue": 23801000,
      "gross_profit": 6434000,
      "operating_income": 2327000,
      "net_income": 1702000,
      "opex": 4107000,
      "cogs": 17367000,
      "rd": null,
      "sga": 4107000,
      "fcf": -671000,
      "ocf": -548000,
      "capex": -123000,
      "gross_margin": 0.27032477626990464,
      "op_margin": 0.09776900130246628,
      "fcf_margin": -0.028192092769211377,
      "incr_op_margin_yoy": 0.1173650198040442,
      "rev_growth_yoy": 0.25242054304356976,
      "rev_growth_yoy_accel": -0.03610877448286409,
      "fcf_margin_change": 0.049846781614310526
    },
    {
      "date": "2024-03-31T00:00:00",
      "quarter_label": "2024-03 (Q1)",
      "revenue": 22579000,
      "gross_profit": 5228000,
      "operating_income": 1312000,
      "net_income": 1004000,
      "opex": 3916000,
      "cogs": 17351000,
      "rd": null,
      "sga": 3916000,
      "fcf": 2858000,
      "ocf": 2982000,
      "capex": -124000,
      "gross_margin": 0.23154258381682094,
      "op_margin": 0.05810709065946233,
      "fcf_margin": 0.12657779352495682,
      "rev_growth_yoy": 0.04469532225975108,
      "rev_growth_yoy_accel": -0.20772522078381866,
      "fcf_margin_change": 0.1547698862941682
    },
    {
      "date": "2024-06-30T00:00:00",
      "quarter_label": "2024-06 (Q2)",
      "revenue": 16212000,
      "gross_profit": 3966000,
      "operating_income": -297000,
      "net_income": -322000,
      "opex": 4263000,
      "cogs": 12246000,
      "rd": null,
      "sga": 4263000,
      "fcf": 7729000,
      "ocf": 8013000,
      "capex": -284000,
      "gross_margin": 0.24463360473723167,
      "op_margin": -0.01831976313841599,
      "fcf_margin": 0.47674562052800395,
      "rev_growth_yoy": -0.053203293815336096,
      "rev_growth_yoy_accel": -0.09789861607508718,
      "fcf_margin_change": 0.35016782700304716
    },
    {
      "date": "2024-09-29T00:00:00",
      "quarter_label": "2024-09 (Q3)",
      "revenue": 24460000,
      "gross_profit": 6957000,
      "operating_income": 1509000,
      "net_income": 860000,
      "opex": 5448000,
      "cogs": 17503000,
      "rd": null,
      "sga": 5448000,
      "fcf": -1174000,
      "ocf": -983000,
      "capex": -191000,
      "gross_margin": 0.28442354865085856,
      "op_margin": 0.06169255928045789,
      "fcf_margin": -0.047996729354047425,
      "rev_growth_yoy": 0.013717932777984998,
      "rev_growth_yoy_accel": 0.06692122659332109,
      "op_leverage_ratio": 1.8302442010450142,
      "fcf_margin_change": -0.5247423498820514
    },
    {
      "date": "2024-12-29T00:00:00",
      "quarter_label": "2024-12 (Q4)",
      "revenue": 23351000,
      "gross_profit": 6098000,
      "operating_income": 1701000,
      "net_income": 893000,
      "opex": 4397000,
      "cogs": 17253000,
      "rd": null,
      "sga": 4397000,
      "fcf": -220000,
      "ocf": -36000,
      "capex": -184000,
      "gross_margin": 0.2611451329707507,
      "op_margin": 0.07284484604513726,
      "fcf_margin": -0.009421438054044795,
      "rev_growth_yoy": -0.018906768623167095,
      "rev_growth_yoy_accel": -0.03262470140115209,
      "fcf_margin_change": 0.03857529130000263
    },
    {
      "date": "2025-03-30T00:00:00",
      "quarter_label": "2025-03 (Q1)",
      "revenue": 23227000,
      "gross_profit": 4244000,
      "operating_income": -14104000,
      "net_income": -10787000,
      "opex": 18348000,
      "cogs": 18983000,
      "rd": null,
      "sga": 4582000,
      "fcf": 2614000,
      "ocf": 2827000,
      "capex": -213000,
      "gross_margin": 0.18271838808283464,
      "op_margin": -0.6072243509708529,
      "fcf_margin": 0.11254143884272613,
      "rev_growth_yoy": 0.02869923380131981,
      "rev_growth_yoy_accel": 0.047606002424486905,
      "fcf_margin_change": 0.12196287689677093
    },
    {
      "date": "2025-06-29T00:00:00",
      "quarter_label": "2025-06 (Q2)",
      "revenue": 15478000,
      "gross_profit": 3518000,
      "operating_income": -1199000,
      "net_income": -1104000,
      "opex": 4717000,
      "cogs": 11960000,
      "rd": null,
      "sga": 4717000,
      "fcf": 5162000,
      "ocf": 5248000,
      "capex": -86000,
      "gross_margin": 0.22729034759012792,
      "op_margin": -0.07746478873239436,
      "fcf_margin": 0.3335056208812508,
      "rev_growth_yoy": -0.04527510486059709,
      "rev_growth_yoy_accel": -0.0739743386619169,
      "fcf_margin_change": 0.22096418203852466
    },
    {
      "date": "2025-09-28T00:00:00",
      "quarter_label": "2025-09 (Q3)",
      "revenue": 23695000,
      "gross_profit": 6571000,
      "operating_income": 1863000,
      "net_income": 1157000,
      "opex": 4708000,
      "cogs": 17124000,
      "rd": null,
      "sga": 4708000,
      "fcf": -1019000,
      "ocf": -845000,
      "capex": -174000,
      "gross_margin": 0.2773158894281494,
      "op_margin": 0.0786241823169445,
      "fcf_margin": -0.043004853344587465,
      "rev_growth_yoy": -0.031275551921504496,
      "rev_growth_yoy_accel": 0.013999552939092594,
      "op_leverage_ratio": null,
      "fcf_margin_change": -0.3765104742258383
    },
    {
      "date": "2025-12-28T00:00:00",
      "quarter_label": "2025-12 (Q4)",
      "revenue": 20717000,
      "gross_profit": 4862000,
      "operating_income": -106000,
      "net_income": 1510000,
      "opex": 4968000,
      "cogs": 15855000,
      "rd": null,
      "sga": 4968000,
      "fcf": 2339000,
      "ocf": 2695000,
      "capex": -356000,
      "gross_margin": 0.23468648935656708,
      "op_margin": -0.005116570932084761,
      "fcf_margin": 0.11290244726553073,
      "incr_op_margin_yoy": 0.6860288534548216,
      "rev_growth_yoy": -0.11280030833797268,
      "rev_growth_yoy_accel": -0.08152475641646818,
      "fcf_margin_change": 0.1559073006101182
    }
  ],
  "signals": [
    {
      "quarter": "2025-12 (Q4)",
      "signal": "FCF TURNED POSITIVE",
      "detail": "FCF margin: -4.3% -> +11.3%",
      "severity": "HIGH"
    },
    {
      "quarter": "2025-12 (Q4)",
      "signal": "YoY REVENUE GROWTH DECELERATION",
      "detail": "YoY growth: -11.3% vs prior quarter YoY: -3.1% (decel: -8.2%)",
      "severity": "WARNING"
    },
    {
      "quarter": "2025-09 (Q3)",
      "signal": "OP MARGIN TURNED POSITIVE (QoQ)",
      "detail": "Op margin: -7.7% -> +7.9%",
      "severity": "HIGH"
    },
    {
      "quarter": "2025-06 (Q2)",
      "signal": "FCF MARGIN EXPANSION",
      "detail": "FCF margin: +11.3% -> +33.4% (+22.1%)",
      "severity": "MEDIUM"
    },
    {
      "quarter": "2025-06 (Q2)",
      "signal": "GROSS MARGIN INFLECTION",
      "detail": "GM: +26.1% -> +18.3% -> +22.7% (reversal +4.5%)",
      "severity": "MEDIUM"
    },
    {
      "quarter": "2025-06 (Q2)",
      "signal": "YoY REVENUE GROWTH DECELERATION",
      "detail": "YoY growth: -4.5% vs prior quarter YoY: +2.9% (decel: -7.4%)",
      "severity": "WARNING"
    },
    {
      "quarter": "2025-03 (Q1)",
      "signal": "FCF TURNED POSITIVE",
      "detail": "FCF margin: -0.9% -> +11.3%",
      "severity": "HIGH"
    },
    {
      "quarter": "2024-09 (Q3)",
      "signal": "OPERATING LEVERAGE",
      "detail": "Rev growth +50.9% vs OpEx growth +27.8% (leverage: 1.8x)",
      "severity": "MEDIUM"
    },
    {
      "quarter": "2024-09 (Q3)",
      "signal": "YoY REVENUE GROWTH ACCELERATION",
      "detail": "YoY growth: +1.4% vs prior quarter YoY: -5.3% (accel: +6.7%)",
      "severity": "MEDIUM"
    },
    {
      "quarter": "2024-09 (Q3)",
      "signal": "OP MARGIN TURNED POSITIVE (QoQ)",
      "detail": "Op margin: -1.8% -> +6.2%",
      "severity": "HIGH"
    },
    {
      "quarter": "2024-06 (Q2)",
      "signal": "FCF MARGIN EXPANSION",
      "detail": "FCF margin: +12.7% -> +47.7% (+35.0%)",
      "severity": "MEDIUM"
    },
    {
      "quarter": "2024-06 (Q2)",
      "signal": "YoY REVENUE GROWTH DECELERATION",
      "detail": "YoY growth: -5.3% vs prior quarter YoY: +4.5% (decel: -9.8%)",
      "severity": "WARNING"
    },
    {
      "quarter": "2024-03 (Q1)",
      "signal": "FCF TURNED POSITIVE",
      "detail": "FCF margin: -2.8% -> +12.7%",
      "severity": "HIGH"
    },
    {
      "quarter": "2024-03 (Q1)",
      "signal": "YoY REVENUE GROWTH DECELERATION",
      "detail": "YoY growth: +4.5% vs prior quarter YoY: +25.2% (decel: -20.8%)",
      "severity": "WARNING"
    },
    {
      "quarter": "2023-10 (Q4)",
      "signal": "YoY REVENUE GROWTH ACCELERATION",
      "detail": "YoY growth: +28.9% vs prior quarter YoY: +9.0% (accel: +19.9%)",
      "severity": "HIGH"
    },
    {
      "quarter": "2023-07 (Q3)",
      "signal": "FCF MARGIN EXPANSION",
      "detail": "FCF margin: +13.7% -> +35.0% (+21.3%)",
      "severity": "MEDIUM"
    },
    {
      "quarter": "2023-07 (Q3)",
      "signal": "GROSS MARGIN INFLECTION",
      "detail": "GM: +23.7% -> +21.9% -> +27.7% (reversal +5.8%)",
      "severity": "HIGH"
    },
    {
      "quarter": "2023-07 (Q3)",
      "signal": "YoY REVENUE GROWTH ACCELERATION",
      "detail": "YoY growth: +9.0% vs prior quarter YoY: -15.9% (accel: +24.9%)",
      "severity": "HIGH"
    },
    {
      "quarter": "2023-04 (Q2)",
      "signal": "FCF MARGIN EXPANSION",
      "detail": "FCF margin: +8.1% -> +13.7% (+5.6%)",
      "severity": "MEDIUM"
    },
    {
      "quarter": "2023-04 (Q2)",
      "signal": "INCREMENTAL MARGIN (YoY)",
      "detail": "YoY Incr OPM: +51.0% vs year-ago OPM: +11.8%",
      "severity": "HIGH"
    },
    {
      "quarter": "2023-01 (Q1)",
      "signal": "FCF TURNED POSITIVE",
      "detail": "FCF margin: -5.2% -> +8.1%",
      "severity": "HIGH"
    },
    {
      "quarter": "2023-01 (Q1)",
      "signal": "OPERATING LEVERAGE",
      "detail": "Rev growth +1.5% vs OpEx growth +0.2% (leverage: 6.8x)",
      "severity": "MEDIUM"
    },
    {
      "quarter": "2023-01 (Q1)",
      "signal": "YoY REVENUE GROWTH DECELERATION",
      "detail": "YoY growth: -16.4% vs prior quarter YoY: -7.4% (decel: -9.0%)",
      "severity": "WARNING"
    },
    {
      "quarter": "2023-01 (Q1)",
      "signal": "INCREMENTAL MARGIN (YoY)",
      "detail": "YoY Incr OPM: +35.1% vs year-ago OPM: +13.5%",
      "severity": "HIGH"
    },
    {
      "quarter": "2022-10 (Q4)",
      "signal": "YoY REVENUE GROWTH ACCELERATION",
      "detail": "YoY growth: -7.4% vs prior quarter YoY: -16.0% (accel: +8.7%)",
      "severity": "MEDIUM"
    },
    {
      "quarter": "2022-07 (Q3)",
      "signal": "FCF MARGIN EXPANSION",
      "detail": "FCF margin: +15.0% -> +21.7% (+6.7%)",
      "severity": "MEDIUM"
    },
    {
      "quarter": "2022-07 (Q3)",
      "signal": "GROSS MARGIN INFLECTION",
      "detail": "GM: +27.1% -> +25.0% -> +32.8% (reversal +7.8%)",
      "severity": "HIGH"
    },
    {
      "quarter": "2022-07 (Q3)",
      "signal": "YoY REVENUE GROWTH DECELERATION",
      "detail": "YoY growth: -16.0% vs prior quarter YoY: +17.7% (decel: -33.7%)",
      "severity": "WARNING"
    },
    {
      "quarter": "2022-04 (Q2)",
      "signal": "FCF MARGIN EXPANSION",
      "detail": "FCF margin: +4.3% -> +15.0% (+10.7%)",
      "severity": "MEDIUM"
    },
    {
      "quarter": "2022-04 (Q2)",
      "signal": "OP MARGIN TURNED POSITIVE (YoY)",
      "detail": "Op margin: -0.1% (year-ago) -> +11.8%",
      "severity": "HIGH"
    },
    {
      "quarter": "2021-12 (Q4)",
      "signal": "FCF TURNED POSITIVE",
      "detail": "FCF margin: -9.9% -> +4.3%",
      "severity": "HIGH"
    },
    {
      "quarter": "2021-09 (Q3)",
      "signal": "GROSS MARGIN INFLECTION",
      "detail": "GM: +26.7% -> +24.9% -> +30.0% (reversal +5.1%)",
      "severity": "HIGH"
    },
    {
      "quarter": "2021-06 (Q2)",
      "signal": "FCF MARGIN EXPANSION",
      "detail": "FCF margin: +2.1% -> +26.3% (+24.2%)",
      "severity": "MEDIUM"
    },
    {
      "quarter": "2021-06 (Q2)",
      "signal": "OP MARGIN TURNED POSITIVE (QoQ)",
      "detail": "Op margin: -0.1% -> +6.9%",
      "severity": "HIGH"
    }
  ],
  "data_quality": {
    "n_quarters": 20,
    "coverage": {
      "revenue": [
        20,
        20
      ],
      "gross_profit": [
        20,
        20
      ],
      "op_income": [
        20,
        20
      ],
      "fcf": [
        20,
        20
      ]
    },
    "gaps": [],
    "warnings": []
  },
  "market_cap": null,
  "source": "SEC EDGAR",
  "last_updated": "2026-02-13T11:41:04.453856"
}