{
  "ticker": "CSBR",
  "name": "CHAMPIONS ONCOLOGY, INC.",
  "quarters": [
    {
      "date": "2021-01-31T00:00:00",
      "quarter_label": "2021-01 (Q1)",
      "revenue": 10812000,
      "gross_profit": 5970000,
      "operating_income": 763000,
      "net_income": 740000,
      "opex": 5207000,
      "cogs": 4842000,
      "rd": 1879000,
      "sga": null,
      "fcf": -1068000,
      "ocf": 135000,
      "capex": -1203000,
      "gross_margin": 0.5521642619311876,
      "op_margin": 0.07056973732889382,
      "fcf_margin": -0.09877913429522753
    },
    {
      "date": "2021-04-30T00:00:00",
      "quarter_label": "2021-04 (Q2)",
      "revenue": 10564000,
      "gross_profit": 4940000,
      "operating_income": -429000,
      "net_income": -454000,
      "opex": 5369000,
      "cogs": 5624000,
      "rd": 2071000,
      "sga": null,
      "fcf": -2834000,
      "ocf": -1980000,
      "capex": -854000,
      "gross_margin": 0.4676258992805755,
      "op_margin": -0.04060961756910261,
      "fcf_margin": -0.26826959485043544,
      "fcf_margin_change": -0.16949046055520792
    },
    {
      "date": "2021-07-31T00:00:00",
      "quarter_label": "2021-07 (Q3)",
      "revenue": 11253000,
      "gross_profit": 5857000,
      "operating_income": -175000,
      "net_income": -172000,
      "opex": 6032000,
      "cogs": 5396000,
      "rd": 2304000,
      "sga": null,
      "fcf": -691000,
      "ocf": 216000,
      "capex": -907000,
      "gross_margin": 0.5204834266417844,
      "op_margin": -0.015551408513285346,
      "fcf_margin": -0.06140584732960099,
      "op_leverage_ratio": 0.5281663214320185,
      "fcf_margin_change": 0.20686374752083445
    },
    {
      "date": "2021-10-31T00:00:00",
      "quarter_label": "2021-10 (Q4)",
      "revenue": 11786000,
      "gross_profit": 6177000,
      "operating_income": 263000,
      "net_income": 277000,
      "opex": 5914000,
      "cogs": 5609000,
      "rd": 2299000,
      "sga": null,
      "fcf": 662000,
      "ocf": 1228000,
      "capex": -566000,
      "gross_margin": 0.5240963855421686,
      "op_margin": 0.02231461055489564,
      "fcf_margin": 0.056168335313083316,
      "op_leverage_ratio": Infinity,
      "fcf_margin_change": 0.11757418264268431
    },
    {
      "date": "2022-01-31T00:00:00",
      "quarter_label": "2022-01 (Q1)",
      "revenue": 13193000,
      "gross_profit": 6787000,
      "operating_income": 830000,
      "net_income": 787000,
      "opex": 5957000,
      "cogs": 6406000,
      "rd": 2181000,
      "sga": null,
      "fcf": 3852000,
      "ocf": 4257000,
      "capex": -405000,
      "gross_margin": 0.5144394754794209,
      "op_margin": 0.06291215038277875,
      "fcf_margin": 0.2919730159933298,
      "incr_op_margin_yoy": 0.028139437211255777,
      "rev_growth_yoy": 0.22021827598964114,
      "op_leverage_ratio": 16.41876645132775,
      "fcf_margin_change": 0.2358046806802465
    },
    {
      "date": "2022-04-30T00:00:00",
      "quarter_label": "2022-04 (Q2)",
      "revenue": 12877000,
      "gross_profit": 6656000,
      "operating_income": -311000,
      "net_income": -344000,
      "opex": 6967000,
      "cogs": 6221000,
      "rd": 2591000,
      "sga": null,
      "fcf": 290000,
      "ocf": 796000,
      "capex": -506000,
      "gross_margin": 0.5168905801040615,
      "op_margin": -0.02415158810281898,
      "fcf_margin": 0.022520773472082006,
      "incr_op_margin_yoy": 0.05101599654128837,
      "rev_growth_yoy": 0.21895115486558123,
      "rev_growth_yoy_accel": -0.0012671211240599112,
      "fcf_margin_change": -0.2694522425212478
    },
    {
      "date": "2022-07-31T00:00:00",
      "quarter_label": "2022-07 (Q3)",
      "revenue": 13745000,
      "gross_profit": 6693000,
      "operating_income": -284000,
      "net_income": -319000,
      "opex": 6977000,
      "cogs": 7052000,
      "rd": 2887000,
      "sga": null,
      "fcf": -949000,
      "ocf": -195000,
      "capex": -754000,
      "gross_margin": 0.4869407057111677,
      "op_margin": -0.02066205893052019,
      "fcf_margin": -0.06904328846853401,
      "incr_op_margin_yoy": -0.04373996789727127,
      "rev_growth_yoy": 0.22145205722918332,
      "rev_growth_yoy_accel": 0.002500902363602092,
      "op_leverage_ratio": 46.96246020035722,
      "fcf_margin_change": -0.09156406194061602
    },
    {
      "date": "2022-10-31T00:00:00",
      "quarter_label": "2022-10 (Q4)",
      "revenue": 14281000,
      "gross_profit": 6838000,
      "operating_income": 7000,
      "net_income": -16000,
      "opex": 6831000,
      "cogs": 7443000,
      "rd": 2604000,
      "sga": null,
      "fcf": 2682000,
      "ocf": 3286000,
      "capex": -604000,
      "gross_margin": 0.4788180099432813,
      "op_margin": 0.0004901617533786149,
      "fcf_margin": 0.18780197465163503,
      "incr_op_margin_yoy": -0.10260521042084168,
      "rev_growth_yoy": 0.21169183777362974,
      "rev_growth_yoy_accel": -0.009760219455553582,
      "op_leverage_ratio": Infinity,
      "fcf_margin_change": 0.25684526312016903
    },
    {
      "date": "2023-01-31T00:00:00",
      "quarter_label": "2023-01 (Q1)",
      "revenue": 12773000,
      "gross_profit": 5074000,
      "operating_income": -2458000,
      "net_income": -2439000,
      "opex": 7532000,
      "cogs": 7699000,
      "rd": 3202000,
      "sga": null,
      "fcf": 819000,
      "ocf": 1573000,
      "capex": -754000,
      "gross_margin": 0.39724418695686214,
      "op_margin": -0.19243717216002507,
      "fcf_margin": 0.06411962733891803,
      "rev_growth_yoy": -0.03183506404911696,
      "rev_growth_yoy_accel": -0.2435269018227467,
      "fcf_margin_change": -0.123682347312717
    },
    {
      "date": "2023-04-30T00:00:00",
      "quarter_label": "2023-04 (Q2)",
      "revenue": 13071000,
      "gross_profit": 5733000,
      "operating_income": -2521000,
      "net_income": -2561000,
      "opex": 8254000,
      "cogs": 7338000,
      "rd": 2852000,
      "sga": null,
      "fcf": -1452000,
      "ocf": -692000,
      "capex": -760000,
      "gross_margin": 0.43860454441129215,
      "op_margin": -0.1928697115752429,
      "fcf_margin": -0.11108560936424144,
      "rev_growth_yoy": 0.015065620874427274,
      "rev_growth_yoy_accel": 0.04690068492354423,
      "op_leverage_ratio": 0.24338648894298115,
      "fcf_margin_change": -0.17520523670315946
    },
    {
      "date": "2023-07-31T00:00:00",
      "quarter_label": "2023-07 (Q3)",
      "revenue": 12561000,
      "gross_profit": 4877000,
      "operating_income": -2552000,
      "net_income": -2566000,
      "opex": 7429000,
      "cogs": 7684000,
      "rd": 2793000,
      "sga": null,
      "fcf": -4659000,
      "ocf": -3991000,
      "capex": -668000,
      "gross_margin": 0.3882652655043388,
      "op_margin": -0.20316853753682032,
      "fcf_margin": -0.3709099593981371,
      "incr_op_margin_yoy": 1.9155405405405406,
      "rev_growth_yoy": -0.08614041469625318,
      "rev_growth_yoy_accel": -0.10120603557068045,
      "fcf_margin_change": -0.25982435003389565
    },
    {
      "date": "2023-10-31T00:00:00",
      "quarter_label": "2023-10 (Q4)",
      "revenue": 11573000,
      "gross_profit": 4955000,
      "operating_income": -1955000,
      "net_income": -2071000,
      "opex": 6910000,
      "cogs": 6618000,
      "rd": 2515000,
      "sga": null,
      "fcf": 510000,
      "ocf": 589000,
      "capex": -79000,
      "gross_margin": 0.4281517324807742,
      "op_margin": -0.16892767648837811,
      "fcf_margin": 0.04406808951870734,
      "incr_op_margin_yoy": 0.7245199409158051,
      "rev_growth_yoy": -0.18962257544989847,
      "rev_growth_yoy_accel": -0.10348216075364529,
      "fcf_margin_change": 0.4149780489168444
    },
    {
      "date": "2024-01-31T00:00:00",
      "quarter_label": "2024-01 (Q1)",
      "revenue": 12019000,
      "gross_profit": 4170000,
      "operating_income": -2577000,
      "net_income": -2530000,
      "opex": 6747000,
      "cogs": 7849000,
      "rd": 2186000,
      "sga": null,
      "fcf": -1011000,
      "ocf": -919000,
      "capex": -92000,
      "gross_margin": 0.34695066145269987,
      "op_margin": -0.2144105166819203,
      "fcf_margin": -0.08411681504284882,
      "rev_growth_yoy": -0.05903076802630549,
      "rev_growth_yoy_accel": 0.13059180742359297,
      "op_leverage_ratio": Infinity,
      "fcf_margin_change": -0.12818490456155615
    },
    {
      "date": "2024-04-30T00:00:00",
      "quarter_label": "2024-04 (Q2)",
      "revenue": 14002000,
      "gross_profit": 6752000,
      "operating_income": -271000,
      "net_income": -109000,
      "opex": 7023000,
      "cogs": 7250000,
      "rd": 2050000,
      "sga": null,
      "fcf": -1813000,
      "ocf": -1816000,
      "capex": 3000,
      "gross_margin": 0.48221682616769035,
      "op_margin": -0.019354377946007712,
      "fcf_margin": -0.12948150264247965,
      "rev_growth_yoy": 0.07122637900696198,
      "rev_growth_yoy_accel": 0.13025714703326746,
      "op_leverage_ratio": 4.033258029858521,
      "fcf_margin_change": -0.04536468759963083
    },
    {
      "date": "2024-07-31T00:00:00",
      "quarter_label": "2024-07 (Q3)",
      "revenue": 14061000,
      "gross_profit": 6989000,
      "operating_income": 1329000,
      "net_income": 1313000,
      "opex": 5660000,
      "cogs": 7072000,
      "rd": 1454000,
      "sga": null,
      "fcf": 311000,
      "ocf": 311000,
      "capex": null,
      "gross_margin": 0.49704857407012304,
      "op_margin": 0.09451674845316833,
      "fcf_margin": 0.022117914799800867,
      "incr_op_margin_yoy": 2.5873333333333335,
      "rev_growth_yoy": 0.11941724385001194,
      "rev_growth_yoy_accel": 0.04819086484304996,
      "fcf_margin_change": 0.1515994174422805
    },
    {
      "date": "2024-10-31T00:00:00",
      "quarter_label": "2024-10 (Q4)",
      "revenue": 13489000,
      "gross_profit": 6061000,
      "operating_income": 732000,
      "net_income": 728000,
      "opex": 5329000,
      "cogs": 7428000,
      "rd": 1689000,
      "sga": null,
      "fcf": -377000,
      "ocf": -283000,
      "capex": -94000,
      "gross_margin": 0.44932908295648305,
      "op_margin": 0.054266439320928166,
      "fcf_margin": -0.027948698939876938,
      "incr_op_margin_yoy": 1.4024008350730688,
      "rev_growth_yoy": 0.16555776376047698,
      "rev_growth_yoy_accel": 0.04614051991046504,
      "fcf_margin_change": -0.0500666137396778
    },
    {
      "date": "2025-01-31T00:00:00",
      "quarter_label": "2025-01 (Q1)",
      "revenue": 17039000,
      "gross_profit": 10422000,
      "operating_income": 4499000,
      "net_income": 4495000,
      "opex": 5923000,
      "cogs": 6617000,
      "rd": 1719000,
      "sga": null,
      "fcf": 448000,
      "ocf": 490000,
      "capex": -42000,
      "gross_margin": 0.611655613592347,
      "op_margin": 0.26404131697869593,
      "fcf_margin": 0.026292622806502727,
      "incr_op_margin_yoy": 1.4095617529880478,
      "rev_growth_yoy": 0.4176720193027706,
      "rev_growth_yoy_accel": 0.2521142555422936,
      "op_leverage_ratio": 2.361064621054242,
      "fcf_margin_change": 0.05424132174637966
    },
    {
      "date": "2025-04-30T00:00:00",
      "quarter_label": "2025-04 (Q2)",
      "revenue": 12355000,
      "gross_profit": 5084000,
      "operating_income": -2007000,
      "net_income": -1835000,
      "opex": 7091000,
      "cogs": 7271000,
      "rd": 1963000,
      "sga": null,
      "fcf": 6615000,
      "ocf": 6868000,
      "capex": -253000,
      "gross_margin": 0.4114933225414812,
      "op_margin": -0.16244435451234318,
      "fcf_margin": 0.5354107648725213,
      "incr_op_margin_yoy": 1.0540376442015786,
      "rev_growth_yoy": -0.11762605342093986,
      "rev_growth_yoy_accel": -0.5352980727237104,
      "fcf_margin_change": 0.5091181420660186
    },
    {
      "date": "2025-07-31T00:00:00",
      "quarter_label": "2025-07 (Q3)",
      "revenue": 13995000,
      "gross_profit": 6000000,
      "operating_income": -527000,
      "net_income": -436000,
      "opex": 6527000,
      "cogs": 7995000,
      "rd": 2082000,
      "sga": null,
      "fcf": 554000,
      "ocf": 600000,
      "capex": -46000,
      "gross_margin": 0.4287245444801715,
      "op_margin": -0.037656305823508394,
      "fcf_margin": 0.039585566273669166,
      "rev_growth_yoy": -0.004693834008960956,
      "rev_growth_yoy_accel": 0.11293221941197891,
      "op_leverage_ratio": Infinity,
      "fcf_margin_change": -0.4958251985988521
    },
    {
      "date": "2025-10-31T00:00:00",
      "quarter_label": "2025-10 (Q4)",
      "revenue": 15035000,
      "gross_profit": 7773000,
      "operating_income": 185000,
      "net_income": 268000,
      "opex": 7588000,
      "cogs": 7262000,
      "rd": 2616000,
      "sga": null,
      "fcf": -1977000,
      "ocf": -1735000,
      "capex": -242000,
      "gross_margin": 0.5169936814100432,
      "op_margin": 0.012304622547389425,
      "fcf_margin": -0.131493182573994,
      "incr_op_margin_yoy": -0.3538163001293661,
      "rev_growth_yoy": 0.11461190599747943,
      "rev_growth_yoy_accel": 0.11930574000644038,
      "op_leverage_ratio": 0.45714993809220267,
      "fcf_margin_change": -0.17107874884766316
    }
  ],
  "signals": [
    {
      "quarter": "2025-10 (Q4)",
      "signal": "YoY REVENUE GROWTH ACCELERATION",
      "detail": "YoY growth: +11.5% vs prior quarter YoY: -0.5% (accel: +11.9%)",
      "severity": "MEDIUM"
    },
    {
      "quarter": "2025-10 (Q4)",
      "signal": "OP MARGIN TURNED POSITIVE (QoQ)",
      "detail": "Op margin: -3.8% -> +1.2%",
      "severity": "HIGH"
    },
    {
      "quarter": "2025-07 (Q3)",
      "signal": "YoY REVENUE GROWTH ACCELERATION",
      "detail": "YoY growth: -0.5% vs prior quarter YoY: -11.8% (accel: +11.3%)",
      "severity": "MEDIUM"
    },
    {
      "quarter": "2025-04 (Q2)",
      "signal": "FCF MARGIN EXPANSION",
      "detail": "FCF margin: +2.6% -> +53.5% (+50.9%)",
      "severity": "MEDIUM"
    },
    {
      "quarter": "2025-04 (Q2)",
      "signal": "YoY REVENUE GROWTH DECELERATION",
      "detail": "YoY growth: -11.8% vs prior quarter YoY: +41.8% (decel: -53.5%)",
      "severity": "WARNING"
    },
    {
      "quarter": "2025-01 (Q1)",
      "signal": "FCF TURNED POSITIVE",
      "detail": "FCF margin: -2.8% -> +2.6%",
      "severity": "HIGH"
    },
    {
      "quarter": "2025-01 (Q1)",
      "signal": "OPERATING LEVERAGE",
      "detail": "Rev growth +26.3% vs OpEx growth +11.1% (leverage: 2.4x)",
      "severity": "MEDIUM"
    },
    {
      "quarter": "2025-01 (Q1)",
      "signal": "GROSS MARGIN INFLECTION",
      "detail": "GM: +49.7% -> +44.9% -> +61.2% (reversal +16.2%)",
      "severity": "HIGH"
    },
    {
      "quarter": "2025-01 (Q1)",
      "signal": "YoY REVENUE GROWTH ACCELERATION",
      "detail": "YoY growth: +41.8% vs prior quarter YoY: +16.6% (accel: +25.2%)",
      "severity": "HIGH"
    },
    {
      "quarter": "2025-01 (Q1)",
      "signal": "OP MARGIN TURNED POSITIVE (YoY)",
      "detail": "Op margin: -21.4% (year-ago) -> +26.4%",
      "severity": "HIGH"
    },
    {
      "quarter": "2024-10 (Q4)",
      "signal": "OP MARGIN TURNED POSITIVE (YoY)",
      "detail": "Op margin: -16.9% (year-ago) -> +5.4%",
      "severity": "HIGH"
    },
    {
      "quarter": "2024-07 (Q3)",
      "signal": "FCF TURNED POSITIVE",
      "detail": "FCF margin: -12.9% -> +2.2%",
      "severity": "HIGH"
    },
    {
      "quarter": "2024-07 (Q3)",
      "signal": "OP MARGIN TURNED POSITIVE (YoY)",
      "detail": "Op margin: -20.3% (year-ago) -> +9.5%",
      "severity": "HIGH"
    },
    {
      "quarter": "2024-07 (Q3)",
      "signal": "OP MARGIN TURNED POSITIVE (QoQ)",
      "detail": "Op margin: -1.9% -> +9.5%",
      "severity": "HIGH"
    },
    {
      "quarter": "2024-04 (Q2)",
      "signal": "OPERATING LEVERAGE",
      "detail": "Rev growth +16.5% vs OpEx growth +4.1% (leverage: 4.0x)",
      "severity": "MEDIUM"
    },
    {
      "quarter": "2024-04 (Q2)",
      "signal": "GROSS MARGIN INFLECTION",
      "detail": "GM: +42.8% -> +34.7% -> +48.2% (reversal +13.5%)",
      "severity": "HIGH"
    },
    {
      "quarter": "2024-04 (Q2)",
      "signal": "YoY REVENUE GROWTH ACCELERATION",
      "detail": "YoY growth: +7.1% vs prior quarter YoY: -5.9% (accel: +13.0%)",
      "severity": "MEDIUM"
    },
    {
      "quarter": "2024-01 (Q1)",
      "signal": "YoY REVENUE GROWTH ACCELERATION",
      "detail": "YoY growth: -5.9% vs prior quarter YoY: -19.0% (accel: +13.1%)",
      "severity": "MEDIUM"
    },
    {
      "quarter": "2023-10 (Q4)",
      "signal": "FCF TURNED POSITIVE",
      "detail": "FCF margin: -37.1% -> +4.4%",
      "severity": "HIGH"
    },
    {
      "quarter": "2023-10 (Q4)",
      "signal": "GROSS MARGIN INFLECTION",
      "detail": "GM: +43.9% -> +38.8% -> +42.8% (reversal +4.0%)",
      "severity": "MEDIUM"
    },
    {
      "quarter": "2023-10 (Q4)",
      "signal": "YoY REVENUE GROWTH DECELERATION",
      "detail": "YoY growth: -19.0% vs prior quarter YoY: -8.6% (decel: -10.3%)",
      "severity": "WARNING"
    },
    {
      "quarter": "2023-07 (Q3)",
      "signal": "YoY REVENUE GROWTH DECELERATION",
      "detail": "YoY growth: -8.6% vs prior quarter YoY: +1.5% (decel: -10.1%)",
      "severity": "WARNING"
    },
    {
      "quarter": "2023-04 (Q2)",
      "signal": "GROSS MARGIN INFLECTION",
      "detail": "GM: +47.9% -> +39.7% -> +43.9% (reversal +4.1%)",
      "severity": "MEDIUM"
    },
    {
      "quarter": "2023-01 (Q1)",
      "signal": "YoY REVENUE GROWTH DECELERATION",
      "detail": "YoY growth: -3.2% vs prior quarter YoY: +21.2% (decel: -24.4%)",
      "severity": "WARNING"
    },
    {
      "quarter": "2022-10 (Q4)",
      "signal": "FCF TURNED POSITIVE",
      "detail": "FCF margin: -6.9% -> +18.8%",
      "severity": "HIGH"
    },
    {
      "quarter": "2022-10 (Q4)",
      "signal": "OP MARGIN TURNED POSITIVE (QoQ)",
      "detail": "Op margin: -2.1% -> +0.0%",
      "severity": "HIGH"
    },
    {
      "quarter": "2022-07 (Q3)",
      "signal": "OPERATING LEVERAGE",
      "detail": "Rev growth +6.7% vs OpEx growth +0.1% (leverage: 47.0x)",
      "severity": "MEDIUM"
    },
    {
      "quarter": "2022-01 (Q1)",
      "signal": "FCF MARGIN EXPANSION",
      "detail": "FCF margin: +5.6% -> +29.2% (+23.6%)",
      "severity": "MEDIUM"
    },
    {
      "quarter": "2022-01 (Q1)",
      "signal": "OPERATING LEVERAGE",
      "detail": "Rev growth +11.9% vs OpEx growth +0.7% (leverage: 16.4x)",
      "severity": "MEDIUM"
    },
    {
      "quarter": "2021-10 (Q4)",
      "signal": "FCF TURNED POSITIVE",
      "detail": "FCF margin: -6.1% -> +5.6%",
      "severity": "HIGH"
    },
    {
      "quarter": "2021-10 (Q4)",
      "signal": "OP MARGIN TURNED POSITIVE (QoQ)",
      "detail": "Op margin: -1.6% -> +2.2%",
      "severity": "HIGH"
    },
    {
      "quarter": "2021-07 (Q3)",
      "signal": "FCF MARGIN EXPANSION",
      "detail": "FCF margin: -26.8% -> -6.1% (+20.7%)",
      "severity": "MEDIUM"
    },
    {
      "quarter": "2021-07 (Q3)",
      "signal": "GROSS MARGIN INFLECTION",
      "detail": "GM: +55.2% -> +46.8% -> +52.0% (reversal +5.3%)",
      "severity": "HIGH"
    }
  ],
  "data_quality": {
    "n_quarters": 20,
    "coverage": {
      "revenue": [
        20,
        20
      ],
      "gross_profit": [
        20,
        20
      ],
      "op_income": [
        20,
        20
      ],
      "fcf": [
        20,
        20
      ]
    },
    "gaps": [],
    "warnings": []
  },
  "market_cap": null,
  "source": "SEC EDGAR",
  "last_updated": "2026-02-02T23:21:09.741294"
}