{
  "ticker": "CSCO",
  "name": "CISCO SYSTEMS, INC.",
  "sector": "Technology",
  "industry": "Communication Equipment",
  "quarters": [
    {
      "date": "2021-05-01T00:00:00",
      "quarter_label": "2021-05 (Q2)",
      "revenue": 12803000000,
      "gross_profit": 8185000000,
      "operating_income": 3465000000,
      "net_income": 2863000000,
      "opex": 4720000000,
      "cogs": 4618000000,
      "rd": 1697000000,
      "sga": null,
      "fcf": 3708000000,
      "ocf": 3880000000,
      "capex": -172000000,
      "gross_margin": 0.6393032882918066,
      "op_margin": 0.2706396938217605,
      "fcf_margin": 0.2896196204014684
    },
    {
      "date": "2021-07-31T00:00:00",
      "quarter_label": "2021-07 (Q3)",
      "revenue": 13126000000,
      "gross_profit": 8344000000,
      "operating_income": 3575000000,
      "net_income": 3009000000,
      "opex": 4769000000,
      "cogs": 4782000000,
      "rd": 1713000000,
      "sga": null,
      "fcf": 4342000000,
      "ocf": 4504000000,
      "capex": -162000000,
      "gross_margin": 0.6356849001980801,
      "op_margin": 0.2723602011275331,
      "fcf_margin": 0.33079384427853115,
      "op_leverage_ratio": 2.4301702247719366,
      "fcf_margin_change": 0.041174223877062766
    },
    {
      "date": "2021-10-30T00:00:00",
      "quarter_label": "2021-10 (Q4)",
      "revenue": 12900000000,
      "gross_profit": 8053000000,
      "operating_income": 3438000000,
      "net_income": 2980000000,
      "opex": 4615000000,
      "cogs": 4847000000,
      "rd": 1714000000,
      "sga": null,
      "fcf": 3305000000,
      "ocf": 3427000000,
      "capex": -122000000,
      "gross_margin": 0.6242635658914729,
      "op_margin": 0.26651162790697674,
      "fcf_margin": 0.2562015503875969,
      "fcf_margin_change": -0.07459229389093425
    },
    {
      "date": "2022-01-29T00:00:00",
      "quarter_label": "2022-01 (Q1)",
      "revenue": 12720000000,
      "gross_profit": 8049000000,
      "operating_income": 3487000000,
      "net_income": 2973000000,
      "opex": 4562000000,
      "cogs": 4671000000,
      "rd": 1670000000,
      "sga": null,
      "fcf": 2351000000,
      "ocf": 2461000000,
      "capex": -110000000,
      "gross_margin": 0.6327830188679245,
      "op_margin": 0.27413522012578617,
      "fcf_margin": 0.18482704402515723,
      "fcf_margin_change": -0.07137450636243967
    },
    {
      "date": "2022-04-30T00:00:00",
      "quarter_label": "2022-04 (Q2)",
      "revenue": 12835000000,
      "gross_profit": 8121000000,
      "operating_income": 3610000000,
      "net_income": 3044000000,
      "opex": 4511000000,
      "cogs": 4714000000,
      "rd": 1708000000,
      "sga": null,
      "fcf": 3555000000,
      "ocf": 3661000000,
      "capex": -106000000,
      "gross_margin": 0.632723022984028,
      "op_margin": 0.28126217374366963,
      "fcf_margin": 0.2769770159719517,
      "incr_op_margin_yoy": 4.53125,
      "rev_growth_yoy": 0.0024994141997969226,
      "fcf_margin_change": 0.09214997194679445
    },
    {
      "date": "2022-07-30T00:00:00",
      "quarter_label": "2022-07 (Q3)",
      "revenue": 13102000000,
      "gross_profit": 8025000000,
      "operating_income": 3434000000,
      "net_income": 2815000000,
      "opex": 4591000000,
      "cogs": 5077000000,
      "rd": 1682000000,
      "sga": null,
      "fcf": 3538000000,
      "ocf": 3677000000,
      "capex": -139000000,
      "gross_margin": 0.6125019081056328,
      "op_margin": 0.26209738971149443,
      "fcf_margin": 0.2700351091436422,
      "incr_op_margin_yoy": 5.875,
      "rev_growth_yoy": -0.0018284321194575652,
      "rev_growth_yoy_accel": -0.004327846319254488,
      "op_leverage_ratio": 1.1730005843396962,
      "fcf_margin_change": -0.006941906828309474
    },
    {
      "date": "2022-10-29T00:00:00",
      "quarter_label": "2022-10 (Q4)",
      "revenue": 13632000000,
      "gross_profit": 8346000000,
      "operating_income": 3540000000,
      "net_income": 2670000000,
      "opex": 4806000000,
      "cogs": 5286000000,
      "rd": 1781000000,
      "sga": null,
      "fcf": 3786000000,
      "ocf": 3962000000,
      "capex": -176000000,
      "gross_margin": 0.6122359154929577,
      "op_margin": 0.2596830985915493,
      "fcf_margin": 0.2777288732394366,
      "incr_op_margin_yoy": 0.13934426229508196,
      "rev_growth_yoy": 0.05674418604651163,
      "rev_growth_yoy_accel": 0.0585726181659692,
      "op_leverage_ratio": 0.8637878825529921,
      "fcf_margin_change": 0.00769376409579442
    },
    {
      "date": "2023-01-28T00:00:00",
      "quarter_label": "2023-01 (Q1)",
      "revenue": 13592000000,
      "gross_profit": 8427000000,
      "operating_income": 3292000000,
      "net_income": 2773000000,
      "opex": 5135000000,
      "cogs": 5165000000,
      "rd": 1855000000,
      "sga": null,
      "fcf": 4569000000,
      "ocf": 4739000000,
      "capex": -170000000,
      "gross_margin": 0.6199970570924073,
      "op_margin": 0.24220129487934078,
      "fcf_margin": 0.336153619776339,
      "incr_op_margin_yoy": -0.22362385321100917,
      "rev_growth_yoy": 0.06855345911949685,
      "rev_growth_yoy_accel": 0.011809273072985224,
      "fcf_margin_change": 0.05842474653690238
    },
    {
      "date": "2023-04-29T00:00:00",
      "quarter_label": "2023-04 (Q2)",
      "revenue": 14571000000,
      "gross_profit": 9232000000,
      "operating_income": 3946000000,
      "net_income": 3212000000,
      "opex": 5286000000,
      "cogs": 5339000000,
      "rd": 1962000000,
      "sga": null,
      "fcf": 4949000000,
      "ocf": 5219000000,
      "capex": -270000000,
      "gross_margin": 0.6335872623704619,
      "op_margin": 0.27081188662411637,
      "fcf_margin": 0.3396472445267998,
      "incr_op_margin_yoy": 0.1935483870967742,
      "rev_growth_yoy": 0.13525516166731594,
      "rev_growth_yoy_accel": 0.06670170254781908,
      "op_leverage_ratio": 2.4494175576595505,
      "fcf_margin_change": 0.0034936247504607776
    },
    {
      "date": "2023-07-29T00:00:00",
      "quarter_label": "2023-07 (Q3)",
      "revenue": 15203000000,
      "gross_profit": 9748000000,
      "operating_income": 4253000000,
      "net_income": 3958000000,
      "opex": 5495000000,
      "cogs": 5455000000,
      "rd": 1953000000,
      "sga": null,
      "fcf": 5733000000,
      "ocf": 5966000000,
      "capex": -233000000,
      "gross_margin": 0.6411892389659936,
      "op_margin": 0.2797474182727093,
      "fcf_margin": 0.37709662566598695,
      "incr_op_margin_yoy": 0.3898143741075678,
      "rev_growth_yoy": 0.16035719737444665,
      "rev_growth_yoy_accel": 0.02510203570713071,
      "op_leverage_ratio": 1.0970049639793797,
      "fcf_margin_change": 0.037449381139187166
    },
    {
      "date": "2023-10-28T00:00:00",
      "quarter_label": "2023-10 (Q4)",
      "revenue": 14668000000,
      "gross_profit": 9557000000,
      "operating_income": 4276000000,
      "net_income": 3638000000,
      "opex": 5281000000,
      "cogs": 5111000000,
      "rd": 1913000000,
      "sga": null,
      "fcf": 2237000000,
      "ocf": 2371000000,
      "capex": -134000000,
      "gross_margin": 0.6515544041450777,
      "op_margin": 0.2915189528224707,
      "fcf_margin": 0.15250886283065176,
      "incr_op_margin_yoy": 0.7104247104247104,
      "rev_growth_yoy": 0.07599765258215962,
      "rev_growth_yoy_accel": -0.08435954479228702,
      "fcf_margin_change": -0.2245877628353352
    },
    {
      "date": "2024-01-27T00:00:00",
      "quarter_label": "2024-01 (Q1)",
      "revenue": 12791000000,
      "gross_profit": 8217000000,
      "operating_income": 3096000000,
      "net_income": 2634000000,
      "opex": 5121000000,
      "cogs": 4574000000,
      "rd": 1943000000,
      "sga": null,
      "fcf": 638000000,
      "ocf": 808000000,
      "capex": -170000000,
      "gross_margin": 0.6424048158861699,
      "op_margin": 0.24204518802282854,
      "fcf_margin": 0.049878821046048,
      "incr_op_margin_yoy": 0.24469413233458176,
      "rev_growth_yoy": -0.058931724543849325,
      "rev_growth_yoy_accel": -0.13492937712600894,
      "fcf_margin_change": -0.10263004178460376
    },
    {
      "date": "2024-04-27T00:00:00",
      "quarter_label": "2024-04 (Q2)",
      "revenue": 12702000000,
      "gross_profit": 8273000000,
      "operating_income": 2191000000,
      "net_income": 1886000000,
      "opex": 6082000000,
      "cogs": 4429000000,
      "rd": 1948000000,
      "sga": null,
      "fcf": 3803000000,
      "ocf": 3971000000,
      "capex": -168000000,
      "gross_margin": 0.6513147535821131,
      "op_margin": 0.17249252086285624,
      "fcf_margin": 0.29940166902849946,
      "incr_op_margin_yoy": 0.9390048154093098,
      "rev_growth_yoy": -0.1282684784846613,
      "rev_growth_yoy_accel": -0.06933675394081198,
      "fcf_margin_change": 0.24952284798245145
    },
    {
      "date": "2024-07-27T00:00:00",
      "quarter_label": "2024-07 (Q3)",
      "revenue": 13642000000,
      "gross_profit": 8781000000,
      "operating_income": 2618000000,
      "net_income": 2162000000,
      "opex": 6163000000,
      "cogs": 4861000000,
      "rd": 2179000000,
      "sga": null,
      "fcf": 3532000000,
      "ocf": 3730000000,
      "capex": -198000000,
      "gross_margin": 0.6436739481014514,
      "op_margin": 0.19190734496408152,
      "fcf_margin": 0.2589063187215951,
      "incr_op_margin_yoy": 1.0474055092889174,
      "rev_growth_yoy": -0.10267710320331513,
      "rev_growth_yoy_accel": 0.025591375281346168,
      "op_leverage_ratio": 5.55670245377903,
      "fcf_margin_change": -0.040495350306904376
    },
    {
      "date": "2024-10-26T00:00:00",
      "quarter_label": "2024-10 (Q4)",
      "revenue": 13841000000,
      "gross_profit": 9121000000,
      "operating_income": 2358000000,
      "net_income": 2711000000,
      "opex": 6763000000,
      "cogs": 4720000000,
      "rd": 2286000000,
      "sga": null,
      "fcf": 3444000000,
      "ocf": 3661000000,
      "capex": -217000000,
      "gross_margin": 0.6589841774438263,
      "op_margin": 0.17036341304819017,
      "fcf_margin": 0.24882595188208945,
      "incr_op_margin_yoy": 2.3192261185006044,
      "rev_growth_yoy": -0.05638123806926643,
      "rev_growth_yoy_accel": 0.0462958651340487,
      "op_leverage_ratio": 0.14983592337389434,
      "fcf_margin_change": -0.010080366839505639
    },
    {
      "date": "2025-01-25T00:00:00",
      "quarter_label": "2025-01 (Q1)",
      "revenue": 13991000000,
      "gross_profit": 9111000000,
      "operating_income": 3113000000,
      "net_income": 2428000000,
      "opex": 5998000000,
      "cogs": 4880000000,
      "rd": 2299000000,
      "sga": null,
      "fcf": 2031000000,
      "ocf": 2241000000,
      "capex": -210000000,
      "gross_margin": 0.6512043456507755,
      "op_margin": 0.22250017868629834,
      "fcf_margin": 0.14516474876706453,
      "incr_op_margin_yoy": 0.014166666666666666,
      "rev_growth_yoy": 0.09381596434993354,
      "rev_growth_yoy_accel": 0.15019720241919998,
      "op_leverage_ratio": null,
      "fcf_margin_change": -0.10366120311502491
    },
    {
      "date": "2025-04-26T00:00:00",
      "quarter_label": "2025-04 (Q2)",
      "revenue": 14149000000,
      "gross_profit": 9278000000,
      "operating_income": 3202000000,
      "net_income": 2491000000,
      "opex": 6076000000,
      "cogs": 4871000000,
      "rd": 2335000000,
      "sga": null,
      "fcf": 3796000000,
      "ocf": 4057000000,
      "capex": -261000000,
      "gross_margin": 0.6557353876599052,
      "op_margin": 0.22630574598911585,
      "fcf_margin": 0.2682875114849106,
      "incr_op_margin_yoy": 0.6986869384934347,
      "rev_growth_yoy": 0.11391906786332862,
      "rev_growth_yoy_accel": 0.020103103513395074,
      "op_leverage_ratio": 0.8684007484665051,
      "fcf_margin_change": 0.12312276271784606
    },
    {
      "date": "2025-07-26T00:00:00",
      "quarter_label": "2025-07 (Q3)",
      "revenue": 14673000000,
      "gross_profit": 9280000000,
      "operating_income": 3087000000,
      "net_income": 2550000000,
      "opex": 6193000000,
      "cogs": 5393000000,
      "rd": 2380000000,
      "sga": null,
      "fcf": 4017000000,
      "ocf": 4234000000,
      "capex": -217000000,
      "gross_margin": 0.6324541675185715,
      "op_margin": 0.21038642404416275,
      "fcf_margin": 0.2737681455735024,
      "incr_op_margin_yoy": 0.45489815712900095,
      "rev_growth_yoy": 0.07557542882275327,
      "rev_growth_yoy_accel": -0.03834363904057535,
      "op_leverage_ratio": 1.923257540474305,
      "fcf_margin_change": 0.005480634088591785
    },
    {
      "date": "2025-10-25T00:00:00",
      "quarter_label": "2025-10 (Q4)",
      "revenue": 14883000000,
      "gross_profit": 9745000000,
      "operating_income": 3363000000,
      "net_income": 2860000000,
      "opex": 6382000000,
      "cogs": 5138000000,
      "rd": 2400000000,
      "sga": null,
      "fcf": 2889000000,
      "ocf": 3212000000,
      "capex": -323000000,
      "gross_margin": 0.654773903110932,
      "op_margin": 0.22596250755895989,
      "fcf_margin": 0.19411408990122958,
      "incr_op_margin_yoy": 0.9644913627639156,
      "rev_growth_yoy": 0.07528357777617224,
      "rev_growth_yoy_accel": -0.00029185104658102645,
      "op_leverage_ratio": 0.4689641594160098,
      "fcf_margin_change": -0.0796540556722728
    },
    {
      "date": "2026-01-24T00:00:00",
      "quarter_label": "2026-01 (Q1)",
      "revenue": 15349000000,
      "gross_profit": 9972000000,
      "operating_income": 3781000000,
      "net_income": 3175000000,
      "opex": 6191000000,
      "cogs": 5377000000,
      "rd": 2355000000,
      "sga": null,
      "fcf": 1539000000,
      "ocf": 1822000000,
      "capex": -283000000,
      "gross_margin": 0.6496840185028341,
      "op_margin": 0.2463352661411167,
      "fcf_margin": 0.10026711837904749,
      "incr_op_margin_yoy": 0.49189985272459497,
      "rev_growth_yoy": 0.09706239725537846,
      "rev_growth_yoy_accel": 0.02177881947920622,
      "op_leverage_ratio": null,
      "fcf_margin_change": -0.09384697152218209
    }
  ],
  "signals": [
    {
      "quarter": "2026-01 (Q1)",
      "signal": "INCREMENTAL MARGIN (YoY)",
      "detail": "YoY Incr OPM: +49.2% vs year-ago OPM: +22.3%",
      "severity": "HIGH"
    },
    {
      "quarter": "2025-10 (Q4)",
      "signal": "GROSS MARGIN INFLECTION",
      "detail": "GM: +65.6% -> +63.2% -> +65.5% (reversal +2.2%)",
      "severity": "MEDIUM"
    },
    {
      "quarter": "2025-10 (Q4)",
      "signal": "INCREMENTAL MARGIN (YoY)",
      "detail": "YoY Incr OPM: +96.4% vs year-ago OPM: +17.0%",
      "severity": "HIGH"
    },
    {
      "quarter": "2025-07 (Q3)",
      "signal": "OPERATING LEVERAGE",
      "detail": "Rev growth +3.7% vs OpEx growth +1.9% (leverage: 1.9x)",
      "severity": "MEDIUM"
    },
    {
      "quarter": "2025-07 (Q3)",
      "signal": "INCREMENTAL MARGIN (YoY)",
      "detail": "YoY Incr OPM: +45.5% vs year-ago OPM: +19.2%",
      "severity": "HIGH"
    },
    {
      "quarter": "2025-04 (Q2)",
      "signal": "FCF MARGIN EXPANSION",
      "detail": "FCF margin: +14.5% -> +26.8% (+12.3%)",
      "severity": "MEDIUM"
    },
    {
      "quarter": "2025-04 (Q2)",
      "signal": "INCREMENTAL MARGIN (YoY)",
      "detail": "YoY Incr OPM: +69.9% vs year-ago OPM: +17.2%",
      "severity": "HIGH"
    },
    {
      "quarter": "2025-01 (Q1)",
      "signal": "YoY REVENUE GROWTH ACCELERATION",
      "detail": "YoY growth: +9.4% vs prior quarter YoY: -5.6% (accel: +15.0%)",
      "severity": "HIGH"
    },
    {
      "quarter": "2024-10 (Q4)",
      "signal": "INCREMENTAL MARGIN (YoY)",
      "detail": "YoY Incr OPM: +231.9% vs year-ago OPM: +29.2%",
      "severity": "HIGH"
    },
    {
      "quarter": "2024-07 (Q3)",
      "signal": "OPERATING LEVERAGE",
      "detail": "Rev growth +7.4% vs OpEx growth +1.3% (leverage: 5.6x)",
      "severity": "MEDIUM"
    },
    {
      "quarter": "2024-07 (Q3)",
      "signal": "INCREMENTAL MARGIN (YoY)",
      "detail": "YoY Incr OPM: +104.7% vs year-ago OPM: +28.0%",
      "severity": "HIGH"
    },
    {
      "quarter": "2024-04 (Q2)",
      "signal": "FCF MARGIN EXPANSION",
      "detail": "FCF margin: +5.0% -> +29.9% (+25.0%)",
      "severity": "MEDIUM"
    },
    {
      "quarter": "2024-04 (Q2)",
      "signal": "YoY REVENUE GROWTH DECELERATION",
      "detail": "YoY growth: -12.8% vs prior quarter YoY: -5.9% (decel: -6.9%)",
      "severity": "WARNING"
    },
    {
      "quarter": "2024-04 (Q2)",
      "signal": "INCREMENTAL MARGIN (YoY)",
      "detail": "YoY Incr OPM: +93.9% vs year-ago OPM: +27.1%",
      "severity": "HIGH"
    },
    {
      "quarter": "2024-01 (Q1)",
      "signal": "YoY REVENUE GROWTH DECELERATION",
      "detail": "YoY growth: -5.9% vs prior quarter YoY: +7.6% (decel: -13.5%)",
      "severity": "WARNING"
    },
    {
      "quarter": "2023-10 (Q4)",
      "signal": "YoY REVENUE GROWTH DECELERATION",
      "detail": "YoY growth: +7.6% vs prior quarter YoY: +16.0% (decel: -8.4%)",
      "severity": "WARNING"
    },
    {
      "quarter": "2023-10 (Q4)",
      "signal": "INCREMENTAL MARGIN (YoY)",
      "detail": "YoY Incr OPM: +71.0% vs year-ago OPM: +26.0%",
      "severity": "HIGH"
    },
    {
      "quarter": "2023-07 (Q3)",
      "signal": "INCREMENTAL MARGIN (YoY)",
      "detail": "YoY Incr OPM: +39.0% vs year-ago OPM: +26.2%",
      "severity": "MEDIUM"
    },
    {
      "quarter": "2023-04 (Q2)",
      "signal": "OPERATING LEVERAGE",
      "detail": "Rev growth +7.2% vs OpEx growth +2.9% (leverage: 2.4x)",
      "severity": "MEDIUM"
    },
    {
      "quarter": "2023-04 (Q2)",
      "signal": "YoY REVENUE GROWTH ACCELERATION",
      "detail": "YoY growth: +13.5% vs prior quarter YoY: +6.9% (accel: +6.7%)",
      "severity": "MEDIUM"
    },
    {
      "quarter": "2023-01 (Q1)",
      "signal": "FCF MARGIN EXPANSION",
      "detail": "FCF margin: +27.8% -> +33.6% (+5.8%)",
      "severity": "MEDIUM"
    },
    {
      "quarter": "2022-10 (Q4)",
      "signal": "YoY REVENUE GROWTH ACCELERATION",
      "detail": "YoY growth: +5.7% vs prior quarter YoY: -0.2% (accel: +5.9%)",
      "severity": "MEDIUM"
    },
    {
      "quarter": "2022-07 (Q3)",
      "signal": "INCREMENTAL MARGIN (YoY)",
      "detail": "YoY Incr OPM: +587.5% vs year-ago OPM: +27.2%",
      "severity": "HIGH"
    },
    {
      "quarter": "2022-04 (Q2)",
      "signal": "FCF MARGIN EXPANSION",
      "detail": "FCF margin: +18.5% -> +27.7% (+9.2%)",
      "severity": "MEDIUM"
    },
    {
      "quarter": "2022-04 (Q2)",
      "signal": "INCREMENTAL MARGIN (YoY)",
      "detail": "YoY Incr OPM: +453.1% vs year-ago OPM: +27.1%",
      "severity": "HIGH"
    },
    {
      "quarter": "2021-07 (Q3)",
      "signal": "OPERATING LEVERAGE",
      "detail": "Rev growth +2.5% vs OpEx growth +1.0% (leverage: 2.4x)",
      "severity": "MEDIUM"
    }
  ],
  "data_quality": {
    "n_quarters": 20,
    "coverage": {
      "revenue": [
        20,
        20
      ],
      "gross_profit": [
        20,
        20
      ],
      "op_income": [
        20,
        20
      ],
      "fcf": [
        20,
        20
      ]
    },
    "gaps": [],
    "warnings": []
  },
  "market_cap": null,
  "source": "SEC EDGAR",
  "last_updated": "2026-02-24T10:38:24.458644"
}