{
  "ticker": "CSGS",
  "name": "CSG SYSTEMS INTERNATIONAL INC",
  "quarters": [
    {
      "date": "2020-12-31T00:00:00",
      "quarter_label": "2020-12 (Q4)",
      "revenue": 260487000,
      "gross_profit": 125322000,
      "operating_income": 23675000,
      "net_income": 13265000,
      "opex": 236812000,
      "cogs": 135165000,
      "rd": 32822000,
      "sga": 61864000,
      "fcf": 51668000,
      "ocf": 56864000,
      "capex": -5196000,
      "gross_margin": 0.4811065427449355,
      "op_margin": 0.09088745311666226,
      "fcf_margin": 0.19835154921358839
    },
    {
      "date": "2021-03-31T00:00:00",
      "quarter_label": "2021-03 (Q1)",
      "revenue": 253119000,
      "gross_profit": 119577000,
      "operating_income": 31377000,
      "net_income": 19631000,
      "opex": 221742000,
      "cogs": 133542000,
      "rd": 32212000,
      "sga": 48815000,
      "fcf": -10463000,
      "ocf": -2224000,
      "capex": -8239000,
      "gross_margin": 0.47241416092825905,
      "op_margin": 0.12396145686416271,
      "fcf_margin": -0.0413362884651093,
      "fcf_margin_change": -0.23968783767869767
    },
    {
      "date": "2021-06-30T00:00:00",
      "quarter_label": "2021-06 (Q2)",
      "revenue": 255134000,
      "gross_profit": 122196000,
      "operating_income": 32166000,
      "net_income": 19321000,
      "opex": 222968000,
      "cogs": 132938000,
      "rd": 32754000,
      "sga": 49250000,
      "fcf": 37534000,
      "ocf": 44453000,
      "capex": -6919000,
      "gross_margin": 0.4789483173548018,
      "op_margin": 0.12607492533335424,
      "fcf_margin": 0.1471148494516607,
      "fcf_margin_change": 0.18845113791676998
    },
    {
      "date": "2021-09-30T00:00:00",
      "quarter_label": "2021-09 (Q3)",
      "revenue": 263209000,
      "gross_profit": 128504000,
      "operating_income": 32763000,
      "net_income": 16130000,
      "opex": 230446000,
      "cogs": 134705000,
      "rd": 34384000,
      "sga": 54923000,
      "fcf": 38707000,
      "ocf": 46080000,
      "capex": -7373000,
      "gross_margin": 0.48822038760072795,
      "op_margin": 0.12447522691093389,
      "fcf_margin": 0.14705804132837402,
      "op_leverage_ratio": 0.9436941666131539,
      "fcf_margin_change": -5.680812328667795e-05
    },
    {
      "date": "2021-12-31T00:00:00",
      "quarter_label": "2021-12 (Q4)",
      "revenue": 275025000,
      "gross_profit": 132999000,
      "operating_income": 27880000,
      "net_income": 17249000,
      "opex": 247145000,
      "cogs": 142026000,
      "rd": 35341000,
      "sga": 61706000,
      "fcf": 47883000,
      "ocf": 51914000,
      "capex": -4031000,
      "gross_margin": 0.4835887646577584,
      "op_margin": 0.10137260249068267,
      "fcf_margin": 0.17410417234796838,
      "incr_op_margin_yoy": 0.2892419865180905,
      "rev_growth_yoy": 0.0558108466065485,
      "op_leverage_ratio": 0.6195101933541173,
      "fcf_margin_change": 0.027046131019594355
    },
    {
      "date": "2022-03-31T00:00:00",
      "quarter_label": "2022-03 (Q1)",
      "revenue": 264400000,
      "gross_profit": 125982000,
      "operating_income": 16415000,
      "net_income": 6113000,
      "opex": 247985000,
      "cogs": 138418000,
      "rd": 32981000,
      "sga": 57342000,
      "fcf": -15924000,
      "ocf": -5549000,
      "capex": -10375000,
      "gross_margin": 0.47648260211800303,
      "op_margin": 0.062083963691376705,
      "fcf_margin": -0.06022692889561271,
      "incr_op_margin_yoy": -1.3263008598528498,
      "rev_growth_yoy": 0.04456797000620261,
      "rev_growth_yoy_accel": -0.01124287660034589,
      "fcf_margin_change": -0.23433110124358109
    },
    {
      "date": "2022-06-30T00:00:00",
      "quarter_label": "2022-06 (Q2)",
      "revenue": 262168000,
      "gross_profit": 124034000,
      "operating_income": 7283000,
      "net_income": 5317000,
      "opex": 254885000,
      "cogs": 138134000,
      "rd": 34630000,
      "sga": 57465000,
      "fcf": -16988000,
      "ocf": -7716000,
      "capex": -9272000,
      "gross_margin": 0.47310884623600136,
      "op_margin": 0.027779896860028686,
      "fcf_margin": -0.06479814470110769,
      "incr_op_margin_yoy": -3.5375319874893374,
      "rev_growth_yoy": 0.02756982605219218,
      "rev_growth_yoy_accel": -0.016998143954010433,
      "fcf_margin_change": -0.00457121580549498
    },
    {
      "date": "2022-09-30T00:00:00",
      "quarter_label": "2022-09 (Q3)",
      "revenue": 273308000,
      "gross_profit": 134846000,
      "operating_income": 19977000,
      "net_income": 12481000,
      "opex": 253331000,
      "cogs": 138462000,
      "rd": 35754000,
      "sga": 59026000,
      "fcf": 10921000,
      "ocf": 22838000,
      "capex": -11917000,
      "gross_margin": 0.49338475273318017,
      "op_margin": 0.07309335987237842,
      "fcf_margin": 0.03995858152706836,
      "incr_op_margin_yoy": -1.2660659471234776,
      "rev_growth_yoy": 0.03836874878898518,
      "rev_growth_yoy_accel": 0.010798922736792997,
      "op_leverage_ratio": Infinity,
      "fcf_margin_change": 0.10475672622817606
    },
    {
      "date": "2022-12-31T00:00:00",
      "quarter_label": "2022-12 (Q4)",
      "revenue": 289876000,
      "gross_profit": 139722000,
      "operating_income": 35072000,
      "net_income": 20149000,
      "opex": 254804000,
      "cogs": 150154000,
      "rd": 34548000,
      "sga": 64185000,
      "fcf": 48597000,
      "ocf": 54024000,
      "capex": -5427000,
      "gross_margin": 0.48200609915964066,
      "op_margin": 0.12098966454621976,
      "fcf_margin": 0.16764754584718983,
      "incr_op_margin_yoy": 0.4842771530536664,
      "rev_growth_yoy": 0.05399872738841924,
      "rev_growth_yoy_accel": 0.01562997859943406,
      "op_leverage_ratio": 10.425654591740962,
      "fcf_margin_change": 0.12768896432012147
    },
    {
      "date": "2023-03-31T00:00:00",
      "quarter_label": "2023-03 (Q1)",
      "revenue": 298739000,
      "gross_profit": 143718000,
      "operating_income": 38193000,
      "net_income": 20928000,
      "opex": 260546000,
      "cogs": 155021000,
      "rd": 35464000,
      "sga": 59147000,
      "fcf": 6697000,
      "ocf": 15397000,
      "capex": -8700000,
      "gross_margin": 0.481082148631414,
      "op_margin": 0.12784738517568847,
      "fcf_margin": 0.02241756181817573,
      "incr_op_margin_yoy": 0.6342060048341536,
      "rev_growth_yoy": 0.129875189107413,
      "rev_growth_yoy_accel": 0.07587646171899376,
      "op_leverage_ratio": 1.3567865905828727,
      "fcf_margin_change": -0.1452299840290141
    },
    {
      "date": "2023-06-30T00:00:00",
      "quarter_label": "2023-06 (Q2)",
      "revenue": 286327000,
      "gross_profit": 135185000,
      "operating_income": 28206000,
      "net_income": 13954000,
      "opex": 258121000,
      "cogs": 151142000,
      "rd": 36645000,
      "sga": 62686000,
      "fcf": 4658000,
      "ocf": 12386000,
      "capex": -7728000,
      "gross_margin": 0.4721350064786066,
      "op_margin": 0.09850974585002462,
      "fcf_margin": 0.016268113031603727,
      "incr_op_margin_yoy": 0.8660540585289126,
      "rev_growth_yoy": 0.09215083457935369,
      "rev_growth_yoy_accel": -0.037724354528059306,
      "fcf_margin_change": -0.006149448786572004
    },
    {
      "date": "2023-09-30T00:00:00",
      "quarter_label": "2023-09 (Q3)",
      "revenue": 286868000,
      "gross_profit": 134134000,
      "operating_income": 32731000,
      "net_income": 18694000,
      "opex": 254137000,
      "cogs": 152734000,
      "rd": 35292000,
      "sga": 59097000,
      "fcf": 18070000,
      "ocf": 24582000,
      "capex": -6512000,
      "gross_margin": 0.46758090829231563,
      "op_margin": 0.1140977731918513,
      "fcf_margin": 0.06299064378041469,
      "incr_op_margin_yoy": 0.9405604719764011,
      "rev_growth_yoy": 0.049614354501148886,
      "rev_growth_yoy_accel": -0.042536480078204805,
      "fcf_margin_change": 0.04672253074881096
    },
    {
      "date": "2023-12-31T00:00:00",
      "quarter_label": "2023-12 (Q4)",
      "revenue": 297324000,
      "gross_profit": 141179000,
      "operating_income": 24747000,
      "net_income": 12670000,
      "opex": 272577000,
      "cogs": 156145000,
      "rd": 35800000,
      "sga": 66683000,
      "fcf": 74494000,
      "ocf": 79531000,
      "capex": -5037000,
      "gross_margin": 0.47483216961967417,
      "op_margin": 0.08323243330508133,
      "fcf_margin": 0.2505482234868359,
      "incr_op_margin_yoy": -1.3862781954887218,
      "rev_growth_yoy": 0.02569374491161738,
      "rev_growth_yoy_accel": -0.023920609589531506,
      "op_leverage_ratio": 0.5023315446586769,
      "fcf_margin_change": 0.18755757970642123
    },
    {
      "date": "2024-03-31T00:00:00",
      "quarter_label": "2024-03 (Q1)",
      "revenue": 295135000,
      "gross_profit": 137248000,
      "operating_income": 31797000,
      "net_income": 19467000,
      "opex": 263338000,
      "cogs": 157887000,
      "rd": 36095000,
      "sga": 61722000,
      "fcf": -34125000,
      "ocf": -29351000,
      "capex": -4774000,
      "gross_margin": 0.4650346451623833,
      "op_margin": 0.10773713724227896,
      "fcf_margin": -0.11562505294187406,
      "incr_op_margin_yoy": 1.774694783573807,
      "rev_growth_yoy": -0.012064042525415162,
      "rev_growth_yoy_accel": -0.03775778743703254,
      "fcf_margin_change": -0.36617327642871
    },
    {
      "date": "2024-06-30T00:00:00",
      "quarter_label": "2024-06 (Q2)",
      "revenue": 290318000,
      "gross_profit": 137426000,
      "operating_income": 25420000,
      "net_income": 13829000,
      "opex": 264898000,
      "cogs": 152892000,
      "rd": 38411000,
      "sga": 61159000,
      "fcf": 38806000,
      "ocf": 43105000,
      "capex": -4299000,
      "gross_margin": 0.4733636908493445,
      "op_margin": 0.0875591592667351,
      "fcf_margin": 0.13366722008280574,
      "incr_op_margin_yoy": -0.6980706589827111,
      "rev_growth_yoy": 0.01393860865374205,
      "rev_growth_yoy_accel": 0.02600265117915721,
      "fcf_margin_change": 0.2492922730246798
    },
    {
      "date": "2024-09-30T00:00:00",
      "quarter_label": "2024-09 (Q3)",
      "revenue": 295143000,
      "gross_profit": 145656000,
      "operating_income": 31822000,
      "net_income": 19088000,
      "opex": 263321000,
      "cogs": 149487000,
      "rd": 41665000,
      "sga": 63913000,
      "fcf": 32004000,
      "ocf": 39459000,
      "capex": -7455000,
      "gross_margin": 0.493509925697035,
      "op_margin": 0.10781892167525572,
      "fcf_margin": 0.10843557190921012,
      "incr_op_margin_yoy": -0.10984894259818731,
      "rev_growth_yoy": 0.028846019772160017,
      "rev_growth_yoy_accel": 0.014907411118417967,
      "op_leverage_ratio": Infinity,
      "fcf_margin_change": -0.02523164817359562
    },
    {
      "date": "2024-12-31T00:00:00",
      "quarter_label": "2024-12 (Q4)",
      "revenue": 316652000,
      "gross_profit": 162455000,
      "operating_income": 42294000,
      "net_income": 34468000,
      "opex": 274358000,
      "cogs": 154197000,
      "rd": 42023000,
      "sga": 71519000,
      "fcf": 76611000,
      "ocf": 82504000,
      "capex": -5893000,
      "gross_margin": 0.5130395513055341,
      "op_margin": 0.13356618622336192,
      "fcf_margin": 0.24194067935778077,
      "incr_op_margin_yoy": 0.9078538907284768,
      "rev_growth_yoy": 0.06500652486849363,
      "rev_growth_yoy_accel": 0.03616050509633362,
      "op_leverage_ratio": 1.738690116307595,
      "fcf_margin_change": 0.13350510744857064
    },
    {
      "date": "2025-03-31T00:00:00",
      "quarter_label": "2025-03 (Q1)",
      "revenue": 299453000,
      "gross_profit": 144955000,
      "operating_income": 29383000,
      "net_income": 16130000,
      "opex": 270070000,
      "cogs": 154498000,
      "rd": 40902000,
      "sga": 62289000,
      "fcf": 7068000,
      "ocf": 11469000,
      "capex": -4401000,
      "gross_margin": 0.48406594690986565,
      "op_margin": 0.09812224288953525,
      "fcf_margin": 0.023603036202676213,
      "incr_op_margin_yoy": -0.5590551181102362,
      "rev_growth_yoy": 0.014630592779575449,
      "rev_growth_yoy_accel": -0.050375932088918184,
      "fcf_margin_change": -0.21833764315510457
    },
    {
      "date": "2025-06-30T00:00:00",
      "quarter_label": "2025-06 (Q2)",
      "revenue": 297128000,
      "gross_profit": 146988000,
      "operating_income": 29857000,
      "net_income": 12267000,
      "opex": 267271000,
      "cogs": 150140000,
      "rd": 40417000,
      "sga": 67541000,
      "fcf": 34575000,
      "ocf": 37326000,
      "capex": -2751000,
      "gross_margin": 0.4946958886405859,
      "op_margin": 0.10048531272717481,
      "fcf_margin": 0.1163639912764869,
      "incr_op_margin_yoy": 0.6515418502202643,
      "rev_growth_yoy": 0.023457036766580095,
      "rev_growth_yoy_accel": 0.008826443987004646,
      "fcf_margin_change": 0.09276095507381069
    },
    {
      "date": "2025-09-30T00:00:00",
      "quarter_label": "2025-09 (Q3)",
      "revenue": 303615000,
      "gross_profit": 146081000,
      "operating_income": 30459000,
      "net_income": 20483000,
      "opex": 273156000,
      "cogs": 157534000,
      "rd": 40300000,
      "sga": 65430000,
      "fcf": 43941000,
      "ocf": 47943000,
      "capex": -4002000,
      "gross_margin": 0.4811389424106187,
      "op_margin": 0.10032113037893385,
      "fcf_margin": 0.1447260510844326,
      "incr_op_margin_yoy": -0.16088290840415487,
      "rev_growth_yoy": 0.028704729571766906,
      "rev_growth_yoy_accel": 0.005247692805186811,
      "op_leverage_ratio": 0.9915296136514556,
      "fcf_margin_change": 0.02836205980794569
    }
  ],
  "signals": [
    {
      "quarter": "2025-06 (Q2)",
      "signal": "FCF MARGIN EXPANSION",
      "detail": "FCF margin: +2.4% -> +11.6% (+9.3%)",
      "severity": "MEDIUM"
    },
    {
      "quarter": "2025-06 (Q2)",
      "signal": "INCREMENTAL MARGIN (YoY)",
      "detail": "YoY Incr OPM: +65.2% vs year-ago OPM: +8.8%",
      "severity": "HIGH"
    },
    {
      "quarter": "2025-03 (Q1)",
      "signal": "YoY REVENUE GROWTH DECELERATION",
      "detail": "YoY growth: +1.5% vs prior quarter YoY: +6.5% (decel: -5.0%)",
      "severity": "WARNING"
    },
    {
      "quarter": "2024-12 (Q4)",
      "signal": "FCF MARGIN EXPANSION",
      "detail": "FCF margin: +10.8% -> +24.2% (+13.4%)",
      "severity": "MEDIUM"
    },
    {
      "quarter": "2024-12 (Q4)",
      "signal": "OPERATING LEVERAGE",
      "detail": "Rev growth +7.3% vs OpEx growth +4.2% (leverage: 1.7x)",
      "severity": "MEDIUM"
    },
    {
      "quarter": "2024-12 (Q4)",
      "signal": "INCREMENTAL MARGIN (YoY)",
      "detail": "YoY Incr OPM: +90.8% vs year-ago OPM: +8.3%",
      "severity": "HIGH"
    },
    {
      "quarter": "2024-06 (Q2)",
      "signal": "FCF TURNED POSITIVE",
      "detail": "FCF margin: -11.6% -> +13.4%",
      "severity": "HIGH"
    },
    {
      "quarter": "2024-03 (Q1)",
      "signal": "INCREMENTAL MARGIN (YoY)",
      "detail": "YoY Incr OPM: +177.5% vs year-ago OPM: +12.8%",
      "severity": "HIGH"
    },
    {
      "quarter": "2023-12 (Q4)",
      "signal": "FCF MARGIN EXPANSION",
      "detail": "FCF margin: +6.3% -> +25.1% (+18.8%)",
      "severity": "MEDIUM"
    },
    {
      "quarter": "2023-09 (Q3)",
      "signal": "INCREMENTAL MARGIN (YoY)",
      "detail": "YoY Incr OPM: +94.1% vs year-ago OPM: +7.3%",
      "severity": "HIGH"
    },
    {
      "quarter": "2023-06 (Q2)",
      "signal": "INCREMENTAL MARGIN (YoY)",
      "detail": "YoY Incr OPM: +86.6% vs year-ago OPM: +2.8%",
      "severity": "HIGH"
    },
    {
      "quarter": "2023-03 (Q1)",
      "signal": "YoY REVENUE GROWTH ACCELERATION",
      "detail": "YoY growth: +13.0% vs prior quarter YoY: +5.4% (accel: +7.6%)",
      "severity": "MEDIUM"
    },
    {
      "quarter": "2023-03 (Q1)",
      "signal": "INCREMENTAL MARGIN (YoY)",
      "detail": "YoY Incr OPM: +63.4% vs year-ago OPM: +6.2%",
      "severity": "HIGH"
    },
    {
      "quarter": "2022-12 (Q4)",
      "signal": "FCF MARGIN EXPANSION",
      "detail": "FCF margin: +4.0% -> +16.8% (+12.8%)",
      "severity": "MEDIUM"
    },
    {
      "quarter": "2022-12 (Q4)",
      "signal": "OPERATING LEVERAGE",
      "detail": "Rev growth +6.1% vs OpEx growth +0.6% (leverage: 10.4x)",
      "severity": "MEDIUM"
    },
    {
      "quarter": "2022-12 (Q4)",
      "signal": "INCREMENTAL MARGIN (YoY)",
      "detail": "YoY Incr OPM: +48.4% vs year-ago OPM: +10.1%",
      "severity": "HIGH"
    },
    {
      "quarter": "2022-09 (Q3)",
      "signal": "FCF TURNED POSITIVE",
      "detail": "FCF margin: -6.5% -> +4.0%",
      "severity": "HIGH"
    },
    {
      "quarter": "2022-09 (Q3)",
      "signal": "GROSS MARGIN INFLECTION",
      "detail": "GM: +47.6% -> +47.3% -> +49.3% (reversal +2.0%)",
      "severity": "MEDIUM"
    },
    {
      "quarter": "2021-12 (Q4)",
      "signal": "INCREMENTAL MARGIN (YoY)",
      "detail": "YoY Incr OPM: +28.9% vs year-ago OPM: +9.1%",
      "severity": "MEDIUM"
    },
    {
      "quarter": "2021-06 (Q2)",
      "signal": "FCF TURNED POSITIVE",
      "detail": "FCF margin: -4.1% -> +14.7%",
      "severity": "HIGH"
    }
  ],
  "data_quality": {
    "n_quarters": 20,
    "coverage": {
      "revenue": [
        20,
        20
      ],
      "gross_profit": [
        20,
        20
      ],
      "op_income": [
        20,
        20
      ],
      "fcf": [
        20,
        20
      ]
    },
    "gaps": [],
    "warnings": []
  },
  "market_cap": null,
  "source": "SEC EDGAR",
  "last_updated": "2026-02-02T21:32:19.684363"
}