{
  "ticker": "CSL",
  "name": "CARLISLE COMPANIES INCORPORATED",
  "sector": "Industrials",
  "industry": "Building Products & Equipment",
  "quarters": [
    {
      "date": "2021-03-31T00:00:00",
      "quarter_label": "2021-03 (Q1)",
      "revenue": 1029000000,
      "gross_profit": 261700000,
      "operating_income": 89500000,
      "net_income": 52200000,
      "opex": 172200000,
      "cogs": 767300000,
      "rd": 12600000,
      "sga": 159800000,
      "fcf": 47600000,
      "ocf": 67600000,
      "capex": -20000000,
      "gross_margin": 0.2543245869776482,
      "op_margin": 0.08697764820213799,
      "fcf_margin": 0.04625850340136054
    },
    {
      "date": "2021-06-30T00:00:00",
      "quarter_label": "2021-06 (Q2)",
      "revenue": 1177800000,
      "gross_profit": 307700000,
      "operating_income": 133800000,
      "net_income": 99300000,
      "opex": 173900000,
      "cogs": 870100000,
      "rd": 13800000,
      "sga": 161300000,
      "fcf": 68800000,
      "ocf": 103900000,
      "capex": -35100000,
      "gross_margin": 0.26124978773985397,
      "op_margin": 0.11360163015792155,
      "fcf_margin": 0.058413992188826626,
      "op_leverage_ratio": 14.647779111644658,
      "fcf_margin_change": 0.012155488787466084
    },
    {
      "date": "2021-09-30T00:00:00",
      "quarter_label": "2021-09 (Q3)",
      "revenue": 1315600000,
      "gross_profit": 371600000,
      "operating_income": 166500000,
      "net_income": 142100000,
      "opex": 205100000,
      "cogs": 944000000,
      "rd": 12800000,
      "sga": 192600000,
      "fcf": 78600000,
      "ocf": 112400000,
      "capex": -33800000,
      "gross_margin": 0.28245667376102157,
      "op_margin": 0.12655822438431133,
      "fcf_margin": 0.059744603222864096,
      "op_leverage_ratio": 0.6521126959868682,
      "fcf_margin_change": 0.0013306110340374697
    },
    {
      "date": "2021-12-31T00:00:00",
      "quarter_label": "2021-12 (Q4)",
      "revenue": 1376000000,
      "gross_profit": 390500000,
      "operating_income": 182500000,
      "net_income": 128100000,
      "opex": 208000000,
      "cogs": 985500000,
      "rd": 12900000,
      "sga": 193500000,
      "fcf": 91900000,
      "ocf": 137800000,
      "capex": -45900000,
      "gross_margin": 0.28379360465116277,
      "op_margin": 0.13263081395348839,
      "fcf_margin": 0.06678779069767442,
      "op_leverage_ratio": 3.2469883939149304,
      "fcf_margin_change": 0.007043187474810322
    },
    {
      "date": "2022-03-31T00:00:00",
      "quarter_label": "2022-03 (Q1)",
      "revenue": 1496300000,
      "gross_profit": 434800000,
      "operating_income": 277300000,
      "net_income": 193600000,
      "opex": 157500000,
      "cogs": 1005400000,
      "rd": 12300000,
      "sga": 203000000,
      "fcf": 13200000,
      "ocf": 44300000,
      "capex": -31100000,
      "gross_margin": 0.2905834391499031,
      "op_margin": 0.18532379870346855,
      "fcf_margin": 0.008821760342177371,
      "incr_op_margin_yoy": 0.40188315857051143,
      "rev_growth_yoy": 0.4541302235179786,
      "op_leverage_ratio": null,
      "fcf_margin_change": -0.05796603035549705
    },
    {
      "date": "2022-06-30T00:00:00",
      "quarter_label": "2022-06 (Q2)",
      "revenue": 1846900000,
      "gross_profit": 561200000,
      "operating_income": 410600000,
      "net_income": 301500000,
      "opex": 150600000,
      "cogs": 1214900000,
      "rd": 12600000,
      "sga": 210600000,
      "fcf": 127600000,
      "ocf": 179200000,
      "capex": -51600000,
      "gross_margin": 0.3038605230386052,
      "op_margin": 0.22231847961448914,
      "fcf_margin": 0.06908874329958309,
      "incr_op_margin_yoy": 0.41369003138544314,
      "rev_growth_yoy": 0.5680930548480218,
      "rev_growth_yoy_accel": 0.11396283133004315,
      "op_leverage_ratio": null,
      "fcf_margin_change": 0.06026698295740572
    },
    {
      "date": "2022-09-30T00:00:00",
      "quarter_label": "2022-09 (Q3)",
      "revenue": 1794100000,
      "gross_profit": 514500000,
      "operating_income": 348200000,
      "net_income": 254700000,
      "opex": 166300000,
      "cogs": 1201800000,
      "rd": 13100000,
      "sga": 209000000,
      "fcf": 317300000,
      "ocf": 365100000,
      "capex": -47800000,
      "gross_margin": 0.2867733125243855,
      "op_margin": 0.19408059751407392,
      "fcf_margin": 0.17685747728666185,
      "incr_op_margin_yoy": 0.37972831765935217,
      "rev_growth_yoy": 0.3637123745819398,
      "rev_growth_yoy_accel": -0.20438068026608197,
      "fcf_margin_change": 0.10776873398707876
    },
    {
      "date": "2022-12-31T00:00:00",
      "quarter_label": "2022-12 (Q4)",
      "revenue": 1149900000,
      "gross_profit": 355500000,
      "operating_income": 209500000,
      "net_income": 174200000,
      "opex": 146000000,
      "cogs": 1012400000,
      "rd": 12800000,
      "sga": 188900000,
      "fcf": 359300000,
      "ocf": 412300000,
      "capex": -53000000,
      "gross_margin": 0.30915731802765456,
      "op_margin": 0.18218975563092443,
      "fcf_margin": 0.3124619532133229,
      "incr_op_margin_yoy": -0.11941618752764263,
      "rev_growth_yoy": -0.1643168604651163,
      "rev_growth_yoy_accel": -0.5280292350470561,
      "fcf_margin_change": 0.13560447592666103
    },
    {
      "date": "2023-03-31T00:00:00",
      "quarter_label": "2023-03 (Q1)",
      "revenue": 1178800000,
      "gross_profit": 271200000,
      "operating_income": 141000000,
      "net_income": 101700000,
      "opex": 130200000,
      "cogs": 832100000,
      "rd": 15500000,
      "sga": 188600000,
      "fcf": 109400000,
      "ocf": 149600000,
      "capex": -40200000,
      "gross_margin": 0.23006447234475738,
      "op_margin": 0.11961316593145571,
      "fcf_margin": 0.09280624363759755,
      "incr_op_margin_yoy": 0.42929133858267715,
      "rev_growth_yoy": -0.21219006883646327,
      "rev_growth_yoy_accel": -0.04787320837134698,
      "op_leverage_ratio": null,
      "fcf_margin_change": -0.21965570957572533
    },
    {
      "date": "2023-06-30T00:00:00",
      "quarter_label": "2023-06 (Q2)",
      "revenue": 1525900000,
      "gross_profit": 477200000,
      "operating_income": 327600000,
      "net_income": 194600000,
      "opex": 149600000,
      "cogs": 995700000,
      "rd": 13100000,
      "sga": 189500000,
      "fcf": 191200000,
      "ocf": 221100000,
      "capex": -29900000,
      "gross_margin": 0.31273346877252767,
      "op_margin": 0.2146929680844092,
      "fcf_margin": 0.12530309980994822,
      "incr_op_margin_yoy": 0.2585669781931464,
      "rev_growth_yoy": -0.17380475391196057,
      "rev_growth_yoy_accel": 0.0383853149245027,
      "op_leverage_ratio": 1.9761674461885055,
      "fcf_margin_change": 0.032496856172350666
    },
    {
      "date": "2023-09-30T00:00:00",
      "quarter_label": "2023-09 (Q3)",
      "revenue": 1259800000,
      "gross_profit": 466100000,
      "operating_income": 299900000,
      "net_income": 265600000,
      "opex": 166200000,
      "cogs": 793700000,
      "rd": 7200000,
      "sga": 161700000,
      "fcf": 405500000,
      "ocf": 441700000,
      "capex": -36200000,
      "gross_margin": 0.36997936180346086,
      "op_margin": 0.23805365931100175,
      "fcf_margin": 0.3218764883314812,
      "incr_op_margin_yoy": 0.09039865244244806,
      "rev_growth_yoy": -0.29780948665068835,
      "rev_growth_yoy_accel": -0.12400473273872778,
      "fcf_margin_change": 0.19657338852153297
    },
    {
      "date": "2023-12-31T00:00:00",
      "quarter_label": "2023-12 (Q4)",
      "revenue": 1127500000,
      "gross_profit": 419700000,
      "operating_income": 253600000,
      "net_income": 205500000,
      "opex": 166100000,
      "cogs": 707800000,
      "rd": 8000000,
      "sga": 157600000,
      "fcf": 353000000,
      "ocf": 388900000,
      "capex": -35900000,
      "gross_margin": 0.37223946784922396,
      "op_margin": 0.22492239467849223,
      "fcf_margin": 0.31308203991130823,
      "incr_op_margin_yoy": -1.96875,
      "rev_growth_yoy": -0.019479954778676405,
      "rev_growth_yoy_accel": 0.2783295318720119,
      "fcf_margin_change": -0.008794448420172962
    },
    {
      "date": "2024-03-31T00:00:00",
      "quarter_label": "2024-03 (Q1)",
      "revenue": 1096500000,
      "gross_profit": 398900000,
      "operating_income": 225200000,
      "net_income": 192300000,
      "opex": 173700000,
      "cogs": 697600000,
      "rd": 9200000,
      "sga": 166800000,
      "fcf": 131000000,
      "ocf": 163500000,
      "capex": -32500000,
      "gross_margin": 0.3637938896488828,
      "op_margin": 0.20538075695394437,
      "fcf_margin": 0.11947104423164615,
      "incr_op_margin_yoy": -1.023086269744836,
      "rev_growth_yoy": -0.06981676280963692,
      "rev_growth_yoy_accel": -0.05033680803096051,
      "fcf_margin_change": -0.19361099567966208
    },
    {
      "date": "2024-06-30T00:00:00",
      "quarter_label": "2024-06 (Q2)",
      "revenue": 1450600000,
      "gross_profit": 568900000,
      "operating_income": 377500000,
      "net_income": 712400000,
      "opex": 191400000,
      "cogs": 881700000,
      "rd": 9300000,
      "sga": 189300000,
      "fcf": 158500000,
      "ocf": 183400000,
      "capex": -24900000,
      "gross_margin": 0.39218254515372947,
      "op_margin": 0.2602371432510685,
      "fcf_margin": 0.10926513166965393,
      "incr_op_margin_yoy": -0.6626826029216467,
      "rev_growth_yoy": -0.049347925814273545,
      "rev_growth_yoy_accel": 0.020468836995363372,
      "op_leverage_ratio": 3.1691576433490227,
      "fcf_margin_change": -0.010205912561992214
    },
    {
      "date": "2024-09-30T00:00:00",
      "quarter_label": "2024-09 (Q3)",
      "revenue": 1333600000,
      "gross_profit": 514400000,
      "operating_income": 316400000,
      "net_income": 244300000,
      "opex": 198000000,
      "cogs": 819200000,
      "rd": 8100000,
      "sga": 191800000,
      "fcf": 293500000,
      "ocf": 312800000,
      "capex": -19300000,
      "gross_margin": 0.3857228554289142,
      "op_margin": 0.23725254949010197,
      "fcf_margin": 0.22008098380323934,
      "incr_op_margin_yoy": 0.22357723577235772,
      "rev_growth_yoy": 0.05858072709953961,
      "rev_growth_yoy_accel": 0.10792865291381315,
      "fcf_margin_change": 0.11081585213358541
    },
    {
      "date": "2024-12-31T00:00:00",
      "quarter_label": "2024-12 (Q4)",
      "revenue": 1122900000,
      "gross_profit": 405500000,
      "operating_income": 224000000,
      "net_income": 162800000,
      "opex": 181500000,
      "cogs": 717400000,
      "rd": 8800000,
      "sga": 174900000,
      "fcf": 334000000,
      "ocf": 370600000,
      "capex": -36600000,
      "gross_margin": 0.36111853237153796,
      "op_margin": 0.19948348027428978,
      "fcf_margin": 0.2974441179089857,
      "incr_op_margin_yoy": 6.434782608695652,
      "rev_growth_yoy": -0.004079822616407982,
      "rev_growth_yoy_accel": -0.06266054971594759,
      "fcf_margin_change": 0.07736313410574633
    },
    {
      "date": "2025-03-31T00:00:00",
      "quarter_label": "2025-03 (Q1)",
      "revenue": 1095800000,
      "gross_profit": 385700000,
      "operating_income": 183600000,
      "net_income": 143300000,
      "opex": 202100000,
      "cogs": 710100000,
      "rd": 10700000,
      "sga": 194000000,
      "fcf": -27200000,
      "ocf": 1800000,
      "capex": -29000000,
      "gross_margin": 0.35198028837379086,
      "op_margin": 0.16754882277787916,
      "fcf_margin": -0.024822047818945064,
      "rev_growth_yoy": -0.0006383948928408573,
      "rev_growth_yoy_accel": 0.003441427723567125,
      "fcf_margin_change": -0.32226616572793076
    },
    {
      "date": "2025-06-30T00:00:00",
      "quarter_label": "2025-06 (Q2)",
      "revenue": 1449500000,
      "gross_profit": 541100000,
      "operating_income": 335000000,
      "net_income": 255800000,
      "opex": 206100000,
      "cogs": 908400000,
      "rd": 11100000,
      "sga": 196900000,
      "fcf": 258300000,
      "ocf": 287100000,
      "capex": -28800000,
      "gross_margin": 0.3733011383235598,
      "op_margin": 0.2311141773025181,
      "fcf_margin": 0.1781993790962401,
      "incr_op_margin_yoy": 38.63636363636363,
      "rev_growth_yoy": -0.0007583069074865573,
      "rev_growth_yoy_accel": -0.00011991201464570003,
      "op_leverage_ratio": 16.30835234531849,
      "fcf_margin_change": 0.20302142691518515
    },
    {
      "date": "2025-09-30T00:00:00",
      "quarter_label": "2025-09 (Q3)",
      "revenue": 1346900000,
      "gross_profit": 485200000,
      "operating_income": 293900000,
      "net_income": 214200000,
      "opex": 191300000,
      "cogs": 861700000,
      "rd": 12400000,
      "sga": 177900000,
      "fcf": 393400000,
      "ocf": 426900000,
      "capex": -33500000,
      "gross_margin": 0.36023461281461133,
      "op_margin": 0.21820476650085383,
      "fcf_margin": 0.2920781052787883,
      "incr_op_margin_yoy": -1.6917293233082706,
      "rev_growth_yoy": 0.009973005398920216,
      "rev_growth_yoy_accel": 0.010731312306406773,
      "fcf_margin_change": 0.11387872618254821
    },
    {
      "date": "2025-12-31T00:00:00",
      "quarter_label": "2025-12 (Q4)",
      "revenue": 1127700000,
      "gross_profit": 380600000,
      "operating_income": 190000000,
      "net_income": 127400000,
      "opex": 190600000,
      "cogs": 747100000,
      "rd": 12900000,
      "sga": 176600000,
      "fcf": 346100000,
      "ocf": 386000000,
      "capex": -39900000,
      "gross_margin": 0.33750110845082915,
      "op_margin": 0.16848452602642547,
      "fcf_margin": 0.30690786556708344,
      "incr_op_margin_yoy": -7.083333333333333,
      "rev_growth_yoy": 0.004274646005877639,
      "rev_growth_yoy_accel": -0.005698359393042578,
      "fcf_margin_change": 0.014829760288295135
    }
  ],
  "signals": [
    {
      "quarter": "2025-09 (Q3)",
      "signal": "FCF MARGIN EXPANSION",
      "detail": "FCF margin: +17.8% -> +29.2% (+11.4%)",
      "severity": "MEDIUM"
    },
    {
      "quarter": "2025-06 (Q2)",
      "signal": "FCF TURNED POSITIVE",
      "detail": "FCF margin: -2.5% -> +17.8%",
      "severity": "HIGH"
    },
    {
      "quarter": "2025-06 (Q2)",
      "signal": "OPERATING LEVERAGE",
      "detail": "Rev growth +32.3% vs OpEx growth +2.0% (leverage: 16.3x)",
      "severity": "MEDIUM"
    },
    {
      "quarter": "2025-06 (Q2)",
      "signal": "GROSS MARGIN INFLECTION",
      "detail": "GM: +36.1% -> +35.2% -> +37.3% (reversal +2.1%)",
      "severity": "MEDIUM"
    },
    {
      "quarter": "2025-06 (Q2)",
      "signal": "INCREMENTAL MARGIN (YoY)",
      "detail": "YoY Incr OPM: +3863.6% vs year-ago OPM: +26.0%",
      "severity": "HIGH"
    },
    {
      "quarter": "2024-12 (Q4)",
      "signal": "FCF MARGIN EXPANSION",
      "detail": "FCF margin: +22.0% -> +29.7% (+7.7%)",
      "severity": "MEDIUM"
    },
    {
      "quarter": "2024-12 (Q4)",
      "signal": "YoY REVENUE GROWTH DECELERATION",
      "detail": "YoY growth: -0.4% vs prior quarter YoY: +5.9% (decel: -6.3%)",
      "severity": "WARNING"
    },
    {
      "quarter": "2024-12 (Q4)",
      "signal": "INCREMENTAL MARGIN (YoY)",
      "detail": "YoY Incr OPM: +643.5% vs year-ago OPM: +22.5%",
      "severity": "HIGH"
    },
    {
      "quarter": "2024-09 (Q3)",
      "signal": "FCF MARGIN EXPANSION",
      "detail": "FCF margin: +10.9% -> +22.0% (+11.1%)",
      "severity": "MEDIUM"
    },
    {
      "quarter": "2024-09 (Q3)",
      "signal": "YoY REVENUE GROWTH ACCELERATION",
      "detail": "YoY growth: +5.9% vs prior quarter YoY: -4.9% (accel: +10.8%)",
      "severity": "MEDIUM"
    },
    {
      "quarter": "2024-06 (Q2)",
      "signal": "OPERATING LEVERAGE",
      "detail": "Rev growth +32.3% vs OpEx growth +10.2% (leverage: 3.2x)",
      "severity": "MEDIUM"
    },
    {
      "quarter": "2024-06 (Q2)",
      "signal": "GROSS MARGIN INFLECTION",
      "detail": "GM: +37.2% -> +36.4% -> +39.2% (reversal +2.8%)",
      "severity": "MEDIUM"
    },
    {
      "quarter": "2024-03 (Q1)",
      "signal": "YoY REVENUE GROWTH DECELERATION",
      "detail": "YoY growth: -7.0% vs prior quarter YoY: -1.9% (decel: -5.0%)",
      "severity": "WARNING"
    },
    {
      "quarter": "2023-12 (Q4)",
      "signal": "YoY REVENUE GROWTH ACCELERATION",
      "detail": "YoY growth: -1.9% vs prior quarter YoY: -29.8% (accel: +27.8%)",
      "severity": "HIGH"
    },
    {
      "quarter": "2023-09 (Q3)",
      "signal": "FCF MARGIN EXPANSION",
      "detail": "FCF margin: +12.5% -> +32.2% (+19.7%)",
      "severity": "MEDIUM"
    },
    {
      "quarter": "2023-09 (Q3)",
      "signal": "YoY REVENUE GROWTH DECELERATION",
      "detail": "YoY growth: -29.8% vs prior quarter YoY: -17.4% (decel: -12.4%)",
      "severity": "WARNING"
    },
    {
      "quarter": "2023-06 (Q2)",
      "signal": "OPERATING LEVERAGE",
      "detail": "Rev growth +29.4% vs OpEx growth +14.9% (leverage: 2.0x)",
      "severity": "MEDIUM"
    },
    {
      "quarter": "2023-06 (Q2)",
      "signal": "GROSS MARGIN INFLECTION",
      "detail": "GM: +30.9% -> +23.0% -> +31.3% (reversal +8.3%)",
      "severity": "HIGH"
    },
    {
      "quarter": "2023-03 (Q1)",
      "signal": "INCREMENTAL MARGIN (YoY)",
      "detail": "YoY Incr OPM: +42.9% vs year-ago OPM: +18.5%",
      "severity": "HIGH"
    },
    {
      "quarter": "2022-12 (Q4)",
      "signal": "FCF MARGIN EXPANSION",
      "detail": "FCF margin: +17.7% -> +31.2% (+13.6%)",
      "severity": "MEDIUM"
    },
    {
      "quarter": "2022-12 (Q4)",
      "signal": "GROSS MARGIN INFLECTION",
      "detail": "GM: +30.4% -> +28.7% -> +30.9% (reversal +2.2%)",
      "severity": "MEDIUM"
    },
    {
      "quarter": "2022-12 (Q4)",
      "signal": "YoY REVENUE GROWTH DECELERATION",
      "detail": "YoY growth: -16.4% vs prior quarter YoY: +36.4% (decel: -52.8%)",
      "severity": "WARNING"
    },
    {
      "quarter": "2022-09 (Q3)",
      "signal": "FCF MARGIN EXPANSION",
      "detail": "FCF margin: +6.9% -> +17.7% (+10.8%)",
      "severity": "MEDIUM"
    },
    {
      "quarter": "2022-09 (Q3)",
      "signal": "YoY REVENUE GROWTH DECELERATION",
      "detail": "YoY growth: +36.4% vs prior quarter YoY: +56.8% (decel: -20.4%)",
      "severity": "WARNING"
    },
    {
      "quarter": "2022-09 (Q3)",
      "signal": "INCREMENTAL MARGIN (YoY)",
      "detail": "YoY Incr OPM: +38.0% vs year-ago OPM: +12.7%",
      "severity": "HIGH"
    },
    {
      "quarter": "2022-06 (Q2)",
      "signal": "FCF MARGIN EXPANSION",
      "detail": "FCF margin: +0.9% -> +6.9% (+6.0%)",
      "severity": "MEDIUM"
    },
    {
      "quarter": "2022-06 (Q2)",
      "signal": "YoY REVENUE GROWTH ACCELERATION",
      "detail": "YoY growth: +56.8% vs prior quarter YoY: +45.4% (accel: +11.4%)",
      "severity": "MEDIUM"
    },
    {
      "quarter": "2022-06 (Q2)",
      "signal": "INCREMENTAL MARGIN (YoY)",
      "detail": "YoY Incr OPM: +41.4% vs year-ago OPM: +11.4%",
      "severity": "HIGH"
    },
    {
      "quarter": "2022-03 (Q1)",
      "signal": "INCREMENTAL MARGIN (YoY)",
      "detail": "YoY Incr OPM: +40.2% vs year-ago OPM: +8.7%",
      "severity": "HIGH"
    },
    {
      "quarter": "2021-12 (Q4)",
      "signal": "OPERATING LEVERAGE",
      "detail": "Rev growth +4.6% vs OpEx growth +1.4% (leverage: 3.2x)",
      "severity": "MEDIUM"
    },
    {
      "quarter": "2021-06 (Q2)",
      "signal": "OPERATING LEVERAGE",
      "detail": "Rev growth +14.5% vs OpEx growth +1.0% (leverage: 14.6x)",
      "severity": "MEDIUM"
    }
  ],
  "data_quality": {
    "n_quarters": 20,
    "coverage": {
      "revenue": [
        20,
        20
      ],
      "gross_profit": [
        20,
        20
      ],
      "op_income": [
        20,
        20
      ],
      "fcf": [
        20,
        20
      ]
    },
    "gaps": [],
    "warnings": []
  },
  "market_cap": null,
  "source": "SEC EDGAR",
  "last_updated": "2026-02-24T10:41:03.083915"
}