{
  "ticker": "CSPI",
  "name": "CSP\u00a0Inc.",
  "quarters": [
    {
      "date": "2020-12-31T00:00:00",
      "quarter_label": "2020-12 (Q4)",
      "revenue": 11388000,
      "gross_profit": 3378000,
      "operating_income": -537000,
      "net_income": 1151000,
      "opex": 3915000,
      "cogs": 8010000,
      "rd": 729000,
      "sga": 3186000,
      "fcf": 1534000,
      "ocf": 1567000,
      "capex": -33000,
      "gross_margin": 0.2966280295047418,
      "op_margin": -0.04715489989462592,
      "fcf_margin": 0.13470319634703196
    },
    {
      "date": "2021-03-31T00:00:00",
      "quarter_label": "2021-03 (Q1)",
      "revenue": 14088000,
      "gross_profit": 4368000,
      "operating_income": -121000,
      "net_income": -847000,
      "opex": 4489000,
      "cogs": 9720000,
      "rd": 762000,
      "sga": 3727000,
      "fcf": 235000,
      "ocf": 245000,
      "capex": -10000,
      "gross_margin": 0.3100511073253833,
      "op_margin": -0.008588869960249858,
      "fcf_margin": 0.016680863145939806,
      "op_leverage_ratio": 1.6170974030980712,
      "fcf_margin_change": -0.11802233320109215
    },
    {
      "date": "2021-06-30T00:00:00",
      "quarter_label": "2021-06 (Q2)",
      "revenue": 13721000,
      "gross_profit": 4229000,
      "operating_income": -357000,
      "net_income": -423000,
      "opex": 4586000,
      "cogs": 9492000,
      "rd": 700000,
      "sga": 3886000,
      "fcf": -976000,
      "ocf": -935000,
      "capex": -41000,
      "gross_margin": 0.3082136870490489,
      "op_margin": -0.026018511770279133,
      "fcf_margin": -0.07113184170249982,
      "fcf_margin_change": -0.08781270484843963
    },
    {
      "date": "2021-09-30T00:00:00",
      "quarter_label": "2021-09 (Q3)",
      "revenue": 10011000,
      "gross_profit": 4174000,
      "operating_income": -347000,
      "net_income": 818000,
      "opex": 4521000,
      "cogs": 5837000,
      "rd": 696000,
      "sga": 3825000,
      "fcf": 1012000,
      "ocf": 1026000,
      "capex": -14000,
      "gross_margin": 0.41694136449905106,
      "op_margin": -0.03466187194086505,
      "fcf_margin": 0.10108880231745081,
      "fcf_margin_change": 0.17222064401995063
    },
    {
      "date": "2021-12-31T00:00:00",
      "quarter_label": "2021-12 (Q4)",
      "revenue": 12369000,
      "gross_profit": 3614000,
      "operating_income": -396000,
      "net_income": -366000,
      "opex": 4010000,
      "cogs": 8755000,
      "rd": 627000,
      "sga": 3383000,
      "fcf": -412000,
      "ocf": -275000,
      "capex": -137000,
      "gross_margin": 0.29218206807340935,
      "op_margin": -0.032015522677661896,
      "fcf_margin": -0.03330907914948662,
      "rev_growth_yoy": 0.08614330874604847,
      "op_leverage_ratio": Infinity,
      "fcf_margin_change": -0.13439788146693743
    },
    {
      "date": "2022-03-31T00:00:00",
      "quarter_label": "2022-03 (Q1)",
      "revenue": 11981000,
      "gross_profit": 4200000,
      "operating_income": -24000,
      "net_income": 156000,
      "opex": 4224000,
      "cogs": 7781000,
      "rd": 717000,
      "sga": 3507000,
      "fcf": 1490000,
      "ocf": 1548000,
      "capex": -58000,
      "gross_margin": 0.35055504548869043,
      "op_margin": -0.0020031716885068026,
      "fcf_margin": 0.12436357566146398,
      "incr_op_margin_yoy": -0.04603701945894637,
      "rev_growth_yoy": -0.14955990914253264,
      "rev_growth_yoy_accel": -0.23570321788858112,
      "fcf_margin_change": 0.1576726548109506
    },
    {
      "date": "2022-06-30T00:00:00",
      "quarter_label": "2022-06 (Q2)",
      "revenue": 13326000,
      "gross_profit": 4974000,
      "operating_income": 19000,
      "net_income": 684000,
      "opex": 4955000,
      "cogs": 8352000,
      "rd": 884000,
      "sga": 4071000,
      "fcf": -1081000,
      "ocf": -1053000,
      "capex": -28000,
      "gross_margin": 0.3732552904097253,
      "op_margin": 0.0014257841812997149,
      "fcf_margin": -0.08111961578868378,
      "rev_growth_yoy": -0.028787989213614168,
      "rev_growth_yoy_accel": 0.12077191992891848,
      "op_leverage_ratio": 0.6486878277747337,
      "fcf_margin_change": -0.20548319145014776
    },
    {
      "date": "2022-09-30T00:00:00",
      "quarter_label": "2022-09 (Q3)",
      "revenue": 16685000,
      "gross_profit": 6039000,
      "operating_income": 361000,
      "net_income": 1415000,
      "opex": 5678000,
      "cogs": 10646000,
      "rd": 856000,
      "sga": 4822000,
      "fcf": 2444000,
      "ocf": 2455000,
      "capex": -11000,
      "gross_margin": 0.3619418639496554,
      "op_margin": 0.021636200179802216,
      "fcf_margin": 0.14647887323943662,
      "incr_op_margin_yoy": 0.10608330836080311,
      "rev_growth_yoy": 0.6666666666666666,
      "rev_growth_yoy_accel": 0.6954546558802808,
      "op_leverage_ratio": 1.727490057290846,
      "fcf_margin_change": 0.2275984890281204
    },
    {
      "date": "2022-12-31T00:00:00",
      "quarter_label": "2022-12 (Q4)",
      "revenue": 18344000,
      "gross_profit": 5817000,
      "operating_income": 1364000,
      "net_income": 961000,
      "opex": 4453000,
      "cogs": 12527000,
      "rd": 836000,
      "sga": 3617000,
      "fcf": -4271000,
      "ocf": -4227000,
      "capex": -44000,
      "gross_margin": 0.3171064108155255,
      "op_margin": 0.07435673789795029,
      "fcf_margin": -0.23282817269952027,
      "incr_op_margin_yoy": 0.29456066945606696,
      "rev_growth_yoy": 0.483062494947045,
      "rev_growth_yoy_accel": -0.18360417171962162,
      "op_leverage_ratio": Infinity,
      "fcf_margin_change": -0.3793070459389569
    },
    {
      "date": "2023-03-31T00:00:00",
      "quarter_label": "2023-03 (Q1)",
      "revenue": 13269000,
      "gross_profit": 4990000,
      "operating_income": 237000,
      "net_income": 321000,
      "opex": 4753000,
      "cogs": 8279000,
      "rd": 858000,
      "sga": 3895000,
      "fcf": -435000,
      "ocf": -298000,
      "capex": -137000,
      "gross_margin": 0.37606451126686263,
      "op_margin": 0.017861180194438164,
      "fcf_margin": -0.032783178837892835,
      "incr_op_margin_yoy": 0.20263975155279504,
      "rev_growth_yoy": 0.1075035472831984,
      "rev_growth_yoy_accel": -0.3755589476638466,
      "fcf_margin_change": 0.20004499386162744
    },
    {
      "date": "2023-06-30T00:00:00",
      "quarter_label": "2023-06 (Q2)",
      "revenue": 17708000,
      "gross_profit": 5927000,
      "operating_income": 575000,
      "net_income": 2514000,
      "opex": 5352000,
      "cogs": 11781000,
      "rd": 741000,
      "sga": 4611000,
      "fcf": -457000,
      "ocf": -423000,
      "capex": -34000,
      "gross_margin": 0.334707476846623,
      "op_margin": 0.03247119945787215,
      "fcf_margin": -0.025807544612604472,
      "incr_op_margin_yoy": 0.12688270196257417,
      "rev_growth_yoy": 0.32883085697133424,
      "rev_growth_yoy_accel": 0.22132730968813585,
      "op_leverage_ratio": 2.6545318641577498,
      "fcf_margin_change": 0.006975634225288362
    },
    {
      "date": "2023-09-30T00:00:00",
      "quarter_label": "2023-09 (Q3)",
      "revenue": 15326000,
      "gross_profit": 5186000,
      "operating_income": -306000,
      "net_income": 1408000,
      "opex": 5492000,
      "cogs": 10140000,
      "rd": 705000,
      "sga": 4787000,
      "fcf": 8844000,
      "ocf": 8855000,
      "capex": -11000,
      "gross_margin": 0.33837922484666577,
      "op_margin": -0.019966070729479316,
      "fcf_margin": 0.5770585932402453,
      "incr_op_margin_yoy": 0.49080206033848417,
      "rev_growth_yoy": -0.08145040455498952,
      "rev_growth_yoy_accel": -0.41028126152632377,
      "fcf_margin_change": 0.6028661378528498
    },
    {
      "date": "2023-12-31T00:00:00",
      "quarter_label": "2023-12 (Q4)",
      "revenue": 15375000,
      "gross_profit": 4095000,
      "operating_income": -343000,
      "net_income": -73000,
      "opex": 4438000,
      "cogs": 11280000,
      "rd": 700000,
      "sga": 3738000,
      "fcf": 1553000,
      "ocf": 1673000,
      "capex": -120000,
      "gross_margin": 0.26634146341463416,
      "op_margin": -0.022308943089430894,
      "fcf_margin": 0.10100813008130081,
      "incr_op_margin_yoy": 0.5749410575951499,
      "rev_growth_yoy": -0.1618512865242041,
      "rev_growth_yoy_accel": -0.08040088196921459,
      "fcf_margin_change": -0.4760504631589445
    },
    {
      "date": "2024-03-31T00:00:00",
      "quarter_label": "2024-03 (Q1)",
      "revenue": 13706000,
      "gross_profit": 6478000,
      "operating_income": 1234000,
      "net_income": 1588000,
      "opex": 5244000,
      "cogs": 7228000,
      "rd": 726000,
      "sga": 4518000,
      "fcf": 1637000,
      "ocf": 1651000,
      "capex": -14000,
      "gross_margin": 0.47263971983073105,
      "op_margin": 0.0900335619436743,
      "fcf_margin": 0.11943674303224865,
      "rev_growth_yoy": 0.032933906096917626,
      "rev_growth_yoy_accel": 0.19478519262112173,
      "fcf_margin_change": 0.01842861295094783
    },
    {
      "date": "2024-06-30T00:00:00",
      "quarter_label": "2024-06 (Q2)",
      "revenue": 13105000,
      "gross_profit": 4582000,
      "operating_income": -720000,
      "net_income": -185000,
      "opex": 5302000,
      "cogs": 8523000,
      "rd": 737000,
      "sga": 4565000,
      "fcf": 2352000,
      "ocf": 2397000,
      "capex": -45000,
      "gross_margin": 0.34963754292254867,
      "op_margin": -0.05494086226631057,
      "fcf_margin": 0.1794734834032812,
      "incr_op_margin_yoy": 0.2813382576580491,
      "rev_growth_yoy": -0.2599390106166704,
      "rev_growth_yoy_accel": -0.29287291671358806,
      "fcf_margin_change": 0.06003674037103256
    },
    {
      "date": "2024-09-30T00:00:00",
      "quarter_label": "2024-09 (Q3)",
      "revenue": 13033000,
      "gross_profit": 3700000,
      "operating_income": -2043000,
      "net_income": -1656000,
      "opex": 5743000,
      "cogs": 9333000,
      "rd": 793000,
      "sga": 4950000,
      "fcf": -1525000,
      "ocf": -1508000,
      "capex": -17000,
      "gross_margin": 0.2838947287654416,
      "op_margin": -0.15675592726156679,
      "fcf_margin": -0.11701066523440497,
      "incr_op_margin_yoy": 0.757522895769734,
      "rev_growth_yoy": -0.14961503327678455,
      "rev_growth_yoy_accel": 0.11032397733988586,
      "fcf_margin_change": -0.2964841486376862
    },
    {
      "date": "2024-12-31T00:00:00",
      "quarter_label": "2024-12 (Q4)",
      "revenue": 15670000,
      "gross_profit": 4564000,
      "operating_income": -354000,
      "net_income": 472000,
      "opex": 4918000,
      "cogs": 11106000,
      "rd": 786000,
      "sga": 4132000,
      "fcf": 1694000,
      "ocf": 1741000,
      "capex": -47000,
      "gross_margin": 0.29125717932354817,
      "op_margin": -0.02259093809827696,
      "fcf_margin": 0.10810465858328015,
      "rev_growth_yoy": 0.0191869918699187,
      "rev_growth_yoy_accel": 0.16880202514670326,
      "op_leverage_ratio": Infinity,
      "fcf_margin_change": 0.22511532381768512
    },
    {
      "date": "2025-03-31T00:00:00",
      "quarter_label": "2025-03 (Q1)",
      "revenue": 13147000,
      "gross_profit": 4207000,
      "operating_income": -994000,
      "net_income": -108000,
      "opex": 5201000,
      "cogs": 8940000,
      "rd": 763000,
      "sga": 4438000,
      "fcf": 1905000,
      "ocf": 1912000,
      "capex": -7000,
      "gross_margin": 0.3199969574807941,
      "op_margin": -0.07560660226667681,
      "fcf_margin": 0.14489997718110595,
      "rev_growth_yoy": -0.04078505763899022,
      "rev_growth_yoy_accel": -0.05997204950890892,
      "fcf_margin_change": 0.036795318597825796
    },
    {
      "date": "2025-06-30T00:00:00",
      "quarter_label": "2025-06 (Q2)",
      "revenue": 15448000,
      "gross_profit": 4453000,
      "operating_income": -1223000,
      "net_income": -264000,
      "opex": 5676000,
      "cogs": 10995000,
      "rd": 791000,
      "sga": 4885000,
      "fcf": -3349000,
      "ocf": -3283000,
      "capex": -66000,
      "gross_margin": 0.28825737959606423,
      "op_margin": -0.07916882444329364,
      "fcf_margin": -0.21679181771103057,
      "incr_op_margin_yoy": -0.21468203158344004,
      "rev_growth_yoy": 0.17878672262495232,
      "rev_growth_yoy_accel": 0.21957178026394253,
      "op_leverage_ratio": 1.9163869283766959,
      "fcf_margin_change": -0.36169179489213654
    },
    {
      "date": "2025-09-30T00:00:00",
      "quarter_label": "2025-09 (Q3)",
      "revenue": 14465000,
      "gross_profit": 5287000,
      "operating_income": -538000,
      "net_income": -191000,
      "opex": 5825000,
      "cogs": 9178000,
      "rd": 910000,
      "sga": 4915000,
      "fcf": 1670000,
      "ocf": 1898000,
      "capex": -228000,
      "gross_margin": 0.36550293812651224,
      "op_margin": -0.03719322502592465,
      "fcf_margin": 0.11545108883511926,
      "incr_op_margin_yoy": 1.050977653631285,
      "rev_growth_yoy": 0.10987493286273306,
      "rev_growth_yoy_accel": -0.06891178976221926,
      "fcf_margin_change": 0.33224290654614985
    }
  ],
  "signals": [
    {
      "quarter": "2025-09 (Q3)",
      "signal": "FCF TURNED POSITIVE",
      "detail": "FCF margin: -21.7% -> +11.5%",
      "severity": "HIGH"
    },
    {
      "quarter": "2025-09 (Q3)",
      "signal": "GROSS MARGIN INFLECTION",
      "detail": "GM: +32.0% -> +28.8% -> +36.6% (reversal +7.7%)",
      "severity": "HIGH"
    },
    {
      "quarter": "2025-09 (Q3)",
      "signal": "YoY REVENUE GROWTH DECELERATION",
      "detail": "YoY growth: +11.0% vs prior quarter YoY: +17.9% (decel: -6.9%)",
      "severity": "WARNING"
    },
    {
      "quarter": "2025-06 (Q2)",
      "signal": "OPERATING LEVERAGE",
      "detail": "Rev growth +17.5% vs OpEx growth +9.1% (leverage: 1.9x)",
      "severity": "MEDIUM"
    },
    {
      "quarter": "2025-06 (Q2)",
      "signal": "YoY REVENUE GROWTH ACCELERATION",
      "detail": "YoY growth: +17.9% vs prior quarter YoY: -4.1% (accel: +22.0%)",
      "severity": "HIGH"
    },
    {
      "quarter": "2025-03 (Q1)",
      "signal": "YoY REVENUE GROWTH DECELERATION",
      "detail": "YoY growth: -4.1% vs prior quarter YoY: +1.9% (decel: -6.0%)",
      "severity": "WARNING"
    },
    {
      "quarter": "2024-12 (Q4)",
      "signal": "FCF TURNED POSITIVE",
      "detail": "FCF margin: -11.7% -> +10.8%",
      "severity": "HIGH"
    },
    {
      "quarter": "2024-12 (Q4)",
      "signal": "YoY REVENUE GROWTH ACCELERATION",
      "detail": "YoY growth: +1.9% vs prior quarter YoY: -15.0% (accel: +16.9%)",
      "severity": "HIGH"
    },
    {
      "quarter": "2024-09 (Q3)",
      "signal": "YoY REVENUE GROWTH ACCELERATION",
      "detail": "YoY growth: -15.0% vs prior quarter YoY: -26.0% (accel: +11.0%)",
      "severity": "MEDIUM"
    },
    {
      "quarter": "2024-06 (Q2)",
      "signal": "FCF MARGIN EXPANSION",
      "detail": "FCF margin: +11.9% -> +17.9% (+6.0%)",
      "severity": "MEDIUM"
    },
    {
      "quarter": "2024-06 (Q2)",
      "signal": "YoY REVENUE GROWTH DECELERATION",
      "detail": "YoY growth: -26.0% vs prior quarter YoY: +3.3% (decel: -29.3%)",
      "severity": "WARNING"
    },
    {
      "quarter": "2024-03 (Q1)",
      "signal": "GROSS MARGIN INFLECTION",
      "detail": "GM: +33.8% -> +26.6% -> +47.3% (reversal +20.6%)",
      "severity": "HIGH"
    },
    {
      "quarter": "2024-03 (Q1)",
      "signal": "YoY REVENUE GROWTH ACCELERATION",
      "detail": "YoY growth: +3.3% vs prior quarter YoY: -16.2% (accel: +19.5%)",
      "severity": "HIGH"
    },
    {
      "quarter": "2024-03 (Q1)",
      "signal": "OP MARGIN TURNED POSITIVE (QoQ)",
      "detail": "Op margin: -2.2% -> +9.0%",
      "severity": "HIGH"
    },
    {
      "quarter": "2023-12 (Q4)",
      "signal": "YoY REVENUE GROWTH DECELERATION",
      "detail": "YoY growth: -16.2% vs prior quarter YoY: -8.1% (decel: -8.0%)",
      "severity": "WARNING"
    },
    {
      "quarter": "2023-09 (Q3)",
      "signal": "FCF TURNED POSITIVE",
      "detail": "FCF margin: -2.6% -> +57.7%",
      "severity": "HIGH"
    },
    {
      "quarter": "2023-09 (Q3)",
      "signal": "YoY REVENUE GROWTH DECELERATION",
      "detail": "YoY growth: -8.1% vs prior quarter YoY: +32.9% (decel: -41.0%)",
      "severity": "WARNING"
    },
    {
      "quarter": "2023-06 (Q2)",
      "signal": "OPERATING LEVERAGE",
      "detail": "Rev growth +33.5% vs OpEx growth +12.6% (leverage: 2.7x)",
      "severity": "MEDIUM"
    },
    {
      "quarter": "2023-06 (Q2)",
      "signal": "YoY REVENUE GROWTH ACCELERATION",
      "detail": "YoY growth: +32.9% vs prior quarter YoY: +10.8% (accel: +22.1%)",
      "severity": "HIGH"
    },
    {
      "quarter": "2023-06 (Q2)",
      "signal": "INCREMENTAL MARGIN (YoY)",
      "detail": "YoY Incr OPM: +12.7% vs year-ago OPM: +0.1%",
      "severity": "MEDIUM"
    },
    {
      "quarter": "2023-03 (Q1)",
      "signal": "FCF MARGIN EXPANSION",
      "detail": "FCF margin: -23.3% -> -3.3% (+20.0%)",
      "severity": "MEDIUM"
    },
    {
      "quarter": "2023-03 (Q1)",
      "signal": "GROSS MARGIN INFLECTION",
      "detail": "GM: +36.2% -> +31.7% -> +37.6% (reversal +5.9%)",
      "severity": "HIGH"
    },
    {
      "quarter": "2023-03 (Q1)",
      "signal": "YoY REVENUE GROWTH DECELERATION",
      "detail": "YoY growth: +10.8% vs prior quarter YoY: +48.3% (decel: -37.6%)",
      "severity": "WARNING"
    },
    {
      "quarter": "2023-03 (Q1)",
      "signal": "OP MARGIN TURNED POSITIVE (YoY)",
      "detail": "Op margin: -0.2% (year-ago) -> +1.8%",
      "severity": "HIGH"
    },
    {
      "quarter": "2022-12 (Q4)",
      "signal": "YoY REVENUE GROWTH DECELERATION",
      "detail": "YoY growth: +48.3% vs prior quarter YoY: +66.7% (decel: -18.4%)",
      "severity": "WARNING"
    },
    {
      "quarter": "2022-12 (Q4)",
      "signal": "OP MARGIN TURNED POSITIVE (YoY)",
      "detail": "Op margin: -3.2% (year-ago) -> +7.4%",
      "severity": "HIGH"
    },
    {
      "quarter": "2022-09 (Q3)",
      "signal": "FCF TURNED POSITIVE",
      "detail": "FCF margin: -8.1% -> +14.6%",
      "severity": "HIGH"
    },
    {
      "quarter": "2022-09 (Q3)",
      "signal": "OPERATING LEVERAGE",
      "detail": "Rev growth +25.2% vs OpEx growth +14.6% (leverage: 1.7x)",
      "severity": "MEDIUM"
    },
    {
      "quarter": "2022-09 (Q3)",
      "signal": "YoY REVENUE GROWTH ACCELERATION",
      "detail": "YoY growth: +66.7% vs prior quarter YoY: -2.9% (accel: +69.5%)",
      "severity": "HIGH"
    },
    {
      "quarter": "2022-09 (Q3)",
      "signal": "OP MARGIN TURNED POSITIVE (YoY)",
      "detail": "Op margin: -3.5% (year-ago) -> +2.2%",
      "severity": "HIGH"
    },
    {
      "quarter": "2022-06 (Q2)",
      "signal": "YoY REVENUE GROWTH ACCELERATION",
      "detail": "YoY growth: -2.9% vs prior quarter YoY: -15.0% (accel: +12.1%)",
      "severity": "MEDIUM"
    },
    {
      "quarter": "2022-06 (Q2)",
      "signal": "OP MARGIN TURNED POSITIVE (YoY)",
      "detail": "Op margin: -2.6% (year-ago) -> +0.1%",
      "severity": "HIGH"
    },
    {
      "quarter": "2022-06 (Q2)",
      "signal": "OP MARGIN TURNED POSITIVE (QoQ)",
      "detail": "Op margin: -0.2% -> +0.1%",
      "severity": "HIGH"
    },
    {
      "quarter": "2022-03 (Q1)",
      "signal": "FCF TURNED POSITIVE",
      "detail": "FCF margin: -3.3% -> +12.4%",
      "severity": "HIGH"
    },
    {
      "quarter": "2022-03 (Q1)",
      "signal": "GROSS MARGIN INFLECTION",
      "detail": "GM: +41.7% -> +29.2% -> +35.1% (reversal +5.8%)",
      "severity": "HIGH"
    },
    {
      "quarter": "2022-03 (Q1)",
      "signal": "YoY REVENUE GROWTH DECELERATION",
      "detail": "YoY growth: -15.0% vs prior quarter YoY: +8.6% (decel: -23.6%)",
      "severity": "WARNING"
    },
    {
      "quarter": "2021-09 (Q3)",
      "signal": "FCF TURNED POSITIVE",
      "detail": "FCF margin: -7.1% -> +10.1%",
      "severity": "HIGH"
    },
    {
      "quarter": "2021-09 (Q3)",
      "signal": "GROSS MARGIN INFLECTION",
      "detail": "GM: +31.0% -> +30.8% -> +41.7% (reversal +10.9%)",
      "severity": "HIGH"
    },
    {
      "quarter": "2021-03 (Q1)",
      "signal": "OPERATING LEVERAGE",
      "detail": "Rev growth +23.7% vs OpEx growth +14.7% (leverage: 1.6x)",
      "severity": "MEDIUM"
    }
  ],
  "data_quality": {
    "n_quarters": 20,
    "coverage": {
      "revenue": [
        20,
        20
      ],
      "gross_profit": [
        20,
        20
      ],
      "op_income": [
        20,
        20
      ],
      "fcf": [
        20,
        20
      ]
    },
    "gaps": [],
    "warnings": []
  },
  "market_cap": null,
  "source": "SEC EDGAR",
  "last_updated": "2026-02-02T23:17:56.448757"
}