{
  "ticker": "CSTL",
  "name": "Castle Biosciences, Inc.",
  "quarters": [
    {
      "date": "2020-12-31T00:00:00",
      "quarter_label": "2020-12 (Q4)",
      "revenue": 17299000,
      "gross_profit": 14626000,
      "operating_income": -3032000,
      "net_income": -4889000,
      "opex": 17658000,
      "cogs": 2673000,
      "rd": 4581000,
      "sga": 14959000,
      "fcf": -1019000,
      "ocf": -430000,
      "capex": -589000,
      "gross_margin": 0.845482397826464,
      "op_margin": -0.17527024683507716,
      "fcf_margin": -0.05890513902537719
    },
    {
      "date": "2021-03-31T00:00:00",
      "quarter_label": "2021-03 (Q1)",
      "revenue": 22813000,
      "gross_profit": 19785000,
      "operating_income": -4284000,
      "net_income": -4280000,
      "opex": 24069000,
      "cogs": 3028000,
      "rd": 5908000,
      "sga": 18161000,
      "fcf": -4381000,
      "ocf": -3631000,
      "capex": -750000,
      "gross_margin": 0.8672686626046553,
      "op_margin": -0.18778766492789198,
      "fcf_margin": -0.1920396265287336,
      "op_leverage_ratio": 0.8779332526382372,
      "fcf_margin_change": -0.1331344875033564
    },
    {
      "date": "2021-06-30T00:00:00",
      "quarter_label": "2021-06 (Q2)",
      "revenue": 22758000,
      "gross_profit": 19061000,
      "operating_income": -8810000,
      "net_income": -8791000,
      "opex": 27871000,
      "cogs": 3697000,
      "rd": 6793000,
      "sga": 20822000,
      "fcf": -7351000,
      "ocf": -6438000,
      "capex": -913000,
      "gross_margin": 0.837551630195975,
      "op_margin": -0.3871166183320151,
      "fcf_margin": -0.32300729413832496,
      "fcf_margin_change": -0.13096766760959136
    },
    {
      "date": "2021-09-30T00:00:00",
      "quarter_label": "2021-09 (Q3)",
      "revenue": 23475000,
      "gross_profit": 18975000,
      "operating_income": -11814000,
      "net_income": -11791000,
      "opex": 30789000,
      "cogs": 4500000,
      "rd": 7500000,
      "sga": 22595000,
      "fcf": -7060000,
      "ocf": -6133000,
      "capex": -927000,
      "gross_margin": 0.8083067092651757,
      "op_margin": -0.503258785942492,
      "fcf_margin": -0.3007454739084132,
      "op_leverage_ratio": 0.30092088217771384,
      "fcf_margin_change": 0.022261820229911744
    },
    {
      "date": "2021-12-31T00:00:00",
      "quarter_label": "2021-12 (Q4)",
      "revenue": 25039000,
      "gross_profit": 20442000,
      "operating_income": -15171000,
      "net_income": -6430000,
      "opex": 35613000,
      "cogs": 4597000,
      "rd": 9445000,
      "sga": 25160000,
      "fcf": -3674000,
      "ocf": -2781000,
      "capex": -893000,
      "gross_margin": 0.8164064060066296,
      "op_margin": -0.6058948041055953,
      "fcf_margin": -0.1467310994848037,
      "incr_op_margin_yoy": -1.5683462532299741,
      "rev_growth_yoy": 0.4474247066304411,
      "op_leverage_ratio": 0.42522562904328204,
      "fcf_margin_change": 0.15401437442360952
    },
    {
      "date": "2022-03-31T00:00:00",
      "quarter_label": "2022-03 (Q1)",
      "revenue": 26852000,
      "gross_profit": 20908000,
      "operating_income": -24516000,
      "net_income": -24623000,
      "opex": 45424000,
      "cogs": 5944000,
      "rd": 10761000,
      "sga": 30453000,
      "fcf": -21832000,
      "ocf": -21430000,
      "capex": -402000,
      "gross_margin": 0.7786384626843438,
      "op_margin": -0.9130046179055564,
      "fcf_margin": -0.8130493073141666,
      "incr_op_margin_yoy": -5.00916068333746,
      "rev_growth_yoy": 0.17704817428659098,
      "rev_growth_yoy_accel": -0.2703765323438501,
      "op_leverage_ratio": 0.2628307098087314,
      "fcf_margin_change": -0.6663182078293629
    },
    {
      "date": "2022-06-30T00:00:00",
      "quarter_label": "2022-06 (Q2)",
      "revenue": 34838000,
      "gross_profit": 27152000,
      "operating_income": -3971000,
      "net_income": -1648000,
      "opex": 31123000,
      "cogs": 7686000,
      "rd": 11926000,
      "sga": 37498000,
      "fcf": -10406000,
      "ocf": -9001000,
      "capex": -1405000,
      "gross_margin": 0.7793788391985763,
      "op_margin": -0.1139847293185602,
      "fcf_margin": -0.2986968253057007,
      "incr_op_margin_yoy": 0.4005794701986755,
      "rev_growth_yoy": 0.5308023552157483,
      "rev_growth_yoy_accel": 0.3537541809291573,
      "op_leverage_ratio": Infinity,
      "fcf_margin_change": 0.514352482008466
    },
    {
      "date": "2022-09-30T00:00:00",
      "quarter_label": "2022-09 (Q3)",
      "revenue": 37011000,
      "gross_profit": 28152000,
      "operating_income": -21536000,
      "net_income": -20249000,
      "opex": 49688000,
      "cogs": 8859000,
      "rd": 10907000,
      "sga": 36626000,
      "fcf": -7262000,
      "ocf": -5224000,
      "capex": -2038000,
      "gross_margin": 0.7606387290265056,
      "op_margin": -0.581881062386858,
      "fcf_margin": -0.19621193699170517,
      "incr_op_margin_yoy": -0.7182328605200946,
      "rev_growth_yoy": 0.5766134185303514,
      "rev_growth_yoy_accel": 0.04581106331460316,
      "op_leverage_ratio": 0.10456660567668934,
      "fcf_margin_change": 0.10248488831399552
    },
    {
      "date": "2022-12-31T00:00:00",
      "quarter_label": "2022-12 (Q4)",
      "revenue": 38338000,
      "gross_profit": 28818000,
      "operating_income": -22832000,
      "net_income": -20618000,
      "opex": 51650000,
      "cogs": 9520000,
      "rd": 11309000,
      "sga": 38426000,
      "fcf": -7787000,
      "ocf": -6000000,
      "capex": -1787000,
      "gross_margin": 0.7516824038812666,
      "op_margin": -0.5955448901872815,
      "fcf_margin": -0.20311440346392612,
      "incr_op_margin_yoy": -0.5760583502518987,
      "rev_growth_yoy": 0.5311314349614601,
      "rev_growth_yoy_accel": -0.04548198356889133,
      "op_leverage_ratio": 0.9080141504615358,
      "fcf_margin_change": -0.006902466472220953
    },
    {
      "date": "2023-03-31T00:00:00",
      "quarter_label": "2023-03 (Q1)",
      "revenue": 42037000,
      "gross_profit": 31855000,
      "operating_income": -31522000,
      "net_income": -29204000,
      "opex": 63377000,
      "cogs": 10182000,
      "rd": 14393000,
      "sga": 46762000,
      "fcf": -28777000,
      "ocf": -25439000,
      "capex": -3338000,
      "gross_margin": 0.7577848086209767,
      "op_margin": -0.7498632157385161,
      "fcf_margin": -0.6845635987344483,
      "incr_op_margin_yoy": -0.46137635824827133,
      "rev_growth_yoy": 0.5655072247877253,
      "rev_growth_yoy_accel": 0.03437578982626521,
      "op_leverage_ratio": 0.42495043581133796,
      "fcf_margin_change": -0.48144919527052216
    },
    {
      "date": "2023-06-30T00:00:00",
      "quarter_label": "2023-06 (Q2)",
      "revenue": 50138000,
      "gross_profit": 39080000,
      "operating_income": -21157000,
      "net_income": -18777000,
      "opex": 60237000,
      "cogs": 11058000,
      "rd": 13308000,
      "sga": 44681000,
      "fcf": -7821000,
      "ocf": -3786000,
      "capex": -4035000,
      "gross_margin": 0.7794487215285811,
      "op_margin": -0.4219753480394112,
      "fcf_margin": -0.15598946906537955,
      "incr_op_margin_yoy": -1.1232679738562092,
      "rev_growth_yoy": 0.43917561283655776,
      "rev_growth_yoy_accel": -0.12633161195116754,
      "op_leverage_ratio": Infinity,
      "fcf_margin_change": 0.5285741296690687
    },
    {
      "date": "2023-09-30T00:00:00",
      "quarter_label": "2023-09 (Q3)",
      "revenue": 61493000,
      "gross_profit": 50174000,
      "operating_income": -9640000,
      "net_income": -6905000,
      "opex": 59814000,
      "cogs": 11319000,
      "rd": 12923000,
      "sga": 44619000,
      "fcf": 2557000,
      "ocf": 5012000,
      "capex": -2455000,
      "gross_margin": 0.8159302684858439,
      "op_margin": -0.15676581074268617,
      "fcf_margin": 0.041581968679361876,
      "incr_op_margin_yoy": 0.4859080140511396,
      "rev_growth_yoy": 0.6614790197508849,
      "rev_growth_yoy_accel": 0.2223034069143271,
      "op_leverage_ratio": Infinity,
      "fcf_margin_change": 0.19757143774474142
    },
    {
      "date": "2023-12-31T00:00:00",
      "quarter_label": "2023-12 (Q4)",
      "revenue": 66120000,
      "gross_profit": 53697000,
      "operating_income": -5658000,
      "net_income": -2580000,
      "opex": 59355000,
      "cogs": 12423000,
      "rd": 12994000,
      "sga": 44090000,
      "fcf": 14794000,
      "ocf": 18587000,
      "capex": -3793000,
      "gross_margin": 0.8121143375680581,
      "op_margin": -0.08557168784029039,
      "fcf_margin": 0.2237447065940714,
      "incr_op_margin_yoy": 0.6181700381542006,
      "rev_growth_yoy": 0.7246596066565809,
      "rev_growth_yoy_accel": 0.06318058690569606,
      "op_leverage_ratio": Infinity,
      "fcf_margin_change": 0.18216273791470952
    },
    {
      "date": "2024-03-31T00:00:00",
      "quarter_label": "2024-03 (Q1)",
      "revenue": 72974000,
      "gross_profit": 59080000,
      "operating_income": -5471000,
      "net_income": -2534000,
      "opex": 64551000,
      "cogs": 13894000,
      "rd": 13809000,
      "sga": 48495000,
      "fcf": -15987000,
      "ocf": -6835000,
      "capex": -9152000,
      "gross_margin": 0.8096034203963055,
      "op_margin": -0.07497190780277907,
      "fcf_margin": -0.21907802779071997,
      "incr_op_margin_yoy": 0.8420661344021722,
      "rev_growth_yoy": 0.735946903917977,
      "rev_growth_yoy_accel": 0.011287297261396101,
      "op_leverage_ratio": 1.1841301035698268,
      "fcf_margin_change": -0.44282273438479136
    },
    {
      "date": "2024-06-30T00:00:00",
      "quarter_label": "2024-06 (Q2)",
      "revenue": 87002000,
      "gross_profit": 72483000,
      "operating_income": 5012000,
      "net_income": 8920000,
      "opex": 67471000,
      "cogs": 14519000,
      "rd": 14136000,
      "sga": 51088000,
      "fcf": 18769000,
      "ocf": 23998000,
      "capex": -5229000,
      "gross_margin": 0.8331187788786465,
      "op_margin": 0.05760787108342337,
      "fcf_margin": 0.21573067285809522,
      "incr_op_margin_yoy": 0.7098795572916666,
      "rev_growth_yoy": 0.7352507080457936,
      "rev_growth_yoy_accel": -0.0006961958721833916,
      "op_leverage_ratio": 4.2495968164303966,
      "fcf_margin_change": 0.43480870064881516
    },
    {
      "date": "2024-09-30T00:00:00",
      "quarter_label": "2024-09 (Q3)",
      "revenue": 85782000,
      "gross_profit": 70173000,
      "operating_income": 5079000,
      "net_income": 2269000,
      "opex": 65094000,
      "cogs": 15609000,
      "rd": 12323000,
      "sga": 50499000,
      "fcf": 16960000,
      "ocf": 23338000,
      "capex": -6378000,
      "gross_margin": 0.8180387493879835,
      "op_margin": 0.059208225501853534,
      "fcf_margin": 0.1977104753911077,
      "incr_op_margin_yoy": 0.6059944830993453,
      "rev_growth_yoy": 0.3949880474200316,
      "rev_growth_yoy_accel": -0.34026266062576205,
      "fcf_margin_change": -0.01802019746698752
    },
    {
      "date": "2024-12-31T00:00:00",
      "quarter_label": "2024-12 (Q4)",
      "revenue": 86311000,
      "gross_profit": 70128000,
      "operating_income": 4050000,
      "net_income": 9590000,
      "opex": 66078000,
      "cogs": 16183000,
      "rd": 11773000,
      "sga": 49965000,
      "fcf": 16798000,
      "ocf": 24365000,
      "capex": -7567000,
      "gross_margin": 0.81250362062773,
      "op_margin": 0.04692333538019488,
      "fcf_margin": 0.19462177474481815,
      "incr_op_margin_yoy": 0.48080828091724037,
      "rev_growth_yoy": 0.3053690260133091,
      "rev_growth_yoy_accel": -0.08961902140672245,
      "fcf_margin_change": -0.0030887006462895494
    },
    {
      "date": "2025-03-31T00:00:00",
      "quarter_label": "2025-03 (Q1)",
      "revenue": 87988000,
      "gross_profit": 71605000,
      "operating_income": -27928000,
      "net_income": -25848000,
      "opex": 99533000,
      "cogs": 16383000,
      "rd": 12588000,
      "sga": 58620000,
      "fcf": -10776000,
      "ocf": -6036000,
      "capex": -4740000,
      "gross_margin": 0.8138041551120607,
      "op_margin": -0.31740691912533525,
      "fcf_margin": -0.12247124607901078,
      "incr_op_margin_yoy": -1.4957373118422805,
      "rev_growth_yoy": 0.2057445117439088,
      "rev_growth_yoy_accel": -0.09962451426940033,
      "op_leverage_ratio": 0.038376270762520294,
      "fcf_margin_change": -0.31709302082382895
    },
    {
      "date": "2025-06-30T00:00:00",
      "quarter_label": "2025-06 (Q2)",
      "revenue": 86188000,
      "gross_profit": 68562000,
      "operating_income": -4251000,
      "net_income": 4523000,
      "opex": 72813000,
      "cogs": 17626000,
      "rd": 12787000,
      "sga": 58065000,
      "fcf": 11558000,
      "ocf": 20821000,
      "capex": -9263000,
      "gross_margin": 0.7954935721910242,
      "op_margin": -0.04932241147259479,
      "fcf_margin": 0.1341021952011881,
      "rev_growth_yoy": -0.009356106756166525,
      "rev_growth_yoy_accel": -0.2151006185000753,
      "fcf_margin_change": 0.2565734412801989
    },
    {
      "date": "2025-09-30T00:00:00",
      "quarter_label": "2025-09 (Q3)",
      "revenue": 83043000,
      "gross_profit": 64339000,
      "operating_income": -6804000,
      "net_income": -501000,
      "opex": 71143000,
      "cogs": 18704000,
      "rd": 12960000,
      "sga": 55907000,
      "fcf": 7797000,
      "ocf": 22631000,
      "capex": -14834000,
      "gross_margin": 0.7747672892356972,
      "op_margin": -0.08193345616126585,
      "fcf_margin": 0.09389111665041003,
      "incr_op_margin_yoy": 4.338444687842278,
      "rev_growth_yoy": -0.03192977547737288,
      "rev_growth_yoy_accel": -0.022573668721206353,
      "fcf_margin_change": -0.04021107855077807
    }
  ],
  "signals": [
    {
      "quarter": "2025-06 (Q2)",
      "signal": "FCF TURNED POSITIVE",
      "detail": "FCF margin: -12.2% -> +13.4%",
      "severity": "HIGH"
    },
    {
      "quarter": "2025-06 (Q2)",
      "signal": "YoY REVENUE GROWTH DECELERATION",
      "detail": "YoY growth: -0.9% vs prior quarter YoY: +20.6% (decel: -21.5%)",
      "severity": "WARNING"
    },
    {
      "quarter": "2025-03 (Q1)",
      "signal": "YoY REVENUE GROWTH DECELERATION",
      "detail": "YoY growth: +20.6% vs prior quarter YoY: +30.5% (decel: -10.0%)",
      "severity": "WARNING"
    },
    {
      "quarter": "2024-12 (Q4)",
      "signal": "YoY REVENUE GROWTH DECELERATION",
      "detail": "YoY growth: +30.5% vs prior quarter YoY: +39.5% (decel: -9.0%)",
      "severity": "WARNING"
    },
    {
      "quarter": "2024-12 (Q4)",
      "signal": "OP MARGIN TURNED POSITIVE (YoY)",
      "detail": "Op margin: -8.6% (year-ago) -> +4.7%",
      "severity": "HIGH"
    },
    {
      "quarter": "2024-09 (Q3)",
      "signal": "YoY REVENUE GROWTH DECELERATION",
      "detail": "YoY growth: +39.5% vs prior quarter YoY: +73.5% (decel: -34.0%)",
      "severity": "WARNING"
    },
    {
      "quarter": "2024-09 (Q3)",
      "signal": "OP MARGIN TURNED POSITIVE (YoY)",
      "detail": "Op margin: -15.7% (year-ago) -> +5.9%",
      "severity": "HIGH"
    },
    {
      "quarter": "2024-06 (Q2)",
      "signal": "FCF TURNED POSITIVE",
      "detail": "FCF margin: -21.9% -> +21.6%",
      "severity": "HIGH"
    },
    {
      "quarter": "2024-06 (Q2)",
      "signal": "OPERATING LEVERAGE",
      "detail": "Rev growth +19.2% vs OpEx growth +4.5% (leverage: 4.2x)",
      "severity": "MEDIUM"
    },
    {
      "quarter": "2024-06 (Q2)",
      "signal": "GROSS MARGIN INFLECTION",
      "detail": "GM: +81.2% -> +81.0% -> +83.3% (reversal +2.4%)",
      "severity": "MEDIUM"
    },
    {
      "quarter": "2024-06 (Q2)",
      "signal": "OP MARGIN TURNED POSITIVE (YoY)",
      "detail": "Op margin: -42.2% (year-ago) -> +5.8%",
      "severity": "HIGH"
    },
    {
      "quarter": "2024-06 (Q2)",
      "signal": "OP MARGIN TURNED POSITIVE (QoQ)",
      "detail": "Op margin: -7.5% -> +5.8%",
      "severity": "HIGH"
    },
    {
      "quarter": "2023-12 (Q4)",
      "signal": "FCF MARGIN EXPANSION",
      "detail": "FCF margin: +4.2% -> +22.4% (+18.2%)",
      "severity": "MEDIUM"
    },
    {
      "quarter": "2023-12 (Q4)",
      "signal": "YoY REVENUE GROWTH ACCELERATION",
      "detail": "YoY growth: +72.5% vs prior quarter YoY: +66.1% (accel: +6.3%)",
      "severity": "MEDIUM"
    },
    {
      "quarter": "2023-09 (Q3)",
      "signal": "FCF TURNED POSITIVE",
      "detail": "FCF margin: -15.6% -> +4.2%",
      "severity": "HIGH"
    },
    {
      "quarter": "2023-09 (Q3)",
      "signal": "YoY REVENUE GROWTH ACCELERATION",
      "detail": "YoY growth: +66.1% vs prior quarter YoY: +43.9% (accel: +22.2%)",
      "severity": "HIGH"
    },
    {
      "quarter": "2023-06 (Q2)",
      "signal": "FCF MARGIN EXPANSION",
      "detail": "FCF margin: -68.5% -> -15.6% (+52.9%)",
      "severity": "MEDIUM"
    },
    {
      "quarter": "2023-06 (Q2)",
      "signal": "YoY REVENUE GROWTH DECELERATION",
      "detail": "YoY growth: +43.9% vs prior quarter YoY: +56.6% (decel: -12.6%)",
      "severity": "WARNING"
    },
    {
      "quarter": "2022-09 (Q3)",
      "signal": "FCF MARGIN EXPANSION",
      "detail": "FCF margin: -29.9% -> -19.6% (+10.2%)",
      "severity": "MEDIUM"
    },
    {
      "quarter": "2022-06 (Q2)",
      "signal": "FCF MARGIN EXPANSION",
      "detail": "FCF margin: -81.3% -> -29.9% (+51.4%)",
      "severity": "MEDIUM"
    },
    {
      "quarter": "2022-06 (Q2)",
      "signal": "YoY REVENUE GROWTH ACCELERATION",
      "detail": "YoY growth: +53.1% vs prior quarter YoY: +17.7% (accel: +35.4%)",
      "severity": "HIGH"
    },
    {
      "quarter": "2022-03 (Q1)",
      "signal": "YoY REVENUE GROWTH DECELERATION",
      "detail": "YoY growth: +17.7% vs prior quarter YoY: +44.7% (decel: -27.0%)",
      "severity": "WARNING"
    },
    {
      "quarter": "2021-12 (Q4)",
      "signal": "FCF MARGIN EXPANSION",
      "detail": "FCF margin: -30.1% -> -14.7% (+15.4%)",
      "severity": "MEDIUM"
    }
  ],
  "data_quality": {
    "n_quarters": 20,
    "coverage": {
      "revenue": [
        20,
        20
      ],
      "gross_profit": [
        20,
        20
      ],
      "op_income": [
        20,
        20
      ],
      "fcf": [
        20,
        20
      ]
    },
    "gaps": [],
    "warnings": []
  },
  "market_cap": null,
  "source": "SEC EDGAR",
  "last_updated": "2026-02-02T21:54:44.544854"
}