{
  "ticker": "CSW",
  "name": "CSW INDUSTRIALS, INC.",
  "quarters": [
    {
      "date": "2021-03-31T00:00:00",
      "quarter_label": "2021-03 (Q1)",
      "revenue": 133400000,
      "gross_profit": 54000000,
      "operating_income": 16920000,
      "net_income": 9600000,
      "opex": 37080000,
      "cogs": 78430000,
      "rd": null,
      "sga": 37053000,
      "fcf": 12208000,
      "ocf": 12208000,
      "capex": null,
      "gross_margin": 0.4047976011994003,
      "op_margin": 0.12683658170914544,
      "fcf_margin": 0.09151424287856072
    },
    {
      "date": "2021-06-30T00:00:00",
      "quarter_label": "2021-06 (Q2)",
      "revenue": 161266000,
      "gross_profit": 68598000,
      "operating_income": 28474000,
      "net_income": 20048000,
      "opex": 40124000,
      "cogs": 92668000,
      "rd": null,
      "sga": 40124000,
      "fcf": 18930000,
      "ocf": 18930000,
      "capex": null,
      "gross_margin": 0.4253717460593057,
      "op_margin": 0.17656542606625078,
      "fcf_margin": 0.1173837014621805,
      "op_leverage_ratio": 2.5445669412337195,
      "fcf_margin_change": 0.025869458583619775
    },
    {
      "date": "2021-09-30T00:00:00",
      "quarter_label": "2021-09 (Q3)",
      "revenue": 155585000,
      "gross_profit": 63051000,
      "operating_income": 25892000,
      "net_income": 17996000,
      "opex": 37159000,
      "cogs": 92534000,
      "rd": null,
      "sga": 37159000,
      "fcf": 23845000,
      "ocf": 23845000,
      "capex": null,
      "gross_margin": 0.40525114888967445,
      "op_margin": 0.16641707105440756,
      "fcf_margin": 0.15326027573352186,
      "fcf_margin_change": 0.03587657427134136
    },
    {
      "date": "2021-12-31T00:00:00",
      "quarter_label": "2021-12 (Q4)",
      "revenue": 136286000,
      "gross_profit": 50042000,
      "operating_income": 12148000,
      "net_income": 8311000,
      "opex": 37894000,
      "cogs": 86244000,
      "rd": null,
      "sga": 37894000,
      "fcf": 26697000,
      "ocf": 26697000,
      "capex": null,
      "gross_margin": 0.367183716595982,
      "op_margin": 0.08913608147572018,
      "fcf_margin": 0.1958895264370515,
      "fcf_margin_change": 0.04262925070352963
    },
    {
      "date": "2022-03-31T00:00:00",
      "quarter_label": "2022-03 (Q1)",
      "revenue": 173300000,
      "gross_profit": 72300000,
      "operating_income": 30866000,
      "net_income": 18446000,
      "opex": 41434000,
      "cogs": 100957000,
      "rd": null,
      "sga": 43405000,
      "fcf": -383000,
      "ocf": -383000,
      "capex": null,
      "gross_margin": 0.4171956145412579,
      "op_margin": 0.1781073283323716,
      "fcf_margin": -0.0022100403923831506,
      "incr_op_margin_yoy": 0.3495238095238095,
      "rev_growth_yoy": 0.29910044977511246,
      "op_leverage_ratio": 2.9072472221303305,
      "fcf_margin_change": -0.19809956682943464
    },
    {
      "date": "2022-06-30T00:00:00",
      "quarter_label": "2022-06 (Q2)",
      "revenue": 199934000,
      "gross_profit": 86425000,
      "operating_income": 40873000,
      "net_income": 29443000,
      "opex": 45552000,
      "cogs": 113509000,
      "rd": null,
      "sga": 45552000,
      "fcf": 16813000,
      "ocf": 16813000,
      "capex": null,
      "gross_margin": 0.43226764832394693,
      "op_margin": 0.2044324627126952,
      "fcf_margin": 0.08409275060770054,
      "incr_op_margin_yoy": 0.32065273611254785,
      "rev_growth_yoy": 0.23977775848597968,
      "rev_growth_yoy_accel": -0.059322691289132784,
      "op_leverage_ratio": 1.5463519705894802,
      "fcf_margin_change": 0.08630279100008369
    },
    {
      "date": "2022-09-30T00:00:00",
      "quarter_label": "2022-09 (Q3)",
      "revenue": 191192000,
      "gross_profit": 80647000,
      "operating_income": 35317000,
      "net_income": 24331000,
      "opex": 45330000,
      "cogs": 110545000,
      "rd": null,
      "sga": 45330000,
      "fcf": 30480000,
      "ocf": 30480000,
      "capex": null,
      "gross_margin": 0.42181158207456376,
      "op_margin": 0.18472007196953846,
      "fcf_margin": 0.15942089627181052,
      "incr_op_margin_yoy": 0.2646951442132165,
      "rev_growth_yoy": 0.22885882315133207,
      "rev_growth_yoy_accel": -0.010918935334647606,
      "fcf_margin_change": 0.07532814566410999
    },
    {
      "date": "2022-12-31T00:00:00",
      "quarter_label": "2022-12 (Q4)",
      "revenue": 171093000,
      "gross_profit": 65798000,
      "operating_income": 23112000,
      "net_income": 15599000,
      "opex": 42686000,
      "cogs": 105295000,
      "rd": null,
      "sga": 42686000,
      "fcf": 36779000,
      "ocf": 36779000,
      "capex": null,
      "gross_margin": 0.384574471194029,
      "op_margin": 0.1350844277673546,
      "fcf_margin": 0.21496496057699613,
      "incr_op_margin_yoy": 0.31499411038009595,
      "rev_growth_yoy": 0.25539673921019035,
      "rev_growth_yoy_accel": 0.026537916058858274,
      "fcf_margin_change": 0.0555440643051856
    },
    {
      "date": "2023-03-31T00:00:00",
      "quarter_label": "2023-03 (Q1)",
      "revenue": 195685000,
      "gross_profit": 85344000,
      "operating_income": 39764000,
      "net_income": 27063000,
      "opex": 45580000,
      "cogs": 110341000,
      "rd": null,
      "sga": 45580000,
      "fcf": 37381000,
      "ocf": 37381000,
      "capex": null,
      "gross_margin": 0.4361294938293686,
      "op_margin": 0.20320412908500907,
      "fcf_margin": 0.19102639446048497,
      "incr_op_margin_yoy": 0.39749832477105207,
      "rev_growth_yoy": 0.12916907097518754,
      "rev_growth_yoy_accel": -0.1262276682350028,
      "op_leverage_ratio": 2.1200619032303996,
      "fcf_margin_change": -0.023938566116511156
    },
    {
      "date": "2023-06-30T00:00:00",
      "quarter_label": "2023-06 (Q2)",
      "revenue": 203360000,
      "gross_profit": 92167000,
      "operating_income": 45206000,
      "net_income": 30611000,
      "opex": 46961000,
      "cogs": 111193000,
      "rd": null,
      "sga": 46961000,
      "fcf": 50257000,
      "ocf": 50257000,
      "capex": null,
      "gross_margin": 0.45322088906372937,
      "op_margin": 0.22229543666404405,
      "fcf_margin": 0.2471331628638867,
      "incr_op_margin_yoy": 1.2647402218330415,
      "rev_growth_yoy": 0.017135654766072803,
      "rev_growth_yoy_accel": -0.11203341620911474,
      "op_leverage_ratio": 1.2944983160122807,
      "fcf_margin_change": 0.05610676840340173
    },
    {
      "date": "2023-09-30T00:00:00",
      "quarter_label": "2023-09 (Q3)",
      "revenue": 203653000,
      "gross_profit": 90959000,
      "operating_income": 41993000,
      "net_income": 30055000,
      "opex": 48966000,
      "cogs": 112694000,
      "rd": null,
      "sga": 48966000,
      "fcf": 44679000,
      "ocf": 44679000,
      "capex": null,
      "gross_margin": 0.4466371720524618,
      "op_margin": 0.2061987792961557,
      "fcf_margin": 0.21938788036513088,
      "incr_op_margin_yoy": 0.5357515448198379,
      "rev_growth_yoy": 0.06517532114314406,
      "rev_growth_yoy_accel": 0.04803966637707126,
      "fcf_margin_change": -0.027745282498755824
    },
    {
      "date": "2023-12-31T00:00:00",
      "quarter_label": "2023-12 (Q4)",
      "revenue": 174967000,
      "gross_profit": 73981000,
      "operating_income": 27581000,
      "net_income": 9222000,
      "opex": 46400000,
      "cogs": 100986000,
      "rd": null,
      "sga": 46400000,
      "fcf": 46978000,
      "ocf": 46978000,
      "capex": null,
      "gross_margin": 0.4228283047660416,
      "op_margin": 0.15763543982579573,
      "fcf_margin": 0.26849634502506187,
      "incr_op_margin_yoy": 1.1535880227155395,
      "rev_growth_yoy": 0.022642656333105388,
      "rev_growth_yoy_accel": -0.04253266481003867,
      "fcf_margin_change": 0.04910846465993099
    },
    {
      "date": "2024-03-31T00:00:00",
      "quarter_label": "2024-03 (Q1)",
      "revenue": 210860000,
      "gross_profit": 93638000,
      "operating_income": 44338000,
      "net_income": 31759000,
      "opex": 49300000,
      "cogs": 117222000,
      "rd": null,
      "sga": 49300000,
      "fcf": 22418000,
      "ocf": 22418000,
      "capex": null,
      "gross_margin": 0.4440766385279332,
      "op_margin": 0.2102722185336242,
      "fcf_margin": 0.10631698757469411,
      "incr_op_margin_yoy": 0.3014168039538715,
      "rev_growth_yoy": 0.07754810026317807,
      "rev_growth_yoy_accel": 0.054905443930072684,
      "op_leverage_ratio": 3.282264655620774,
      "fcf_margin_change": -0.16217935745036777
    },
    {
      "date": "2024-06-30T00:00:00",
      "quarter_label": "2024-06 (Q2)",
      "revenue": 226177000,
      "gross_profit": 107421000,
      "operating_income": 55060000,
      "net_income": 38591000,
      "opex": 52361000,
      "cogs": 118756000,
      "rd": null,
      "sga": 52361000,
      "fcf": 62655000,
      "ocf": 62655000,
      "capex": null,
      "gross_margin": 0.4749421912926602,
      "op_margin": 0.24343766165436803,
      "fcf_margin": 0.2770175570460303,
      "incr_op_margin_yoy": 0.4318709733970285,
      "rev_growth_yoy": 0.11220003933910307,
      "rev_growth_yoy_accel": 0.034651939075924995,
      "op_leverage_ratio": 1.1699386805138294,
      "fcf_margin_change": 0.17070056947133622
    },
    {
      "date": "2024-09-30T00:00:00",
      "quarter_label": "2024-09 (Q3)",
      "revenue": 227926000,
      "gross_profit": 103901000,
      "operating_income": 51549000,
      "net_income": 36051000,
      "opex": 52352000,
      "cogs": 124025000,
      "rd": null,
      "sga": 52352000,
      "fcf": 67514000,
      "ocf": 67514000,
      "capex": null,
      "gross_margin": 0.4558540929950949,
      "op_margin": 0.22616550985846284,
      "fcf_margin": 0.2962101734773567,
      "incr_op_margin_yoy": 0.39368846042928357,
      "rev_growth_yoy": 0.11918803062071268,
      "rev_growth_yoy_accel": 0.00698799128160961,
      "fcf_margin_change": 0.01919261643132636
    },
    {
      "date": "2024-12-31T00:00:00",
      "quarter_label": "2024-12 (Q4)",
      "revenue": 193649000,
      "gross_profit": 80106000,
      "operating_income": 29595000,
      "net_income": 26948000,
      "opex": 50511000,
      "cogs": 113543000,
      "rd": null,
      "sga": 50511000,
      "fcf": 10900000,
      "ocf": 10900000,
      "capex": null,
      "gross_margin": 0.4136659626437524,
      "op_margin": 0.15282805488280343,
      "fcf_margin": 0.05628740659647093,
      "incr_op_margin_yoy": 0.10780430360775077,
      "rev_growth_yoy": 0.1067744203192602,
      "rev_growth_yoy_accel": -0.01241361030145248,
      "fcf_margin_change": -0.23992276688088573
    },
    {
      "date": "2025-03-31T00:00:00",
      "quarter_label": "2025-03 (Q1)",
      "revenue": 230549000,
      "gross_profit": 101884000,
      "operating_income": 45044000,
      "net_income": 35062000,
      "opex": 56840000,
      "cogs": 128665000,
      "rd": null,
      "sga": 56840000,
      "fcf": 27293000,
      "ocf": 27293000,
      "capex": null,
      "gross_margin": 0.44191907143383835,
      "op_margin": 0.19537712156634815,
      "fcf_margin": 0.11838264316913108,
      "incr_op_margin_yoy": 0.03585758545380669,
      "rev_growth_yoy": 0.09337475101963388,
      "rev_growth_yoy_accel": -0.013399669299626313,
      "op_leverage_ratio": 1.5207645435896693,
      "fcf_margin_change": 0.06209523657266015
    },
    {
      "date": "2025-06-30T00:00:00",
      "quarter_label": "2025-06 (Q2)",
      "revenue": 263646000,
      "gross_profit": 115442000,
      "operating_income": 54876000,
      "net_income": 40925000,
      "opex": 60566000,
      "cogs": 148204000,
      "rd": null,
      "sga": 60566000,
      "fcf": 60641000,
      "ocf": 60641000,
      "capex": null,
      "gross_margin": 0.43786744346585954,
      "op_margin": 0.2081427368516875,
      "fcf_margin": 0.23000917897483747,
      "incr_op_margin_yoy": -0.004910726200325602,
      "rev_growth_yoy": 0.16566229103755023,
      "rev_growth_yoy_accel": 0.07228754001791635,
      "op_leverage_ratio": 2.1899621349340643,
      "fcf_margin_change": 0.11162653580570639
    },
    {
      "date": "2025-09-30T00:00:00",
      "quarter_label": "2025-09 (Q3)",
      "revenue": 276951000,
      "gross_profit": 119185000,
      "operating_income": 56780000,
      "net_income": 40656000,
      "opex": 62405000,
      "cogs": 157766000,
      "rd": null,
      "sga": 62405000,
      "fcf": 61826000,
      "ocf": 61826000,
      "capex": null,
      "gross_margin": 0.43034688446692737,
      "op_margin": 0.2050182162187535,
      "fcf_margin": 0.22323804571927885,
      "incr_op_margin_yoy": 0.10670066292707803,
      "rev_growth_yoy": 0.21509174030167685,
      "rev_growth_yoy_accel": 0.049429449264126624,
      "op_leverage_ratio": 1.6620376408382593,
      "fcf_margin_change": -0.0067711332555586146
    },
    {
      "date": "2025-12-31T00:00:00",
      "quarter_label": "2025-12 (Q4)",
      "revenue": 232992000,
      "gross_profit": 92443000,
      "operating_income": 17338000,
      "net_income": 10261000,
      "opex": 75105000,
      "cogs": 140549000,
      "rd": null,
      "sga": 75105000,
      "fcf": 28868000,
      "ocf": 28868000,
      "capex": null,
      "gross_margin": 0.39676469578354623,
      "op_margin": 0.0744145721741519,
      "fcf_margin": 0.12390124982832029,
      "incr_op_margin_yoy": -0.31154207864168976,
      "rev_growth_yoy": 0.20316655391972074,
      "rev_growth_yoy_accel": -0.01192518638195611,
      "fcf_margin_change": -0.09933679589095856
    }
  ],
  "signals": [
    {
      "quarter": "2025-09 (Q3)",
      "signal": "OPERATING LEVERAGE",
      "detail": "Rev growth +5.0% vs OpEx growth +3.0% (leverage: 1.7x)",
      "severity": "MEDIUM"
    },
    {
      "quarter": "2025-06 (Q2)",
      "signal": "FCF MARGIN EXPANSION",
      "detail": "FCF margin: +11.8% -> +23.0% (+11.2%)",
      "severity": "MEDIUM"
    },
    {
      "quarter": "2025-06 (Q2)",
      "signal": "OPERATING LEVERAGE",
      "detail": "Rev growth +14.4% vs OpEx growth +6.6% (leverage: 2.2x)",
      "severity": "MEDIUM"
    },
    {
      "quarter": "2025-06 (Q2)",
      "signal": "YoY REVENUE GROWTH ACCELERATION",
      "detail": "YoY growth: +16.6% vs prior quarter YoY: +9.3% (accel: +7.2%)",
      "severity": "MEDIUM"
    },
    {
      "quarter": "2025-03 (Q1)",
      "signal": "FCF MARGIN EXPANSION",
      "detail": "FCF margin: +5.6% -> +11.8% (+6.2%)",
      "severity": "MEDIUM"
    },
    {
      "quarter": "2025-03 (Q1)",
      "signal": "OPERATING LEVERAGE",
      "detail": "Rev growth +19.1% vs OpEx growth +12.5% (leverage: 1.5x)",
      "severity": "MEDIUM"
    },
    {
      "quarter": "2025-03 (Q1)",
      "signal": "GROSS MARGIN INFLECTION",
      "detail": "GM: +45.6% -> +41.4% -> +44.2% (reversal +2.8%)",
      "severity": "MEDIUM"
    },
    {
      "quarter": "2024-09 (Q3)",
      "signal": "INCREMENTAL MARGIN (YoY)",
      "detail": "YoY Incr OPM: +39.4% vs year-ago OPM: +20.6%",
      "severity": "MEDIUM"
    },
    {
      "quarter": "2024-06 (Q2)",
      "signal": "FCF MARGIN EXPANSION",
      "detail": "FCF margin: +10.6% -> +27.7% (+17.1%)",
      "severity": "MEDIUM"
    },
    {
      "quarter": "2024-06 (Q2)",
      "signal": "INCREMENTAL MARGIN (YoY)",
      "detail": "YoY Incr OPM: +43.2% vs year-ago OPM: +22.2%",
      "severity": "HIGH"
    },
    {
      "quarter": "2024-03 (Q1)",
      "signal": "OPERATING LEVERAGE",
      "detail": "Rev growth +20.5% vs OpEx growth +6.2% (leverage: 3.3x)",
      "severity": "MEDIUM"
    },
    {
      "quarter": "2024-03 (Q1)",
      "signal": "GROSS MARGIN INFLECTION",
      "detail": "GM: +44.7% -> +42.3% -> +44.4% (reversal +2.1%)",
      "severity": "MEDIUM"
    },
    {
      "quarter": "2024-03 (Q1)",
      "signal": "YoY REVENUE GROWTH ACCELERATION",
      "detail": "YoY growth: +7.8% vs prior quarter YoY: +2.3% (accel: +5.5%)",
      "severity": "MEDIUM"
    },
    {
      "quarter": "2023-12 (Q4)",
      "signal": "INCREMENTAL MARGIN (YoY)",
      "detail": "YoY Incr OPM: +115.4% vs year-ago OPM: +13.5%",
      "severity": "HIGH"
    },
    {
      "quarter": "2023-09 (Q3)",
      "signal": "INCREMENTAL MARGIN (YoY)",
      "detail": "YoY Incr OPM: +53.6% vs year-ago OPM: +18.5%",
      "severity": "HIGH"
    },
    {
      "quarter": "2023-06 (Q2)",
      "signal": "FCF MARGIN EXPANSION",
      "detail": "FCF margin: +19.1% -> +24.7% (+5.6%)",
      "severity": "MEDIUM"
    },
    {
      "quarter": "2023-06 (Q2)",
      "signal": "YoY REVENUE GROWTH DECELERATION",
      "detail": "YoY growth: +1.7% vs prior quarter YoY: +12.9% (decel: -11.2%)",
      "severity": "WARNING"
    },
    {
      "quarter": "2023-06 (Q2)",
      "signal": "INCREMENTAL MARGIN (YoY)",
      "detail": "YoY Incr OPM: +126.5% vs year-ago OPM: +20.4%",
      "severity": "HIGH"
    },
    {
      "quarter": "2023-03 (Q1)",
      "signal": "OPERATING LEVERAGE",
      "detail": "Rev growth +14.4% vs OpEx growth +6.8% (leverage: 2.1x)",
      "severity": "MEDIUM"
    },
    {
      "quarter": "2023-03 (Q1)",
      "signal": "GROSS MARGIN INFLECTION",
      "detail": "GM: +42.2% -> +38.5% -> +43.6% (reversal +5.2%)",
      "severity": "HIGH"
    },
    {
      "quarter": "2023-03 (Q1)",
      "signal": "YoY REVENUE GROWTH DECELERATION",
      "detail": "YoY growth: +12.9% vs prior quarter YoY: +25.5% (decel: -12.6%)",
      "severity": "WARNING"
    },
    {
      "quarter": "2023-03 (Q1)",
      "signal": "INCREMENTAL MARGIN (YoY)",
      "detail": "YoY Incr OPM: +39.7% vs year-ago OPM: +17.8%",
      "severity": "HIGH"
    },
    {
      "quarter": "2022-12 (Q4)",
      "signal": "FCF MARGIN EXPANSION",
      "detail": "FCF margin: +15.9% -> +21.5% (+5.6%)",
      "severity": "MEDIUM"
    },
    {
      "quarter": "2022-12 (Q4)",
      "signal": "INCREMENTAL MARGIN (YoY)",
      "detail": "YoY Incr OPM: +31.5% vs year-ago OPM: +8.9%",
      "severity": "HIGH"
    },
    {
      "quarter": "2022-09 (Q3)",
      "signal": "FCF MARGIN EXPANSION",
      "detail": "FCF margin: +8.4% -> +15.9% (+7.5%)",
      "severity": "MEDIUM"
    },
    {
      "quarter": "2022-06 (Q2)",
      "signal": "FCF TURNED POSITIVE",
      "detail": "FCF margin: -0.2% -> +8.4%",
      "severity": "HIGH"
    },
    {
      "quarter": "2022-06 (Q2)",
      "signal": "OPERATING LEVERAGE",
      "detail": "Rev growth +15.4% vs OpEx growth +9.9% (leverage: 1.5x)",
      "severity": "MEDIUM"
    },
    {
      "quarter": "2022-06 (Q2)",
      "signal": "YoY REVENUE GROWTH DECELERATION",
      "detail": "YoY growth: +24.0% vs prior quarter YoY: +29.9% (decel: -5.9%)",
      "severity": "WARNING"
    },
    {
      "quarter": "2022-06 (Q2)",
      "signal": "INCREMENTAL MARGIN (YoY)",
      "detail": "YoY Incr OPM: +32.1% vs year-ago OPM: +17.7%",
      "severity": "MEDIUM"
    },
    {
      "quarter": "2022-03 (Q1)",
      "signal": "OPERATING LEVERAGE",
      "detail": "Rev growth +27.2% vs OpEx growth +9.3% (leverage: 2.9x)",
      "severity": "MEDIUM"
    },
    {
      "quarter": "2022-03 (Q1)",
      "signal": "GROSS MARGIN INFLECTION",
      "detail": "GM: +40.5% -> +36.7% -> +41.7% (reversal +5.0%)",
      "severity": "HIGH"
    },
    {
      "quarter": "2022-03 (Q1)",
      "signal": "INCREMENTAL MARGIN (YoY)",
      "detail": "YoY Incr OPM: +35.0% vs year-ago OPM: +12.7%",
      "severity": "HIGH"
    },
    {
      "quarter": "2021-06 (Q2)",
      "signal": "OPERATING LEVERAGE",
      "detail": "Rev growth +20.9% vs OpEx growth +8.2% (leverage: 2.5x)",
      "severity": "MEDIUM"
    }
  ],
  "data_quality": {
    "n_quarters": 20,
    "coverage": {
      "revenue": [
        20,
        20
      ],
      "gross_profit": [
        20,
        20
      ],
      "op_income": [
        20,
        20
      ],
      "fcf": [
        20,
        20
      ]
    },
    "gaps": [],
    "warnings": []
  },
  "market_cap": null,
  "source": "SEC EDGAR",
  "last_updated": "2026-02-02T21:01:15.167540",
  "sector": "Industrials",
  "industry": "Specialty Industrial Machinery"
}