{
  "ticker": "CTA-PB",
  "name": "EIDP, INC.",
  "quarters": [
    {
      "date": "2013-03-31T00:00:00",
      "quarter_label": "2013-03 (Q1)",
      "revenue": 10494000000,
      "gross_profit": 4301000000,
      "operating_income": 2241000000,
      "net_income": 3348000000,
      "opex": 8726000000,
      "cogs": 6193000000,
      "rd": 521000000,
      "sga": 983000000,
      "fcf": -2988000000,
      "ocf": -2667000000,
      "capex": -321000000,
      "gross_margin": 0.40985324947589097,
      "op_margin": 0.21355060034305318,
      "fcf_margin": -0.2847341337907376
    },
    {
      "date": "2013-06-30T00:00:00",
      "quarter_label": "2013-06 (Q2)",
      "revenue": 9925000000,
      "gross_profit": 3868000000,
      "operating_income": 1777000000,
      "net_income": 1030000000,
      "opex": 8638000000,
      "cogs": 6057000000,
      "rd": 542000000,
      "sga": 983000000,
      "fcf": -400000000,
      "ocf": 36000000,
      "capex": -436000000,
      "gross_margin": 0.3897229219143577,
      "op_margin": 0.17904282115869016,
      "fcf_margin": -0.04030226700251889,
      "fcf_margin_change": 0.2444318667882187
    },
    {
      "date": "2013-09-30T00:00:00",
      "quarter_label": "2013-09 (Q3)",
      "revenue": 7813000000,
      "gross_profit": 2648000000,
      "operating_income": 741000000,
      "net_income": 285000000,
      "opex": 7577000000,
      "cogs": 5165000000,
      "rd": 540000000,
      "sga": 774000000,
      "fcf": -168000000,
      "ocf": 298000000,
      "capex": -466000000,
      "gross_margin": 0.33892230897222575,
      "op_margin": 0.09484193011647254,
      "fcf_margin": -0.021502623832074748,
      "fcf_margin_change": 0.018799643170444143
    },
    {
      "date": "2013-12-31T00:00:00",
      "quarter_label": "2013-12 (Q4)",
      "revenue": 7747000000,
      "gross_profit": 2614000000,
      "operating_income": 610000000,
      "net_income": 185000000,
      "opex": 7714000000,
      "cogs": 5133000000,
      "rd": 550000000,
      "sga": 814000000,
      "fcf": 4853000000,
      "ocf": 5512000000,
      "capex": -659000000,
      "gross_margin": 0.33742093713695626,
      "op_margin": 0.07874015748031496,
      "fcf_margin": 0.6264360397573254,
      "fcf_margin_change": 0.6479386635894002
    },
    {
      "date": "2014-03-31T00:00:00",
      "quarter_label": "2014-03 (Q1)",
      "revenue": 10209000000,
      "gross_profit": 4209000000,
      "operating_income": 2248000000,
      "net_income": 1439000000,
      "opex": 8343000000,
      "cogs": 6000000000,
      "rd": 518000000,
      "sga": 925000000,
      "fcf": -2741000000,
      "ocf": -2421000000,
      "capex": -320000000,
      "gross_margin": 0.4122832794593006,
      "op_margin": 0.2201978646292487,
      "fcf_margin": -0.26848858850034285,
      "incr_op_margin_yoy": -0.02456140350877193,
      "rev_growth_yoy": -0.02715837621497999,
      "op_leverage_ratio": 3.897476288580245,
      "fcf_margin_change": -0.8949246282576683
    },
    {
      "date": "2014-06-30T00:00:00",
      "quarter_label": "2014-06 (Q2)",
      "revenue": 9783000000,
      "gross_profit": 3784000000,
      "operating_income": 1955000000,
      "net_income": 1070000000,
      "opex": 8674000000,
      "cogs": 5999000000,
      "rd": 545000000,
      "sga": 948000000,
      "fcf": -111000000,
      "ocf": 350000000,
      "capex": -461000000,
      "gross_margin": 0.3867934171522028,
      "op_margin": 0.19983645098640498,
      "fcf_margin": -0.01134621281815394,
      "incr_op_margin_yoy": -1.2535211267605635,
      "rev_growth_yoy": -0.014307304785894207,
      "rev_growth_yoy_accel": 0.012851071429085783,
      "fcf_margin_change": 0.2571423756821889
    },
    {
      "date": "2014-09-30T00:00:00",
      "quarter_label": "2014-09 (Q3)",
      "revenue": 7580000000,
      "gross_profit": 2700000000,
      "operating_income": 686000000,
      "net_income": 433000000,
      "opex": 5635000000,
      "cogs": 4880000000,
      "rd": 514000000,
      "sga": 756000000,
      "fcf": -261000000,
      "ocf": 269000000,
      "capex": -530000000,
      "gross_margin": 0.3562005277044855,
      "op_margin": 0.09050131926121371,
      "fcf_margin": -0.034432717678100265,
      "incr_op_margin_yoy": 0.23605150214592274,
      "rev_growth_yoy": -0.029822091386151287,
      "rev_growth_yoy_accel": -0.01551478660025708,
      "fcf_margin_change": -0.023086504859946323
    },
    {
      "date": "2014-12-31T00:00:00",
      "quarter_label": "2014-12 (Q4)",
      "revenue": 7378000000,
      "gross_profit": 2555000000,
      "operating_income": 1908000000,
      "net_income": 683000000,
      "opex": 11238000000,
      "cogs": 4823000000,
      "rd": 490000000,
      "sga": 2715000000,
      "fcf": 4805000000,
      "ocf": 5514000000,
      "capex": -709000000,
      "gross_margin": 0.34629981024667933,
      "op_margin": 0.2586066684738412,
      "fcf_margin": 0.6512605042016807,
      "incr_op_margin_yoy": -3.5176151761517613,
      "rev_growth_yoy": -0.047631341164321675,
      "rev_growth_yoy_accel": -0.01780924977817039,
      "fcf_margin_change": 0.685693221879781
    },
    {
      "date": "2015-03-31T00:00:00",
      "quarter_label": "2015-03 (Q1)",
      "revenue": 9241000000,
      "gross_profit": 3688000000,
      "operating_income": 1941000000,
      "net_income": 1031000000,
      "opex": 7769000000,
      "cogs": 5553000000,
      "rd": 499000000,
      "sga": 1312000000,
      "fcf": -2688000000,
      "ocf": -2123000000,
      "capex": -565000000,
      "gross_margin": 0.3990910074667244,
      "op_margin": 0.21004220322475922,
      "fcf_margin": -0.2908776106481982,
      "incr_op_margin_yoy": 0.31714876033057854,
      "rev_growth_yoy": -0.09481829758056616,
      "rev_growth_yoy_accel": -0.047186956416244485,
      "op_leverage_ratio": Infinity,
      "fcf_margin_change": -0.9421381148498789
    },
    {
      "date": "2015-06-30T00:00:00",
      "quarter_label": "2015-06 (Q2)",
      "revenue": 8660000000,
      "gross_profit": 3380000000,
      "operating_income": 1637000000,
      "net_income": 940000000,
      "opex": 7703000000,
      "cogs": 5280000000,
      "rd": 515000000,
      "sga": 1371000000,
      "fcf": -295000000,
      "ocf": 78000000,
      "capex": -373000000,
      "gross_margin": 0.3903002309468822,
      "op_margin": 0.18903002309468822,
      "fcf_margin": -0.034064665127020784,
      "incr_op_margin_yoy": 0.2831700801424755,
      "rev_growth_yoy": -0.11479096391699888,
      "rev_growth_yoy_accel": -0.019972666336432715,
      "fcf_margin_change": 0.25681294552117745
    },
    {
      "date": "2015-09-30T00:00:00",
      "quarter_label": "2015-09 (Q3)",
      "revenue": 4873000000,
      "gross_profit": 1789000000,
      "operating_income": 580000000,
      "net_income": 235000000,
      "opex": 4744000000,
      "cogs": 3084000000,
      "rd": 441000000,
      "sga": 1046000000,
      "fcf": -153000000,
      "ocf": 200000000,
      "capex": -353000000,
      "gross_margin": 0.36712497434845065,
      "op_margin": 0.11902318900061563,
      "fcf_margin": -0.03139749640878309,
      "incr_op_margin_yoy": 0.039157739194680456,
      "rev_growth_yoy": -0.3571240105540897,
      "rev_growth_yoy_accel": -0.24233304663709082,
      "fcf_margin_change": 0.002667168718237696
    },
    {
      "date": "2015-12-31T00:00:00",
      "quarter_label": "2015-12 (Q4)",
      "revenue": 5299000000,
      "gross_profit": 1890000000,
      "operating_income": null,
      "net_income": -253000000,
      "opex": null,
      "cogs": 3409000000,
      "rd": 483000000,
      "sga": 1075000000,
      "fcf": 3823000000,
      "ocf": 4161000000,
      "capex": -338000000,
      "gross_margin": 0.35667107001321,
      "op_margin": null,
      "fcf_margin": 0.7214568786563502,
      "rev_growth_yoy": -0.28178368121442127,
      "rev_growth_yoy_accel": 0.07534032933966844,
      "fcf_margin_change": 0.7528543750651333
    },
    {
      "date": "2016-03-31T00:00:00",
      "quarter_label": "2016-03 (Q1)",
      "revenue": 7405000000,
      "gross_profit": 3163000000,
      "operating_income": null,
      "net_income": 1226000000,
      "opex": null,
      "cogs": 4242000000,
      "rd": 418000000,
      "sga": 1128000000,
      "fcf": -2163000000,
      "ocf": -1806000000,
      "capex": -357000000,
      "gross_margin": 0.42714382174206617,
      "op_margin": null,
      "fcf_margin": -0.2920999324780554,
      "rev_growth_yoy": -0.198679796558814,
      "rev_growth_yoy_accel": 0.08310388465560728,
      "fcf_margin_change": -1.0135568111344055
    },
    {
      "date": "2016-06-30T00:00:00",
      "quarter_label": "2016-06 (Q2)",
      "revenue": 7061000000,
      "gross_profit": 3071000000,
      "operating_income": null,
      "net_income": 1020000000,
      "opex": null,
      "cogs": 3990000000,
      "rd": 432000000,
      "sga": 1211000000,
      "fcf": 196000000,
      "ocf": 346000000,
      "capex": -150000000,
      "gross_margin": 0.4349242316952273,
      "op_margin": null,
      "fcf_margin": 0.027758107916725675,
      "rev_growth_yoy": -0.18464203233256352,
      "rev_growth_yoy_accel": 0.014037764226250471,
      "fcf_margin_change": 0.31985804039478105
    },
    {
      "date": "2016-09-30T00:00:00",
      "quarter_label": "2016-09 (Q3)",
      "revenue": 4917000000,
      "gross_profit": 1827000000,
      "operating_income": null,
      "net_income": 2000000,
      "opex": null,
      "cogs": 3090000000,
      "rd": 410000000,
      "sga": 1016000000,
      "fcf": 131000000,
      "ocf": 383000000,
      "capex": -252000000,
      "gross_margin": 0.37156802928615007,
      "op_margin": null,
      "fcf_margin": 0.0266422615415904,
      "rev_growth_yoy": 0.009029345372460496,
      "rev_growth_yoy_accel": 0.19367137770502402,
      "fcf_margin_change": -0.0011158463751352737
    },
    {
      "date": "2016-12-31T00:00:00",
      "quarter_label": "2016-12 (Q4)",
      "revenue": 5211000000,
      "gross_profit": 2064000000,
      "operating_income": null,
      "net_income": 265000000,
      "opex": null,
      "cogs": 3147000000,
      "rd": 381000000,
      "sga": 964000000,
      "fcf": 4117000000,
      "ocf": 4377000000,
      "capex": -260000000,
      "gross_margin": 0.3960852043753598,
      "op_margin": null,
      "fcf_margin": 0.7900594895413549,
      "rev_growth_yoy": -0.016606906963578034,
      "rev_growth_yoy_accel": -0.02563625233603853,
      "fcf_margin_change": 0.7634172279997644
    },
    {
      "date": "2017-03-31T00:00:00",
      "quarter_label": "2017-03 (Q1)",
      "revenue": 7743000000,
      "gross_profit": 3372000000,
      "operating_income": null,
      "net_income": 1113000000,
      "opex": null,
      "cogs": 4371000000,
      "rd": 416000000,
      "sga": 1260000000,
      "fcf": -1954000000,
      "ocf": -1624000000,
      "capex": -330000000,
      "gross_margin": 0.4354901201084851,
      "op_margin": null,
      "fcf_margin": -0.2523569675836239,
      "rev_growth_yoy": 0.04564483457123565,
      "rev_growth_yoy_accel": 0.062251741534813686,
      "fcf_margin_change": -1.0424164571249788
    },
    {
      "date": "2017-06-30T00:00:00",
      "quarter_label": "2017-06 (Q2)",
      "revenue": 7424000000,
      "gross_profit": 3232000000,
      "operating_income": null,
      "net_income": 862000000,
      "opex": null,
      "cogs": 4192000000,
      "rd": 441000000,
      "sga": 1348000000,
      "fcf": -2625000000,
      "ocf": -2431000000,
      "capex": -194000000,
      "gross_margin": 0.4353448275862069,
      "op_margin": null,
      "fcf_margin": -0.35358297413793105,
      "rev_growth_yoy": 0.05140914884577255,
      "rev_growth_yoy_accel": 0.0057643142745369,
      "fcf_margin_change": -0.10122600655430714
    },
    {
      "date": "2018-03-31T00:00:00",
      "quarter_label": "2018-03 (Q1)",
      "revenue": 6699000000,
      "gross_profit": 1852000000,
      "operating_income": null,
      "net_income": -228000000,
      "opex": null,
      "cogs": 4847000000,
      "rd": 382000000,
      "sga": 959000000,
      "fcf": -1975000000,
      "ocf": -1975000000,
      "capex": null,
      "gross_margin": 0.2764591730108972,
      "op_margin": null,
      "fcf_margin": -0.2948201224063293,
      "rev_growth_yoy": -0.1348314606741573,
      "rev_growth_yoy_accel": -0.18624060951992985,
      "fcf_margin_change": 0.05876285173160173
    },
    {
      "date": "2019-03-31T00:00:00",
      "quarter_label": "2019-03 (Q1)",
      "revenue": 6288000000,
      "gross_profit": 2053000000,
      "operating_income": null,
      "net_income": 85000000,
      "opex": null,
      "cogs": 4235000000,
      "rd": 355000000,
      "sga": 970000000,
      "fcf": -1422000000,
      "ocf": -1422000000,
      "capex": null,
      "gross_margin": 0.3264949109414758,
      "op_margin": null,
      "fcf_margin": -0.22614503816793893,
      "rev_growth_yoy": -0.06135244066278549,
      "rev_growth_yoy_accel": 0.07347902001137181,
      "fcf_margin_change": 0.06867508423839039
    }
  ],
  "signals": [
    {
      "quarter": "2019-03 (Q1)",
      "signal": "FCF MARGIN EXPANSION",
      "detail": "FCF margin: -29.5% -> -22.6% (+6.9%)",
      "severity": "MEDIUM"
    },
    {
      "quarter": "2019-03 (Q1)",
      "signal": "GROSS MARGIN INFLECTION",
      "detail": "GM: +43.5% -> +27.6% -> +32.6% (reversal +5.0%)",
      "severity": "HIGH"
    },
    {
      "quarter": "2019-03 (Q1)",
      "signal": "YoY REVENUE GROWTH ACCELERATION",
      "detail": "YoY growth: -6.1% vs prior quarter YoY: -13.5% (accel: +7.3%)",
      "severity": "MEDIUM"
    },
    {
      "quarter": "2018-03 (Q1)",
      "signal": "FCF MARGIN EXPANSION",
      "detail": "FCF margin: -35.4% -> -29.5% (+5.9%)",
      "severity": "MEDIUM"
    },
    {
      "quarter": "2018-03 (Q1)",
      "signal": "YoY REVENUE GROWTH DECELERATION",
      "detail": "YoY growth: -13.5% vs prior quarter YoY: +5.1% (decel: -18.6%)",
      "severity": "WARNING"
    },
    {
      "quarter": "2017-03 (Q1)",
      "signal": "YoY REVENUE GROWTH ACCELERATION",
      "detail": "YoY growth: +4.6% vs prior quarter YoY: -1.7% (accel: +6.2%)",
      "severity": "MEDIUM"
    },
    {
      "quarter": "2016-12 (Q4)",
      "signal": "FCF MARGIN EXPANSION",
      "detail": "FCF margin: +2.7% -> +79.0% (+76.3%)",
      "severity": "MEDIUM"
    },
    {
      "quarter": "2016-12 (Q4)",
      "signal": "GROSS MARGIN INFLECTION",
      "detail": "GM: +43.5% -> +37.2% -> +39.6% (reversal +2.5%)",
      "severity": "MEDIUM"
    },
    {
      "quarter": "2016-09 (Q3)",
      "signal": "YoY REVENUE GROWTH ACCELERATION",
      "detail": "YoY growth: +0.9% vs prior quarter YoY: -18.5% (accel: +19.4%)",
      "severity": "HIGH"
    },
    {
      "quarter": "2016-06 (Q2)",
      "signal": "FCF TURNED POSITIVE",
      "detail": "FCF margin: -29.2% -> +2.8%",
      "severity": "HIGH"
    },
    {
      "quarter": "2016-03 (Q1)",
      "signal": "GROSS MARGIN INFLECTION",
      "detail": "GM: +36.7% -> +35.7% -> +42.7% (reversal +7.0%)",
      "severity": "HIGH"
    },
    {
      "quarter": "2016-03 (Q1)",
      "signal": "YoY REVENUE GROWTH ACCELERATION",
      "detail": "YoY growth: -19.9% vs prior quarter YoY: -28.2% (accel: +8.3%)",
      "severity": "MEDIUM"
    },
    {
      "quarter": "2015-12 (Q4)",
      "signal": "FCF TURNED POSITIVE",
      "detail": "FCF margin: -3.1% -> +72.1%",
      "severity": "HIGH"
    },
    {
      "quarter": "2015-12 (Q4)",
      "signal": "YoY REVENUE GROWTH ACCELERATION",
      "detail": "YoY growth: -28.2% vs prior quarter YoY: -35.7% (accel: +7.5%)",
      "severity": "MEDIUM"
    },
    {
      "quarter": "2015-09 (Q3)",
      "signal": "YoY REVENUE GROWTH DECELERATION",
      "detail": "YoY growth: -35.7% vs prior quarter YoY: -11.5% (decel: -24.2%)",
      "severity": "WARNING"
    },
    {
      "quarter": "2015-06 (Q2)",
      "signal": "FCF MARGIN EXPANSION",
      "detail": "FCF margin: -29.1% -> -3.4% (+25.7%)",
      "severity": "MEDIUM"
    },
    {
      "quarter": "2015-03 (Q1)",
      "signal": "GROSS MARGIN INFLECTION",
      "detail": "GM: +35.6% -> +34.6% -> +39.9% (reversal +5.3%)",
      "severity": "HIGH"
    },
    {
      "quarter": "2014-12 (Q4)",
      "signal": "FCF TURNED POSITIVE",
      "detail": "FCF margin: -3.4% -> +65.1%",
      "severity": "HIGH"
    },
    {
      "quarter": "2014-09 (Q3)",
      "signal": "INCREMENTAL MARGIN (YoY)",
      "detail": "YoY Incr OPM: +23.6% vs year-ago OPM: +9.5%",
      "severity": "MEDIUM"
    },
    {
      "quarter": "2014-06 (Q2)",
      "signal": "FCF MARGIN EXPANSION",
      "detail": "FCF margin: -26.8% -> -1.1% (+25.7%)",
      "severity": "MEDIUM"
    },
    {
      "quarter": "2014-03 (Q1)",
      "signal": "OPERATING LEVERAGE",
      "detail": "Rev growth +31.8% vs OpEx growth +8.2% (leverage: 3.9x)",
      "severity": "MEDIUM"
    },
    {
      "quarter": "2014-03 (Q1)",
      "signal": "GROSS MARGIN INFLECTION",
      "detail": "GM: +33.9% -> +33.7% -> +41.2% (reversal +7.5%)",
      "severity": "HIGH"
    },
    {
      "quarter": "2013-12 (Q4)",
      "signal": "FCF TURNED POSITIVE",
      "detail": "FCF margin: -2.2% -> +62.6%",
      "severity": "HIGH"
    },
    {
      "quarter": "2013-06 (Q2)",
      "signal": "FCF MARGIN EXPANSION",
      "detail": "FCF margin: -28.5% -> -4.0% (+24.4%)",
      "severity": "MEDIUM"
    }
  ],
  "data_quality": {
    "n_quarters": 20,
    "coverage": {
      "revenue": [
        20,
        20
      ],
      "gross_profit": [
        20,
        20
      ],
      "op_income": [
        11,
        20
      ],
      "fcf": [
        20,
        20
      ]
    },
    "gaps": [
      [
        "2017-06 (Q2)",
        "2018-03 (Q1)",
        274
      ],
      [
        "2018-03 (Q1)",
        "2019-03 (Q1)",
        365
      ]
    ],
    "warnings": [
      "op_income: 11/20Q",
      "gap: 2Q missing between 2017-06 (Q2) and 2018-03 (Q1)",
      "gap: 3Q missing between 2018-03 (Q1) and 2019-03 (Q1)"
    ]
  },
  "market_cap": null,
  "source": "SEC EDGAR",
  "last_updated": "2026-02-03T00:53:09.082277"
}