{
  "ticker": "CTEV",
  "name": "Claritev Corporation",
  "quarters": [
    {
      "date": "2020-12-31T00:00:00",
      "quarter_label": "2020-12 (Q4)",
      "revenue": 255344000,
      "gross_profit": 181114000,
      "operating_income": -40205000,
      "net_income": -173322000,
      "opex": 295549000,
      "cogs": 74230000,
      "rd": null,
      "sga": null,
      "fcf": 23582000,
      "ocf": 45073000,
      "capex": -21491000,
      "gross_margin": 0.709294128704806,
      "op_margin": -0.15745425778557554,
      "fcf_margin": 0.09235384422582868
    },
    {
      "date": "2021-03-31T00:00:00",
      "quarter_label": "2021-03 (Q1)",
      "revenue": 254864000,
      "gross_profit": 215134000,
      "operating_income": 82265000,
      "net_income": 45877000,
      "opex": 172599000,
      "cogs": 39730000,
      "rd": null,
      "sga": null,
      "fcf": 152794000,
      "ocf": 170907000,
      "capex": -18113000,
      "gross_margin": 0.8441129386653274,
      "op_margin": 0.3227799924665704,
      "fcf_margin": 0.5995118965409002,
      "fcf_margin_change": 0.5071580523150715
    },
    {
      "date": "2021-06-30T00:00:00",
      "quarter_label": "2021-06 (Q2)",
      "revenue": 276272000,
      "gross_profit": 231904000,
      "operating_income": 89802000,
      "net_income": -46932000,
      "opex": 186470000,
      "cogs": 44368000,
      "rd": null,
      "sga": null,
      "fcf": 14808000,
      "ocf": 33482000,
      "capex": -18674000,
      "gross_margin": 0.8394046446979788,
      "op_margin": 0.32504922684890253,
      "fcf_margin": 0.05359935136387328,
      "op_leverage_ratio": 1.0451968799131757,
      "fcf_margin_change": -0.5459125451770269
    },
    {
      "date": "2021-09-30T00:00:00",
      "quarter_label": "2021-09 (Q3)",
      "revenue": 288212000,
      "gross_profit": 243624000,
      "operating_income": 104453000,
      "net_income": 78197000,
      "opex": 183759000,
      "cogs": 44588000,
      "rd": null,
      "sga": null,
      "fcf": 146626000,
      "ocf": 167037000,
      "capex": -20411000,
      "gross_margin": 0.8452944360401371,
      "op_margin": 0.3624172484143616,
      "fcf_margin": 0.5087435637655615,
      "op_leverage_ratio": Infinity,
      "fcf_margin_change": 0.45514421240168823
    },
    {
      "date": "2021-12-31T00:00:00",
      "quarter_label": "2021-12 (Q4)",
      "revenue": 298254000,
      "gross_profit": 251648000,
      "operating_income": 109600000,
      "net_income": 24938000,
      "opex": 188654000,
      "cogs": 46606000,
      "rd": null,
      "sga": null,
      "fcf": 5869000,
      "ocf": 33261000,
      "capex": -27392000,
      "gross_margin": 0.843737217271185,
      "op_margin": 0.36747202049260025,
      "fcf_margin": 0.01967785846962656,
      "incr_op_margin_yoy": 3.4911442554183174,
      "rev_growth_yoy": 0.16804781001315872,
      "op_leverage_ratio": 1.3079889665828357,
      "fcf_margin_change": -0.48906570529593496
    },
    {
      "date": "2022-03-31T00:00:00",
      "quarter_label": "2022-03 (Q1)",
      "revenue": 298046000,
      "gross_profit": 250974000,
      "operating_income": 116636000,
      "net_income": 43978000,
      "opex": 181410000,
      "cogs": 47072000,
      "rd": null,
      "sga": null,
      "fcf": 170390000,
      "ocf": 194844000,
      "capex": -24454000,
      "gross_margin": 0.8420646477389396,
      "op_margin": 0.3913355656509398,
      "fcf_margin": 0.5716902759976648,
      "incr_op_margin_yoy": 0.7959566486035848,
      "rev_growth_yoy": 0.16943153995856614,
      "rev_growth_yoy_accel": 0.0013837299454074192,
      "fcf_margin_change": 0.5520124175280382
    },
    {
      "date": "2022-06-30T00:00:00",
      "quarter_label": "2022-06 (Q2)",
      "revenue": 290128000,
      "gross_profit": 240151000,
      "operating_income": 97768000,
      "net_income": 13512000,
      "opex": 192360000,
      "cogs": 49977000,
      "rd": null,
      "sga": null,
      "fcf": 21850000,
      "ocf": 40795000,
      "capex": -18945000,
      "gross_margin": 0.8277415485578778,
      "op_margin": 0.33698229746870345,
      "fcf_margin": 0.07531158661004798,
      "incr_op_margin_yoy": 0.5749133949191686,
      "rev_growth_yoy": 0.05015347194069612,
      "rev_growth_yoy_accel": -0.11927806801787001,
      "fcf_margin_change": -0.49637868938761676
    },
    {
      "date": "2022-09-30T00:00:00",
      "quarter_label": "2022-09 (Q3)",
      "revenue": 250453000,
      "gross_profit": 197441000,
      "operating_income": 36399000,
      "net_income": 19736000,
      "opex": 214054000,
      "cogs": 53012000,
      "rd": null,
      "sga": null,
      "fcf": 88226000,
      "ocf": 109036000,
      "capex": -20810000,
      "gross_margin": 0.7883355360087522,
      "op_margin": 0.1453326572251081,
      "fcf_margin": 0.3522656945614546,
      "incr_op_margin_yoy": 1.8023252734447417,
      "rev_growth_yoy": -0.1310112000888235,
      "rev_growth_yoy_accel": -0.18116467202951964,
      "fcf_margin_change": 0.2769541079514066
    },
    {
      "date": "2022-12-31T00:00:00",
      "quarter_label": "2022-12 (Q4)",
      "revenue": 241089000,
      "gross_profit": 187052000,
      "operating_income": -613535000,
      "net_income": -650138000,
      "opex": 854624000,
      "cogs": 54037000,
      "rd": null,
      "sga": null,
      "fcf": 2163000,
      "ocf": 27689000,
      "capex": -25526000,
      "gross_margin": 0.7758628556259307,
      "op_margin": -2.544848582888477,
      "fcf_margin": 0.008971790500603512,
      "incr_op_margin_yoy": 12.649960640251903,
      "rev_growth_yoy": -0.19166549317025086,
      "rev_growth_yoy_accel": -0.06065429308142736,
      "fcf_margin_change": -0.3432939040608511
    },
    {
      "date": "2023-03-31T00:00:00",
      "quarter_label": "2023-03 (Q1)",
      "revenue": 236594000,
      "gross_profit": 181744000,
      "operating_income": 46944000,
      "net_income": 209000,
      "opex": 189650000,
      "cogs": 54850000,
      "rd": null,
      "sga": null,
      "fcf": 41114000,
      "ocf": 64215000,
      "capex": -23101000,
      "gross_margin": 0.7681682544781355,
      "op_margin": 0.19841585162768285,
      "fcf_margin": 0.17377448286938807,
      "incr_op_margin_yoy": 1.1340883941938424,
      "rev_growth_yoy": -0.20618293820416983,
      "rev_growth_yoy_accel": -0.014517445033918969,
      "fcf_margin_change": 0.16480269236878456
    },
    {
      "date": "2023-06-30T00:00:00",
      "quarter_label": "2023-06 (Q2)",
      "revenue": 237991000,
      "gross_profit": 178984000,
      "operating_income": 34707000,
      "net_income": -36370000,
      "opex": 203284000,
      "cogs": 59007000,
      "rd": null,
      "sga": null,
      "fcf": -24309000,
      "ocf": 7685000,
      "capex": -31994000,
      "gross_margin": 0.7520620527667012,
      "op_margin": 0.14583324579500906,
      "fcf_margin": -0.10214251799437794,
      "incr_op_margin_yoy": 1.2095249055373343,
      "rev_growth_yoy": -0.17970344123972867,
      "rev_growth_yoy_accel": 0.026479496964441157,
      "fcf_margin_change": -0.275917000863766
    },
    {
      "date": "2023-09-30T00:00:00",
      "quarter_label": "2023-09 (Q3)",
      "revenue": 242804000,
      "gross_profit": 181855000,
      "operating_income": 39519000,
      "net_income": -24145000,
      "opex": 203285000,
      "cogs": 60949000,
      "rd": null,
      "sga": null,
      "fcf": 49704000,
      "ocf": 72118000,
      "capex": -22414000,
      "gross_margin": 0.7489786000230638,
      "op_margin": 0.16276091003443105,
      "fcf_margin": 0.20470832440981204,
      "incr_op_margin_yoy": -0.4078964570532096,
      "rev_growth_yoy": -0.03054066032349383,
      "rev_growth_yoy_accel": 0.14916278091623483,
      "op_leverage_ratio": Infinity,
      "fcf_margin_change": 0.30685084240418997
    },
    {
      "date": "2023-12-31T00:00:00",
      "quarter_label": "2023-12 (Q4)",
      "revenue": 244135000,
      "gross_profit": 183473000,
      "operating_income": 40812000,
      "net_income": -31391000,
      "opex": 203323000,
      "cogs": 60662000,
      "rd": null,
      "sga": null,
      "fcf": -3641000,
      "ocf": 27702000,
      "capex": -31343000,
      "gross_margin": 0.7515227230835398,
      "op_margin": 0.16716980359227476,
      "fcf_margin": -0.014913879615786347,
      "incr_op_margin_yoy": 214.82173342087984,
      "rev_growth_yoy": 0.012634338356374617,
      "rev_growth_yoy_accel": 0.043174998679868445,
      "fcf_margin_change": -0.2196222040255984
    },
    {
      "date": "2024-03-31T00:00:00",
      "quarter_label": "2024-03 (Q1)",
      "revenue": 234508000,
      "gross_profit": 174431000,
      "operating_income": -486436000,
      "net_income": -539689000,
      "opex": 720944000,
      "cogs": 60077000,
      "rd": null,
      "sga": null,
      "fcf": 19172000,
      "ocf": 49716000,
      "capex": -30544000,
      "gross_margin": 0.7438168420693537,
      "op_margin": -2.07428318010473,
      "fcf_margin": 0.08175414058369011,
      "incr_op_margin_yoy": 255.69511025886865,
      "rev_growth_yoy": -0.008816791634614572,
      "rev_growth_yoy_accel": -0.02145112999098919,
      "fcf_margin_change": 0.09666802019947646
    },
    {
      "date": "2024-06-30T00:00:00",
      "quarter_label": "2024-06 (Q2)",
      "revenue": 233476000,
      "gross_profit": 172107000,
      "operating_income": -523927000,
      "net_income": -576727000,
      "opex": 757403000,
      "cogs": 61369000,
      "rd": null,
      "sga": null,
      "fcf": -6974000,
      "ocf": 18471000,
      "capex": -25445000,
      "gross_margin": 0.7371507135637068,
      "op_margin": -2.2440293649026026,
      "fcf_margin": -0.029870307868903014,
      "incr_op_margin_yoy": 123.72846068660022,
      "rev_growth_yoy": -0.018971305637608144,
      "rev_growth_yoy_accel": -0.010154514002993572,
      "fcf_margin_change": -0.11162444845259313
    },
    {
      "date": "2024-09-30T00:00:00",
      "quarter_label": "2024-09 (Q3)",
      "revenue": 230495000,
      "gross_profit": 169670000,
      "operating_income": -338210000,
      "net_income": -391450000,
      "opex": 568705000,
      "cogs": 60825000,
      "rd": null,
      "sga": null,
      "fcf": 41142000,
      "ocf": 72842000,
      "capex": -31700000,
      "gross_margin": 0.7361114123950628,
      "op_margin": -1.46732033232825,
      "fcf_margin": 0.1784941105013124,
      "incr_op_margin_yoy": 30.68722073279714,
      "rev_growth_yoy": -0.05069521095204362,
      "rev_growth_yoy_accel": -0.031723905314435474,
      "fcf_margin_change": 0.2083644183702154
    },
    {
      "date": "2024-12-31T00:00:00",
      "quarter_label": "2024-12 (Q4)",
      "revenue": 232145000,
      "gross_profit": 175012000,
      "operating_income": -41358000,
      "net_income": -137965000,
      "opex": 273503000,
      "cogs": 57133000,
      "rd": null,
      "sga": null,
      "fcf": -63847000,
      "ocf": -33413000,
      "capex": -30434000,
      "gross_margin": 0.7538908871610416,
      "op_margin": -0.17815589394559433,
      "fcf_margin": -0.2750306920243813,
      "incr_op_margin_yoy": 6.853211009174312,
      "rev_growth_yoy": -0.049112171544432384,
      "rev_growth_yoy_accel": 0.0015830394076112378,
      "fcf_margin_change": -0.4535248025256937
    },
    {
      "date": "2025-03-31T00:00:00",
      "quarter_label": "2025-03 (Q1)",
      "revenue": 231330000,
      "gross_profit": 170894000,
      "operating_income": 9742000,
      "net_income": -71319000,
      "opex": 221588000,
      "cogs": 60436000,
      "rd": null,
      "sga": null,
      "fcf": -68922000,
      "ocf": -30056000,
      "capex": -38866000,
      "gross_margin": 0.7387455150650586,
      "op_margin": 0.04211299874637963,
      "fcf_margin": -0.297938010634159,
      "incr_op_margin_yoy": -156.1290119572058,
      "rev_growth_yoy": -0.013551776485237177,
      "rev_growth_yoy_accel": 0.035560395059195206,
      "fcf_margin_change": -0.022907318609777683
    },
    {
      "date": "2025-06-30T00:00:00",
      "quarter_label": "2025-06 (Q2)",
      "revenue": 241570000,
      "gross_profit": 180747000,
      "operating_income": 16578000,
      "net_income": -62640000,
      "opex": 224992000,
      "cogs": 60823000,
      "rd": null,
      "sga": null,
      "fcf": 36614000,
      "ocf": 61237000,
      "capex": -24623000,
      "gross_margin": 0.7482179078527963,
      "op_margin": 0.06862607111810241,
      "fcf_margin": 0.15156683363000373,
      "incr_op_margin_yoy": 66.77847788485298,
      "rev_growth_yoy": 0.03466737480511915,
      "rev_growth_yoy_accel": 0.04821915129035633,
      "op_leverage_ratio": 2.8815402152870364,
      "fcf_margin_change": 0.4495048442641627
    },
    {
      "date": "2025-09-30T00:00:00",
      "quarter_label": "2025-09 (Q3)",
      "revenue": 245959000,
      "gross_profit": 183899000,
      "operating_income": 10067000,
      "net_income": -69753000,
      "opex": 235892000,
      "cogs": 62060000,
      "rd": null,
      "sga": null,
      "fcf": -16346000,
      "ocf": 19857000,
      "capex": -36203000,
      "gross_margin": 0.747681524156465,
      "op_margin": 0.04092958582527982,
      "fcf_margin": -0.06645823084335194,
      "incr_op_margin_yoy": 22.52179255043973,
      "rev_growth_yoy": 0.06709039241632139,
      "rev_growth_yoy_accel": 0.03242301761120224,
      "op_leverage_ratio": 0.37502753888648155,
      "fcf_margin_change": -0.21802506447335568
    }
  ],
  "signals": [
    {
      "quarter": "2025-09 (Q3)",
      "signal": "OP MARGIN TURNED POSITIVE (YoY)",
      "detail": "Op margin: -146.7% (year-ago) -> +4.1%",
      "severity": "HIGH"
    },
    {
      "quarter": "2025-06 (Q2)",
      "signal": "FCF TURNED POSITIVE",
      "detail": "FCF margin: -29.8% -> +15.2%",
      "severity": "HIGH"
    },
    {
      "quarter": "2025-06 (Q2)",
      "signal": "OPERATING LEVERAGE",
      "detail": "Rev growth +4.4% vs OpEx growth +1.5% (leverage: 2.9x)",
      "severity": "MEDIUM"
    },
    {
      "quarter": "2025-06 (Q2)",
      "signal": "OP MARGIN TURNED POSITIVE (YoY)",
      "detail": "Op margin: -224.4% (year-ago) -> +6.9%",
      "severity": "HIGH"
    },
    {
      "quarter": "2025-03 (Q1)",
      "signal": "OP MARGIN TURNED POSITIVE (YoY)",
      "detail": "Op margin: -207.4% (year-ago) -> +4.2%",
      "severity": "HIGH"
    },
    {
      "quarter": "2025-03 (Q1)",
      "signal": "OP MARGIN TURNED POSITIVE (QoQ)",
      "detail": "Op margin: -17.8% -> +4.2%",
      "severity": "HIGH"
    },
    {
      "quarter": "2024-09 (Q3)",
      "signal": "FCF TURNED POSITIVE",
      "detail": "FCF margin: -3.0% -> +17.8%",
      "severity": "HIGH"
    },
    {
      "quarter": "2024-03 (Q1)",
      "signal": "FCF TURNED POSITIVE",
      "detail": "FCF margin: -1.5% -> +8.2%",
      "severity": "HIGH"
    },
    {
      "quarter": "2023-12 (Q4)",
      "signal": "OP MARGIN TURNED POSITIVE (YoY)",
      "detail": "Op margin: -254.5% (year-ago) -> +16.7%",
      "severity": "HIGH"
    },
    {
      "quarter": "2023-09 (Q3)",
      "signal": "FCF TURNED POSITIVE",
      "detail": "FCF margin: -10.2% -> +20.5%",
      "severity": "HIGH"
    },
    {
      "quarter": "2023-09 (Q3)",
      "signal": "OPERATING LEVERAGE",
      "detail": "Rev growth +2.0% vs OpEx growth +0.0% (leverage: 4111.1x)",
      "severity": "MEDIUM"
    },
    {
      "quarter": "2023-09 (Q3)",
      "signal": "YoY REVENUE GROWTH ACCELERATION",
      "detail": "YoY growth: -3.1% vs prior quarter YoY: -18.0% (accel: +14.9%)",
      "severity": "MEDIUM"
    },
    {
      "quarter": "2023-06 (Q2)",
      "signal": "INCREMENTAL MARGIN (YoY)",
      "detail": "YoY Incr OPM: +121.0% vs year-ago OPM: +33.7%",
      "severity": "HIGH"
    },
    {
      "quarter": "2023-03 (Q1)",
      "signal": "FCF MARGIN EXPANSION",
      "detail": "FCF margin: +0.9% -> +17.4% (+16.5%)",
      "severity": "MEDIUM"
    },
    {
      "quarter": "2023-03 (Q1)",
      "signal": "INCREMENTAL MARGIN (YoY)",
      "detail": "YoY Incr OPM: +113.4% vs year-ago OPM: +39.1%",
      "severity": "HIGH"
    },
    {
      "quarter": "2023-03 (Q1)",
      "signal": "OP MARGIN TURNED POSITIVE (QoQ)",
      "detail": "Op margin: -254.5% -> +19.8%",
      "severity": "HIGH"
    },
    {
      "quarter": "2022-12 (Q4)",
      "signal": "YoY REVENUE GROWTH DECELERATION",
      "detail": "YoY growth: -19.2% vs prior quarter YoY: -13.1% (decel: -6.1%)",
      "severity": "WARNING"
    },
    {
      "quarter": "2022-09 (Q3)",
      "signal": "FCF MARGIN EXPANSION",
      "detail": "FCF margin: +7.5% -> +35.2% (+27.7%)",
      "severity": "MEDIUM"
    },
    {
      "quarter": "2022-09 (Q3)",
      "signal": "YoY REVENUE GROWTH DECELERATION",
      "detail": "YoY growth: -13.1% vs prior quarter YoY: +5.0% (decel: -18.1%)",
      "severity": "WARNING"
    },
    {
      "quarter": "2022-09 (Q3)",
      "signal": "INCREMENTAL MARGIN (YoY)",
      "detail": "YoY Incr OPM: +180.2% vs year-ago OPM: +36.2%",
      "severity": "HIGH"
    },
    {
      "quarter": "2022-06 (Q2)",
      "signal": "YoY REVENUE GROWTH DECELERATION",
      "detail": "YoY growth: +5.0% vs prior quarter YoY: +16.9% (decel: -11.9%)",
      "severity": "WARNING"
    },
    {
      "quarter": "2022-06 (Q2)",
      "signal": "INCREMENTAL MARGIN (YoY)",
      "detail": "YoY Incr OPM: +57.5% vs year-ago OPM: +32.5%",
      "severity": "HIGH"
    },
    {
      "quarter": "2022-03 (Q1)",
      "signal": "FCF MARGIN EXPANSION",
      "detail": "FCF margin: +2.0% -> +57.2% (+55.2%)",
      "severity": "MEDIUM"
    },
    {
      "quarter": "2022-03 (Q1)",
      "signal": "INCREMENTAL MARGIN (YoY)",
      "detail": "YoY Incr OPM: +79.6% vs year-ago OPM: +32.3%",
      "severity": "HIGH"
    },
    {
      "quarter": "2021-12 (Q4)",
      "signal": "OP MARGIN TURNED POSITIVE (YoY)",
      "detail": "Op margin: -15.7% (year-ago) -> +36.7%",
      "severity": "HIGH"
    },
    {
      "quarter": "2021-09 (Q3)",
      "signal": "FCF MARGIN EXPANSION",
      "detail": "FCF margin: +5.4% -> +50.9% (+45.5%)",
      "severity": "MEDIUM"
    },
    {
      "quarter": "2021-03 (Q1)",
      "signal": "FCF MARGIN EXPANSION",
      "detail": "FCF margin: +9.2% -> +60.0% (+50.7%)",
      "severity": "MEDIUM"
    },
    {
      "quarter": "2021-03 (Q1)",
      "signal": "OP MARGIN TURNED POSITIVE (QoQ)",
      "detail": "Op margin: -15.7% -> +32.3%",
      "severity": "HIGH"
    }
  ],
  "data_quality": {
    "n_quarters": 20,
    "coverage": {
      "revenue": [
        20,
        20
      ],
      "gross_profit": [
        20,
        20
      ],
      "op_income": [
        20,
        20
      ],
      "fcf": [
        20,
        20
      ]
    },
    "gaps": [],
    "warnings": []
  },
  "market_cap": null,
  "source": "SEC EDGAR",
  "last_updated": "2026-02-02T22:30:13.035644"
}