{
  "ticker": "CTKB",
  "name": "Cytek Biosciences, Inc.",
  "quarters": [
    {
      "date": "2020-12-31T00:00:00",
      "quarter_label": "2020-12 (Q4)",
      "revenue": 30619000,
      "gross_profit": 19449000,
      "operating_income": 7876000,
      "net_income": 5599000,
      "opex": 11573000,
      "cogs": 11170000,
      "rd": 4385000,
      "sga": null,
      "fcf": 11438000,
      "ocf": 11641000,
      "capex": -203000,
      "gross_margin": 0.6351938338939874,
      "op_margin": 0.2572259054835233,
      "fcf_margin": 0.3735589013357719
    },
    {
      "date": "2021-03-31T00:00:00",
      "quarter_label": "2021-03 (Q1)",
      "revenue": 24272000,
      "gross_profit": 14486000,
      "operating_income": 1132000,
      "net_income": 102000,
      "opex": 13354000,
      "cogs": 9786000,
      "rd": 5094000,
      "sga": null,
      "fcf": 1426000,
      "ocf": 1935000,
      "capex": -509000,
      "gross_margin": 0.5968193803559657,
      "op_margin": 0.0466381015161503,
      "fcf_margin": 0.058750823994726434,
      "fcf_margin_change": -0.3148080773410455
    },
    {
      "date": "2021-06-30T00:00:00",
      "quarter_label": "2021-06 (Q2)",
      "revenue": 30408000,
      "gross_profit": 19745000,
      "operating_income": 3811000,
      "net_income": 2670000,
      "opex": 15934000,
      "cogs": 10663000,
      "rd": 6194000,
      "sga": null,
      "fcf": -5165000,
      "ocf": -3914000,
      "capex": -1251000,
      "gross_margin": 0.6493357011312813,
      "op_margin": 0.1253288608260984,
      "fcf_margin": -0.1698566166798211,
      "op_leverage_ratio": 1.3084931499849253,
      "fcf_margin_change": -0.22860744067454752
    },
    {
      "date": "2021-09-30T00:00:00",
      "quarter_label": "2021-09 (Q3)",
      "revenue": 34376000,
      "gross_profit": 21277000,
      "operating_income": 2897000,
      "net_income": 1420000,
      "opex": 18380000,
      "cogs": 13099000,
      "rd": 6078000,
      "sga": null,
      "fcf": -147000,
      "ocf": 1161000,
      "capex": -1308000,
      "gross_margin": 0.6189492669304165,
      "op_margin": 0.08427391203165,
      "fcf_margin": -0.004276239236676751,
      "op_leverage_ratio": 0.850065062277582,
      "fcf_margin_change": 0.16558037744314436
    },
    {
      "date": "2021-12-31T00:00:00",
      "quarter_label": "2021-12 (Q4)",
      "revenue": 38894000,
      "gross_profit": 23636000,
      "operating_income": 1317000,
      "net_income": -1165000,
      "opex": 22319000,
      "cogs": 15258000,
      "rd": 7076000,
      "sga": null,
      "fcf": 4152000,
      "ocf": 5448000,
      "capex": -1296000,
      "gross_margin": 0.607702987607343,
      "op_margin": 0.03386126394816681,
      "fcf_margin": 0.10675168406438011,
      "incr_op_margin_yoy": -0.7926283987915408,
      "rev_growth_yoy": 0.27025702994872464,
      "op_leverage_ratio": 0.6132681526866279,
      "fcf_margin_change": 0.11102792330105686
    },
    {
      "date": "2022-03-31T00:00:00",
      "quarter_label": "2022-03 (Q1)",
      "revenue": 35064000,
      "gross_profit": 20177000,
      "operating_income": -2357000,
      "net_income": -2158000,
      "opex": 22534000,
      "cogs": 14887000,
      "rd": 8025000,
      "sga": null,
      "fcf": -2260000,
      "ocf": -1480000,
      "capex": -780000,
      "gross_margin": 0.5754334930412959,
      "op_margin": -0.06721994067989961,
      "fcf_margin": -0.06445357061373488,
      "incr_op_margin_yoy": -0.323295033358043,
      "rev_growth_yoy": 0.4446275543836519,
      "rev_growth_yoy_accel": 0.1743705244349273,
      "fcf_margin_change": -0.17120525467811498
    },
    {
      "date": "2022-06-30T00:00:00",
      "quarter_label": "2022-06 (Q2)",
      "revenue": 40159000,
      "gross_profit": 24561000,
      "operating_income": -891000,
      "net_income": -702000,
      "opex": 25452000,
      "cogs": 15598000,
      "rd": 8436000,
      "sga": null,
      "fcf": -10768000,
      "ocf": -9440000,
      "capex": -1328000,
      "gross_margin": 0.6115939141910904,
      "op_margin": -0.022186807440424314,
      "fcf_margin": -0.2681341666874175,
      "incr_op_margin_yoy": -0.482206953133012,
      "rev_growth_yoy": 0.32067219152854515,
      "rev_growth_yoy_accel": -0.12395536285510678,
      "op_leverage_ratio": 1.1221107761512994,
      "fcf_margin_change": -0.20368059607368263
    },
    {
      "date": "2022-09-30T00:00:00",
      "quarter_label": "2022-09 (Q3)",
      "revenue": 40477000,
      "gross_profit": 26862000,
      "operating_income": 1360000,
      "net_income": 1626000,
      "opex": 25502000,
      "cogs": 13615000,
      "rd": 8650000,
      "sga": null,
      "fcf": -8614000,
      "ocf": -7504000,
      "capex": -1110000,
      "gross_margin": 0.6636361390419251,
      "op_margin": 0.03359932801343973,
      "fcf_margin": -0.21281221434394842,
      "incr_op_margin_yoy": -0.2519259137846255,
      "rev_growth_yoy": 0.17747847335350245,
      "rev_growth_yoy_accel": -0.1431937181750427,
      "fcf_margin_change": 0.055321952343469094
    },
    {
      "date": "2022-12-31T00:00:00",
      "quarter_label": "2022-12 (Q4)",
      "revenue": 48336000,
      "gross_profit": 29374000,
      "operating_income": 84000,
      "net_income": 3718000,
      "opex": 29290000,
      "cogs": 18962000,
      "rd": 9747000,
      "sga": null,
      "fcf": -337000,
      "ocf": 6193000,
      "capex": -6530000,
      "gross_margin": 0.6077044025157232,
      "op_margin": 0.001737835153922542,
      "fcf_margin": -0.006972029129427342,
      "incr_op_margin_yoy": -0.13058674009743698,
      "rev_growth_yoy": 0.2427623798015118,
      "rev_growth_yoy_accel": 0.06528390644800935,
      "op_leverage_ratio": 1.307143426048803,
      "fcf_margin_change": 0.20584018521452108
    },
    {
      "date": "2023-03-31T00:00:00",
      "quarter_label": "2023-03 (Q1)",
      "revenue": 37088000,
      "gross_profit": 21038000,
      "operating_income": -12162000,
      "net_income": -6807000,
      "opex": 33200000,
      "cogs": 16050000,
      "rd": 9974000,
      "sga": null,
      "fcf": 2353000,
      "ocf": 2858000,
      "capex": -505000,
      "gross_margin": 0.5672454702329595,
      "op_margin": -0.3279227782571182,
      "fcf_margin": 0.0634437014667817,
      "incr_op_margin_yoy": -4.844367588932807,
      "rev_growth_yoy": 0.057723020762035136,
      "rev_growth_yoy_accel": -0.18503935903947666,
      "fcf_margin_change": 0.07041573059620905
    },
    {
      "date": "2023-06-30T00:00:00",
      "quarter_label": "2023-06 (Q2)",
      "revenue": 49693000,
      "gross_profit": 28162000,
      "operating_income": -9127000,
      "net_income": -4388000,
      "opex": 37289000,
      "cogs": 21531000,
      "rd": 12136000,
      "sga": null,
      "fcf": -4163000,
      "ocf": -2850000,
      "capex": -1313000,
      "gross_margin": 0.5667196587044453,
      "op_margin": -0.18366771979956936,
      "fcf_margin": -0.08377437466041494,
      "incr_op_margin_yoy": -0.8638556744283616,
      "rev_growth_yoy": 0.23740630991807565,
      "rev_growth_yoy_accel": 0.1796832891560405,
      "op_leverage_ratio": 2.7595000665731058,
      "fcf_margin_change": -0.14721807612719665
    },
    {
      "date": "2023-09-30T00:00:00",
      "quarter_label": "2023-09 (Q3)",
      "revenue": 48000000,
      "gross_profit": 27178000,
      "operating_income": -6420000,
      "net_income": null,
      "opex": 33598000,
      "cogs": 20822000,
      "rd": 11171000,
      "sga": null,
      "fcf": -5569000,
      "ocf": -4239000,
      "capex": -1330000,
      "gross_margin": 0.5662083333333333,
      "op_margin": -0.13375,
      "fcf_margin": -0.11602083333333334,
      "incr_op_margin_yoy": -1.0341619034959457,
      "rev_growth_yoy": 0.1858586357684611,
      "rev_growth_yoy_accel": -0.05154767414961456,
      "fcf_margin_change": -0.03224645867291839
    },
    {
      "date": "2023-12-31T00:00:00",
      "quarter_label": "2023-12 (Q4)",
      "revenue": 58233000,
      "gross_profit": 33048000,
      "operating_income": -137000,
      "net_income": null,
      "opex": 33185000,
      "cogs": 25185000,
      "rd": 10869000,
      "sga": null,
      "fcf": 8012000,
      "ocf": 9512000,
      "capex": -1500000,
      "gross_margin": 0.5675132656741023,
      "op_margin": -0.00235261793141346,
      "fcf_margin": 0.1375852180035375,
      "incr_op_margin_yoy": -0.022329998989592807,
      "rev_growth_yoy": 0.2047542204568024,
      "rev_growth_yoy_accel": 0.018895584688341294,
      "op_leverage_ratio": Infinity,
      "fcf_margin_change": 0.25360605133687086
    },
    {
      "date": "2024-03-31T00:00:00",
      "quarter_label": "2024-03 (Q1)",
      "revenue": 44860000,
      "gross_profit": 23013000,
      "operating_income": -10734000,
      "net_income": -6169000,
      "opex": 33747000,
      "cogs": 21847000,
      "rd": 9796000,
      "sga": null,
      "fcf": 3390000,
      "ocf": 3957000,
      "capex": -567000,
      "gross_margin": 0.5129959875167187,
      "op_margin": -0.23927775300936246,
      "fcf_margin": 0.07556843513152028,
      "incr_op_margin_yoy": 0.18373648996397324,
      "rev_growth_yoy": 0.20955565142364108,
      "rev_growth_yoy_accel": 0.004801430966838688,
      "fcf_margin_change": -0.06201678287201723
    },
    {
      "date": "2024-06-30T00:00:00",
      "quarter_label": "2024-06 (Q2)",
      "revenue": 46617000,
      "gross_profit": 25436000,
      "operating_income": -8527000,
      "net_income": null,
      "opex": 33963000,
      "cogs": 21181000,
      "rd": 10001000,
      "sga": null,
      "fcf": 5151000,
      "ocf": 6204000,
      "capex": -1053000,
      "gross_margin": 0.5456378574339833,
      "op_margin": -0.18291610356736812,
      "fcf_margin": 0.11049617092476993,
      "incr_op_margin_yoy": -0.19505851755526657,
      "rev_growth_yoy": -0.061900066407743544,
      "rev_growth_yoy_accel": -0.2714557178313846,
      "op_leverage_ratio": 6.119189639371873,
      "fcf_margin_change": 0.03492773579324965
    },
    {
      "date": "2024-09-30T00:00:00",
      "quarter_label": "2024-09 (Q3)",
      "revenue": 51500000,
      "gross_profit": 29005000,
      "operating_income": -4248000,
      "net_income": null,
      "opex": 33253000,
      "cogs": 22495000,
      "rd": 9882000,
      "sga": null,
      "fcf": 12210000,
      "ocf": 13221000,
      "capex": -1011000,
      "gross_margin": 0.5632038834951456,
      "op_margin": -0.08248543689320388,
      "fcf_margin": 0.2370873786407767,
      "incr_op_margin_yoy": 0.6205714285714286,
      "rev_growth_yoy": 0.07291666666666667,
      "rev_growth_yoy_accel": 0.13481673307441022,
      "op_leverage_ratio": Infinity,
      "fcf_margin_change": 0.12659120771600677
    },
    {
      "date": "2024-12-31T00:00:00",
      "quarter_label": "2024-12 (Q4)",
      "revenue": 57476000,
      "gross_profit": 33652000,
      "operating_income": 2986000,
      "net_income": null,
      "opex": 30666000,
      "cogs": 23824000,
      "rd": 9723000,
      "sga": null,
      "fcf": 1103000,
      "ocf": 1997000,
      "capex": -894000,
      "gross_margin": 0.5854965550838611,
      "op_margin": 0.05195211914538242,
      "fcf_margin": 0.019190618693019697,
      "rev_growth_yoy": -0.01299950200058386,
      "rev_growth_yoy_accel": -0.08591616866725053,
      "op_leverage_ratio": Infinity,
      "fcf_margin_change": -0.217896759947757
    },
    {
      "date": "2025-03-31T00:00:00",
      "quarter_label": "2025-03 (Q1)",
      "revenue": 41457000,
      "gross_profit": 20157000,
      "operating_income": -14975000,
      "net_income": -11402000,
      "opex": 35132000,
      "cogs": 21300000,
      "rd": 9725000,
      "sga": null,
      "fcf": -974000,
      "ocf": -125000,
      "capex": -849000,
      "gross_margin": 0.48621463202836673,
      "op_margin": -0.361217647200714,
      "fcf_margin": -0.023494222929782666,
      "incr_op_margin_yoy": 1.246253305906553,
      "rev_growth_yoy": -0.0758582255907267,
      "rev_growth_yoy_accel": -0.06285872359014284,
      "fcf_margin_change": -0.042684841622802366
    },
    {
      "date": "2025-06-30T00:00:00",
      "quarter_label": "2025-06 (Q2)",
      "revenue": 45602000,
      "gross_profit": 23867000,
      "operating_income": -10624000,
      "net_income": null,
      "opex": 34491000,
      "cogs": 21735000,
      "rd": 8826000,
      "sga": null,
      "fcf": -1469000,
      "ocf": 108000,
      "capex": -1577000,
      "gross_margin": 0.5233761677119425,
      "op_margin": -0.23297223805973422,
      "fcf_margin": -0.032213499407920704,
      "incr_op_margin_yoy": 2.066009852216749,
      "rev_growth_yoy": -0.0217731728768475,
      "rev_growth_yoy_accel": 0.0540850527138792,
      "op_leverage_ratio": Infinity,
      "fcf_margin_change": -0.008719276478138038
    },
    {
      "date": "2025-09-30T00:00:00",
      "quarter_label": "2025-09 (Q3)",
      "revenue": 52293000,
      "gross_profit": 27551000,
      "operating_income": -9192000,
      "net_income": null,
      "opex": 36743000,
      "cogs": 24742000,
      "rd": 8956000,
      "sga": null,
      "fcf": -4555000,
      "ocf": -3898000,
      "capex": -657000,
      "gross_margin": 0.5268582793108064,
      "op_margin": -0.1757787849234123,
      "fcf_margin": -0.0871053487082401,
      "rev_growth_yoy": 0.015398058252427184,
      "rev_growth_yoy_accel": 0.03717123112927469,
      "op_leverage_ratio": 2.2472145572905364,
      "fcf_margin_change": -0.0548918493003194
    }
  ],
  "signals": [
    {
      "quarter": "2025-09 (Q3)",
      "signal": "OPERATING LEVERAGE",
      "detail": "Rev growth +14.7% vs OpEx growth +6.5% (leverage: 2.2x)",
      "severity": "MEDIUM"
    },
    {
      "quarter": "2025-06 (Q2)",
      "signal": "GROSS MARGIN INFLECTION",
      "detail": "GM: +58.5% -> +48.6% -> +52.3% (reversal +3.7%)",
      "severity": "MEDIUM"
    },
    {
      "quarter": "2025-06 (Q2)",
      "signal": "YoY REVENUE GROWTH ACCELERATION",
      "detail": "YoY growth: -2.2% vs prior quarter YoY: -7.6% (accel: +5.4%)",
      "severity": "MEDIUM"
    },
    {
      "quarter": "2025-03 (Q1)",
      "signal": "YoY REVENUE GROWTH DECELERATION",
      "detail": "YoY growth: -7.6% vs prior quarter YoY: -1.3% (decel: -6.3%)",
      "severity": "WARNING"
    },
    {
      "quarter": "2024-12 (Q4)",
      "signal": "YoY REVENUE GROWTH DECELERATION",
      "detail": "YoY growth: -1.3% vs prior quarter YoY: +7.3% (decel: -8.6%)",
      "severity": "WARNING"
    },
    {
      "quarter": "2024-12 (Q4)",
      "signal": "OP MARGIN TURNED POSITIVE (YoY)",
      "detail": "Op margin: -0.2% (year-ago) -> +5.2%",
      "severity": "HIGH"
    },
    {
      "quarter": "2024-12 (Q4)",
      "signal": "OP MARGIN TURNED POSITIVE (QoQ)",
      "detail": "Op margin: -8.2% -> +5.2%",
      "severity": "HIGH"
    },
    {
      "quarter": "2024-09 (Q3)",
      "signal": "FCF MARGIN EXPANSION",
      "detail": "FCF margin: +11.0% -> +23.7% (+12.7%)",
      "severity": "MEDIUM"
    },
    {
      "quarter": "2024-09 (Q3)",
      "signal": "YoY REVENUE GROWTH ACCELERATION",
      "detail": "YoY growth: +7.3% vs prior quarter YoY: -6.2% (accel: +13.5%)",
      "severity": "MEDIUM"
    },
    {
      "quarter": "2024-06 (Q2)",
      "signal": "OPERATING LEVERAGE",
      "detail": "Rev growth +3.9% vs OpEx growth +0.6% (leverage: 6.1x)",
      "severity": "MEDIUM"
    },
    {
      "quarter": "2024-06 (Q2)",
      "signal": "GROSS MARGIN INFLECTION",
      "detail": "GM: +56.8% -> +51.3% -> +54.6% (reversal +3.3%)",
      "severity": "MEDIUM"
    },
    {
      "quarter": "2024-06 (Q2)",
      "signal": "YoY REVENUE GROWTH DECELERATION",
      "detail": "YoY growth: -6.2% vs prior quarter YoY: +21.0% (decel: -27.1%)",
      "severity": "WARNING"
    },
    {
      "quarter": "2023-12 (Q4)",
      "signal": "FCF TURNED POSITIVE",
      "detail": "FCF margin: -11.6% -> +13.8%",
      "severity": "HIGH"
    },
    {
      "quarter": "2023-09 (Q3)",
      "signal": "YoY REVENUE GROWTH DECELERATION",
      "detail": "YoY growth: +18.6% vs prior quarter YoY: +23.7% (decel: -5.2%)",
      "severity": "WARNING"
    },
    {
      "quarter": "2023-06 (Q2)",
      "signal": "OPERATING LEVERAGE",
      "detail": "Rev growth +34.0% vs OpEx growth +12.3% (leverage: 2.8x)",
      "severity": "MEDIUM"
    },
    {
      "quarter": "2023-06 (Q2)",
      "signal": "YoY REVENUE GROWTH ACCELERATION",
      "detail": "YoY growth: +23.7% vs prior quarter YoY: +5.8% (accel: +18.0%)",
      "severity": "HIGH"
    },
    {
      "quarter": "2023-03 (Q1)",
      "signal": "FCF TURNED POSITIVE",
      "detail": "FCF margin: -0.7% -> +6.3%",
      "severity": "HIGH"
    },
    {
      "quarter": "2023-03 (Q1)",
      "signal": "YoY REVENUE GROWTH DECELERATION",
      "detail": "YoY growth: +5.8% vs prior quarter YoY: +24.3% (decel: -18.5%)",
      "severity": "WARNING"
    },
    {
      "quarter": "2022-12 (Q4)",
      "signal": "FCF MARGIN EXPANSION",
      "detail": "FCF margin: -21.3% -> -0.7% (+20.6%)",
      "severity": "MEDIUM"
    },
    {
      "quarter": "2022-12 (Q4)",
      "signal": "YoY REVENUE GROWTH ACCELERATION",
      "detail": "YoY growth: +24.3% vs prior quarter YoY: +17.7% (accel: +6.5%)",
      "severity": "MEDIUM"
    },
    {
      "quarter": "2022-09 (Q3)",
      "signal": "FCF MARGIN EXPANSION",
      "detail": "FCF margin: -26.8% -> -21.3% (+5.5%)",
      "severity": "MEDIUM"
    },
    {
      "quarter": "2022-09 (Q3)",
      "signal": "YoY REVENUE GROWTH DECELERATION",
      "detail": "YoY growth: +17.7% vs prior quarter YoY: +32.1% (decel: -14.3%)",
      "severity": "WARNING"
    },
    {
      "quarter": "2022-09 (Q3)",
      "signal": "OP MARGIN TURNED POSITIVE (QoQ)",
      "detail": "Op margin: -2.2% -> +3.4%",
      "severity": "HIGH"
    },
    {
      "quarter": "2022-06 (Q2)",
      "signal": "GROSS MARGIN INFLECTION",
      "detail": "GM: +60.8% -> +57.5% -> +61.2% (reversal +3.6%)",
      "severity": "MEDIUM"
    },
    {
      "quarter": "2022-06 (Q2)",
      "signal": "YoY REVENUE GROWTH DECELERATION",
      "detail": "YoY growth: +32.1% vs prior quarter YoY: +44.5% (decel: -12.4%)",
      "severity": "WARNING"
    },
    {
      "quarter": "2022-03 (Q1)",
      "signal": "YoY REVENUE GROWTH ACCELERATION",
      "detail": "YoY growth: +44.5% vs prior quarter YoY: +27.0% (accel: +17.4%)",
      "severity": "HIGH"
    },
    {
      "quarter": "2021-12 (Q4)",
      "signal": "FCF TURNED POSITIVE",
      "detail": "FCF margin: -0.4% -> +10.7%",
      "severity": "HIGH"
    },
    {
      "quarter": "2021-09 (Q3)",
      "signal": "FCF MARGIN EXPANSION",
      "detail": "FCF margin: -17.0% -> -0.4% (+16.6%)",
      "severity": "MEDIUM"
    },
    {
      "quarter": "2021-06 (Q2)",
      "signal": "GROSS MARGIN INFLECTION",
      "detail": "GM: +63.5% -> +59.7% -> +64.9% (reversal +5.3%)",
      "severity": "HIGH"
    }
  ],
  "data_quality": {
    "n_quarters": 20,
    "coverage": {
      "revenue": [
        20,
        20
      ],
      "gross_profit": [
        20,
        20
      ],
      "op_income": [
        20,
        20
      ],
      "fcf": [
        20,
        20
      ]
    },
    "gaps": [],
    "warnings": []
  },
  "market_cap": null,
  "source": "SEC EDGAR",
  "last_updated": "2026-02-02T22:15:22.019741",
  "sector": "Healthcare",
  "industry": "Medical Devices"
}