{
  "ticker": "CTLP",
  "name": "Cantaloupe, Inc.",
  "sector": "Technology",
  "industry": "Software - Infrastructure",
  "quarters": [
    {
      "date": "2021-03-31T00:00:00",
      "quarter_label": "2021-03 (Q1)",
      "revenue": 42760000,
      "gross_profit": 12704000,
      "operating_income": -2018000,
      "net_income": -1848000,
      "opex": 14722000,
      "cogs": 30056000,
      "rd": null,
      "sga": 13731000,
      "fcf": 8178000,
      "ocf": 8489000,
      "capex": -311000,
      "gross_margin": 0.2971000935453695,
      "op_margin": -0.047193638914873715,
      "fcf_margin": 0.1912535079513564
    },
    {
      "date": "2021-06-30T00:00:00",
      "quarter_label": "2021-06 (Q2)",
      "revenue": 49017000,
      "gross_profit": 14782000,
      "operating_income": -467000,
      "net_income": 2658000,
      "opex": 15248000,
      "cogs": 34236000,
      "rd": null,
      "sga": 14253000,
      "fcf": -215000,
      "ocf": 342000,
      "capex": -557000,
      "gross_margin": 0.3015688434624722,
      "op_margin": -0.009527306852724566,
      "fcf_margin": -0.004386233347614093,
      "op_leverage_ratio": 4.095524494303692,
      "fcf_margin_change": -0.1956397412989705
    },
    {
      "date": "2021-09-30T00:00:00",
      "quarter_label": "2021-09 (Q3)",
      "revenue": 45780000,
      "gross_profit": 14876000,
      "operating_income": -1138000,
      "net_income": -1291000,
      "opex": 16014000,
      "cogs": 30904000,
      "rd": null,
      "sga": null,
      "fcf": -2515000,
      "ocf": -874000,
      "capex": -1641000,
      "gross_margin": 0.32494539100043685,
      "op_margin": -0.024858016601135867,
      "fcf_margin": -0.054936653560506775,
      "fcf_margin_change": -0.05055042021289268
    },
    {
      "date": "2021-12-31T00:00:00",
      "quarter_label": "2021-12 (Q4)",
      "revenue": 51091000,
      "gross_profit": 15990000,
      "operating_income": -320000,
      "net_income": -468000,
      "opex": 16310000,
      "cogs": 35101000,
      "rd": null,
      "sga": null,
      "fcf": -6091000,
      "ocf": -3373000,
      "capex": -2718000,
      "gross_margin": 0.31297097336125734,
      "op_margin": -0.0062633340510070265,
      "fcf_margin": -0.11921864907713688,
      "op_leverage_ratio": 6.276371276256597,
      "fcf_margin_change": -0.06428199551663011
    },
    {
      "date": "2022-03-31T00:00:00",
      "quarter_label": "2022-03 (Q1)",
      "revenue": 50300000,
      "gross_profit": 16200000,
      "operating_income": 881000,
      "net_income": 2136000,
      "opex": 15319000,
      "cogs": 34100000,
      "rd": null,
      "sga": null,
      "fcf": -2521000,
      "ocf": 318000,
      "capex": -2839000,
      "gross_margin": 0.3220675944333996,
      "op_margin": 0.017514910536779324,
      "fcf_margin": -0.050119284294234595,
      "incr_op_margin_yoy": 0.38448275862068965,
      "rev_growth_yoy": 0.17633302151543498,
      "fcf_margin_change": 0.06909936478290228
    },
    {
      "date": "2022-06-30T00:00:00",
      "quarter_label": "2022-06 (Q2)",
      "revenue": 58031000,
      "gross_profit": 17129000,
      "operating_income": -2080000,
      "net_income": -2080000,
      "opex": 19209000,
      "cogs": 40902000,
      "rd": null,
      "sga": null,
      "fcf": -6838000,
      "ocf": -4776000,
      "capex": -2062000,
      "gross_margin": 0.2951698230256242,
      "op_margin": -0.03584291154727646,
      "fcf_margin": -0.11783357171167134,
      "incr_op_margin_yoy": -0.1789438650987353,
      "rev_growth_yoy": 0.18389538323438806,
      "rev_growth_yoy_accel": 0.007562361718953081,
      "op_leverage_ratio": 0.6052691000526405,
      "fcf_margin_change": -0.06771428741743675
    },
    {
      "date": "2022-09-30T00:00:00",
      "quarter_label": "2022-09 (Q3)",
      "revenue": 57782000,
      "gross_profit": 14162000,
      "operating_income": -8518000,
      "net_income": -8574000,
      "opex": 22680000,
      "cogs": 43620000,
      "rd": null,
      "sga": null,
      "fcf": -13988000,
      "ocf": -9032000,
      "capex": -4956000,
      "gross_margin": 0.24509362777335503,
      "op_margin": -0.14741615035824304,
      "fcf_margin": -0.2420823093696999,
      "incr_op_margin_yoy": -0.6148975170804866,
      "rev_growth_yoy": 0.2621668851026649,
      "rev_growth_yoy_accel": 0.07827150186827683,
      "fcf_margin_change": -0.12424873765802856
    },
    {
      "date": "2022-12-31T00:00:00",
      "quarter_label": "2022-12 (Q4)",
      "revenue": 61330000,
      "gross_profit": 18441000,
      "operating_income": -914000,
      "net_income": -573000,
      "opex": 19355000,
      "cogs": 42889000,
      "rd": null,
      "sga": null,
      "fcf": -11542000,
      "ocf": -7062000,
      "capex": -4480000,
      "gross_margin": 0.3006848198271645,
      "op_margin": -0.01490298385781836,
      "fcf_margin": -0.18819501059840207,
      "incr_op_margin_yoy": -0.05801347787869909,
      "rev_growth_yoy": 0.20040711671331546,
      "rev_growth_yoy_accel": -0.061759768389349434,
      "op_leverage_ratio": null,
      "fcf_margin_change": 0.05388729877129783
    },
    {
      "date": "2023-03-31T00:00:00",
      "quarter_label": "2023-03 (Q1)",
      "revenue": 60356000,
      "gross_profit": 22893000,
      "operating_income": 6740000,
      "net_income": 6948000,
      "opex": 16153000,
      "cogs": 37463000,
      "rd": null,
      "sga": null,
      "fcf": 18669000,
      "ocf": 21867000,
      "capex": -3198000,
      "gross_margin": 0.3792994896944794,
      "op_margin": 0.1116707535290609,
      "fcf_margin": 0.30931473258665254,
      "incr_op_margin_yoy": 0.5826372315035799,
      "rev_growth_yoy": 0.19992047713717695,
      "rev_growth_yoy_accel": -0.00048663957613850894,
      "fcf_margin_change": 0.4975097431850546
    },
    {
      "date": "2023-06-30T00:00:00",
      "quarter_label": "2023-06 (Q2)",
      "revenue": 64173000,
      "gross_profit": 25740000,
      "operating_income": 3451000,
      "net_income": 2832000,
      "opex": 22289000,
      "cogs": 38433000,
      "rd": null,
      "sga": null,
      "fcf": 8419000,
      "ocf": 8419000,
      "capex": null,
      "gross_margin": 0.4011032677294189,
      "op_margin": 0.053776510370405,
      "fcf_margin": 0.131192245960139,
      "incr_op_margin_yoy": 0.9005210029306415,
      "rev_growth_yoy": 0.10583998207854423,
      "rev_growth_yoy_accel": -0.09408049505863272,
      "op_leverage_ratio": 0.16648286928673442,
      "fcf_margin_change": -0.17812248662651353
    },
    {
      "date": "2023-09-30T00:00:00",
      "quarter_label": "2023-09 (Q3)",
      "revenue": 62683000,
      "gross_profit": 24328000,
      "operating_income": 2755000,
      "net_income": 2007000,
      "opex": 21573000,
      "cogs": 38355000,
      "rd": null,
      "sga": null,
      "fcf": 6703000,
      "ocf": 6703000,
      "capex": null,
      "gross_margin": 0.3881116092082383,
      "op_margin": 0.04395131056267249,
      "fcf_margin": 0.10693489462852768,
      "incr_op_margin_yoy": 2.300142827994287,
      "rev_growth_yoy": 0.08481880170295247,
      "rev_growth_yoy_accel": -0.021021180375591753,
      "fcf_margin_change": -0.024257351331611332
    },
    {
      "date": "2023-12-31T00:00:00",
      "quarter_label": "2023-12 (Q4)",
      "revenue": 65359000,
      "gross_profit": 24316000,
      "operating_income": 3585000,
      "net_income": 3124000,
      "opex": 20731000,
      "cogs": 41043000,
      "rd": null,
      "sga": null,
      "fcf": -7935000,
      "ocf": -7935000,
      "capex": null,
      "gross_margin": 0.37203751587386585,
      "op_margin": 0.054850900411573006,
      "fcf_margin": -0.12140638626661975,
      "incr_op_margin_yoy": 1.1166542566393647,
      "rev_growth_yoy": 0.06569378770585357,
      "rev_growth_yoy_accel": -0.0191250139970989,
      "op_leverage_ratio": null,
      "fcf_margin_change": -0.22834128089514744
    },
    {
      "date": "2024-03-31T00:00:00",
      "quarter_label": "2024-03 (Q1)",
      "revenue": 67897000,
      "gross_profit": 26907000,
      "operating_income": 4292000,
      "net_income": 4656000,
      "opex": 22615000,
      "cogs": 40990000,
      "rd": null,
      "sga": null,
      "fcf": 14713000,
      "ocf": 14713000,
      "capex": null,
      "gross_margin": 0.39629144144807577,
      "op_margin": 0.06321339676274357,
      "fcf_margin": 0.2166958775792745,
      "incr_op_margin_yoy": -0.3246253812491712,
      "rev_growth_yoy": 0.12494201073629796,
      "rev_growth_yoy_accel": 0.059248223030444386,
      "op_leverage_ratio": 0.4272927972628977,
      "fcf_margin_change": 0.33810226384589426
    },
    {
      "date": "2024-06-30T00:00:00",
      "quarter_label": "2024-06 (Q2)",
      "revenue": 72657000,
      "gross_profit": 27100000,
      "operating_income": 3536000,
      "net_income": 2206000,
      "opex": 23564000,
      "cogs": 45557000,
      "rd": null,
      "sga": null,
      "fcf": 14264000,
      "ocf": 14264000,
      "capex": null,
      "gross_margin": 0.3729853971399865,
      "op_margin": 0.04866702451243514,
      "fcf_margin": 0.19631969390423495,
      "incr_op_margin_yoy": 0.010018859028760018,
      "rev_growth_yoy": 0.13220513299985975,
      "rev_growth_yoy_accel": 0.007263122263561794,
      "op_leverage_ratio": 1.6706548922046167,
      "fcf_margin_change": -0.020376183675039544
    },
    {
      "date": "2024-09-30T00:00:00",
      "quarter_label": "2024-09 (Q3)",
      "revenue": 70836000,
      "gross_profit": 28851000,
      "operating_income": 4107000,
      "net_income": 3572000,
      "opex": 24744000,
      "cogs": 41985000,
      "rd": null,
      "sga": null,
      "fcf": -12018000,
      "ocf": -12018000,
      "capex": null,
      "gross_margin": 0.40729290191428086,
      "op_margin": 0.057978993732000675,
      "fcf_margin": -0.16965949517194648,
      "incr_op_margin_yoy": 0.16582852937568993,
      "rev_growth_yoy": 0.1300671633457237,
      "rev_growth_yoy_accel": -0.0021379696541360405,
      "fcf_margin_change": -0.36597918907618143
    },
    {
      "date": "2024-12-31T00:00:00",
      "quarter_label": "2024-12 (Q4)",
      "revenue": 73722000,
      "gross_profit": 30720000,
      "operating_income": 6163000,
      "net_income": 4974000,
      "opex": 24557000,
      "cogs": 43002000,
      "rd": null,
      "sga": null,
      "fcf": 522000,
      "ocf": 522000,
      "capex": null,
      "gross_margin": 0.41670057784650444,
      "op_margin": 0.08359784053606793,
      "fcf_margin": 0.00708065435012615,
      "incr_op_margin_yoy": 0.30826258519669975,
      "rev_growth_yoy": 0.1279548340702887,
      "rev_growth_yoy_accel": -0.0021123292754350043,
      "op_leverage_ratio": null,
      "fcf_margin_change": 0.17674014952207262
    },
    {
      "date": "2025-03-31T00:00:00",
      "quarter_label": "2025-03 (Q1)",
      "revenue": 75427000,
      "gross_profit": 31361000,
      "operating_income": 6899000,
      "net_income": 49156000,
      "opex": 24462000,
      "cogs": 44066000,
      "rd": null,
      "sga": null,
      "fcf": 22410000,
      "ocf": 22410000,
      "capex": null,
      "gross_margin": 0.4157794954061543,
      "op_margin": 0.09146592069152956,
      "fcf_margin": 0.29710846248690786,
      "incr_op_margin_yoy": 0.3462151394422311,
      "rev_growth_yoy": 0.11090327996818711,
      "rev_growth_yoy_accel": -0.0170515541021016,
      "op_leverage_ratio": null,
      "fcf_margin_change": 0.2900278081367817
    },
    {
      "date": "2025-06-30T00:00:00",
      "quarter_label": "2025-06 (Q2)",
      "revenue": 82563000,
      "gross_profit": 32892000,
      "operating_income": 5162000,
      "net_income": 6831000,
      "opex": 27730000,
      "cogs": 49671000,
      "rd": null,
      "sga": null,
      "fcf": 9426000,
      "ocf": 9426000,
      "capex": null,
      "gross_margin": 0.39838668653028597,
      "op_margin": 0.06252195293291184,
      "fcf_margin": 0.11416736310453836,
      "incr_op_margin_yoy": 0.16414294367050272,
      "rev_growth_yoy": 0.13633923778851315,
      "rev_growth_yoy_accel": 0.02543595782032604,
      "op_leverage_ratio": 0.7081706453988867,
      "fcf_margin_change": -0.18294109938236952
    },
    {
      "date": "2025-09-30T00:00:00",
      "quarter_label": "2025-09 (Q3)",
      "revenue": 80853000,
      "gross_profit": 33514000,
      "operating_income": 1628000,
      "net_income": -919000,
      "opex": 31886000,
      "cogs": 47339000,
      "rd": null,
      "sga": null,
      "fcf": 6973000,
      "ocf": 6973000,
      "capex": null,
      "gross_margin": 0.4145053368458808,
      "op_margin": 0.02013530728606236,
      "fcf_margin": 0.08624293470866883,
      "incr_op_margin_yoy": -0.24747928521513426,
      "rev_growth_yoy": 0.1414111468744706,
      "rev_growth_yoy_accel": 0.005071909085957449,
      "fcf_margin_change": -0.027924428395869533
    },
    {
      "date": "2025-12-31T00:00:00",
      "quarter_label": "2025-12 (Q4)",
      "revenue": 78712000,
      "gross_profit": 30544000,
      "operating_income": 1606000,
      "net_income": -70000,
      "opex": 28938000,
      "cogs": 48168000,
      "rd": null,
      "sga": null,
      "fcf": 3150000,
      "ocf": 3150000,
      "capex": null,
      "gross_margin": 0.3880475658095335,
      "op_margin": 0.020403496290273403,
      "fcf_margin": 0.040019310905579836,
      "incr_op_margin_yoy": -0.9132264529058116,
      "rev_growth_yoy": 0.06768671495618675,
      "rev_growth_yoy_accel": -0.07372443191828384,
      "fcf_margin_change": -0.04622362380308899
    }
  ],
  "signals": [
    {
      "quarter": "2025-12 (Q4)",
      "signal": "YoY REVENUE GROWTH DECELERATION",
      "detail": "YoY growth: +6.8% vs prior quarter YoY: +14.1% (decel: -7.4%)",
      "severity": "WARNING"
    },
    {
      "quarter": "2025-06 (Q2)",
      "signal": "INCREMENTAL MARGIN (YoY)",
      "detail": "YoY Incr OPM: +16.4% vs year-ago OPM: +4.9%",
      "severity": "MEDIUM"
    },
    {
      "quarter": "2025-03 (Q1)",
      "signal": "FCF MARGIN EXPANSION",
      "detail": "FCF margin: +0.7% -> +29.7% (+29.0%)",
      "severity": "MEDIUM"
    },
    {
      "quarter": "2025-03 (Q1)",
      "signal": "INCREMENTAL MARGIN (YoY)",
      "detail": "YoY Incr OPM: +34.6% vs year-ago OPM: +6.3%",
      "severity": "HIGH"
    },
    {
      "quarter": "2024-12 (Q4)",
      "signal": "FCF TURNED POSITIVE",
      "detail": "FCF margin: -17.0% -> +0.7%",
      "severity": "HIGH"
    },
    {
      "quarter": "2024-12 (Q4)",
      "signal": "INCREMENTAL MARGIN (YoY)",
      "detail": "YoY Incr OPM: +30.8% vs year-ago OPM: +5.5%",
      "severity": "HIGH"
    },
    {
      "quarter": "2024-09 (Q3)",
      "signal": "GROSS MARGIN INFLECTION",
      "detail": "GM: +39.6% -> +37.3% -> +40.7% (reversal +3.4%)",
      "severity": "MEDIUM"
    },
    {
      "quarter": "2024-09 (Q3)",
      "signal": "INCREMENTAL MARGIN (YoY)",
      "detail": "YoY Incr OPM: +16.6% vs year-ago OPM: +4.4%",
      "severity": "MEDIUM"
    },
    {
      "quarter": "2024-06 (Q2)",
      "signal": "OPERATING LEVERAGE",
      "detail": "Rev growth +7.0% vs OpEx growth +4.2% (leverage: 1.7x)",
      "severity": "MEDIUM"
    },
    {
      "quarter": "2024-03 (Q1)",
      "signal": "FCF TURNED POSITIVE",
      "detail": "FCF margin: -12.1% -> +21.7%",
      "severity": "HIGH"
    },
    {
      "quarter": "2024-03 (Q1)",
      "signal": "GROSS MARGIN INFLECTION",
      "detail": "GM: +38.8% -> +37.2% -> +39.6% (reversal +2.4%)",
      "severity": "MEDIUM"
    },
    {
      "quarter": "2024-03 (Q1)",
      "signal": "YoY REVENUE GROWTH ACCELERATION",
      "detail": "YoY growth: +12.5% vs prior quarter YoY: +6.6% (accel: +5.9%)",
      "severity": "MEDIUM"
    },
    {
      "quarter": "2023-12 (Q4)",
      "signal": "OP MARGIN TURNED POSITIVE (YoY)",
      "detail": "Op margin: -1.5% (year-ago) -> +5.5%",
      "severity": "HIGH"
    },
    {
      "quarter": "2023-09 (Q3)",
      "signal": "OP MARGIN TURNED POSITIVE (YoY)",
      "detail": "Op margin: -14.7% (year-ago) -> +4.4%",
      "severity": "HIGH"
    },
    {
      "quarter": "2023-06 (Q2)",
      "signal": "YoY REVENUE GROWTH DECELERATION",
      "detail": "YoY growth: +10.6% vs prior quarter YoY: +20.0% (decel: -9.4%)",
      "severity": "WARNING"
    },
    {
      "quarter": "2023-06 (Q2)",
      "signal": "OP MARGIN TURNED POSITIVE (YoY)",
      "detail": "Op margin: -3.6% (year-ago) -> +5.4%",
      "severity": "HIGH"
    },
    {
      "quarter": "2023-03 (Q1)",
      "signal": "FCF TURNED POSITIVE",
      "detail": "FCF margin: -18.8% -> +30.9%",
      "severity": "HIGH"
    },
    {
      "quarter": "2023-03 (Q1)",
      "signal": "INCREMENTAL MARGIN (YoY)",
      "detail": "YoY Incr OPM: +58.3% vs year-ago OPM: +1.8%",
      "severity": "HIGH"
    },
    {
      "quarter": "2023-03 (Q1)",
      "signal": "OP MARGIN TURNED POSITIVE (QoQ)",
      "detail": "Op margin: -1.5% -> +11.2%",
      "severity": "HIGH"
    },
    {
      "quarter": "2022-12 (Q4)",
      "signal": "FCF MARGIN EXPANSION",
      "detail": "FCF margin: -24.2% -> -18.8% (+5.4%)",
      "severity": "MEDIUM"
    },
    {
      "quarter": "2022-12 (Q4)",
      "signal": "GROSS MARGIN INFLECTION",
      "detail": "GM: +29.5% -> +24.5% -> +30.1% (reversal +5.6%)",
      "severity": "HIGH"
    },
    {
      "quarter": "2022-12 (Q4)",
      "signal": "YoY REVENUE GROWTH DECELERATION",
      "detail": "YoY growth: +20.0% vs prior quarter YoY: +26.2% (decel: -6.2%)",
      "severity": "WARNING"
    },
    {
      "quarter": "2022-09 (Q3)",
      "signal": "YoY REVENUE GROWTH ACCELERATION",
      "detail": "YoY growth: +26.2% vs prior quarter YoY: +18.4% (accel: +7.8%)",
      "severity": "MEDIUM"
    },
    {
      "quarter": "2022-03 (Q1)",
      "signal": "FCF MARGIN EXPANSION",
      "detail": "FCF margin: -11.9% -> -5.0% (+6.9%)",
      "severity": "MEDIUM"
    },
    {
      "quarter": "2022-03 (Q1)",
      "signal": "OP MARGIN TURNED POSITIVE (YoY)",
      "detail": "Op margin: -4.7% (year-ago) -> +1.8%",
      "severity": "HIGH"
    },
    {
      "quarter": "2022-03 (Q1)",
      "signal": "OP MARGIN TURNED POSITIVE (QoQ)",
      "detail": "Op margin: -0.6% -> +1.8%",
      "severity": "HIGH"
    },
    {
      "quarter": "2021-12 (Q4)",
      "signal": "OPERATING LEVERAGE",
      "detail": "Rev growth +11.6% vs OpEx growth +1.8% (leverage: 6.3x)",
      "severity": "MEDIUM"
    },
    {
      "quarter": "2021-06 (Q2)",
      "signal": "OPERATING LEVERAGE",
      "detail": "Rev growth +14.6% vs OpEx growth +3.6% (leverage: 4.1x)",
      "severity": "MEDIUM"
    }
  ],
  "data_quality": {
    "n_quarters": 20,
    "coverage": {
      "revenue": [
        20,
        20
      ],
      "gross_profit": [
        20,
        20
      ],
      "op_income": [
        20,
        20
      ],
      "fcf": [
        20,
        20
      ]
    },
    "gaps": [],
    "warnings": []
  },
  "market_cap": null,
  "source": "SEC EDGAR",
  "last_updated": "2026-02-09T19:07:19.926409"
}