{
  "ticker": "CTO",
  "name": "CTO REALTY GROWTH, INC.",
  "quarters": [
    {
      "date": "2020-12-31T00:00:00",
      "quarter_label": "2020-12 (Q4)",
      "revenue": 15961000,
      "gross_profit": 12286000,
      "operating_income": -267000,
      "net_income": 79681839,
      "opex": 18609000,
      "cogs": 3675000,
      "rd": null,
      "sga": null,
      "fcf": 5030000,
      "ocf": 5030000,
      "capex": null,
      "gross_margin": 0.7697512687174989,
      "op_margin": -0.01672827517072865,
      "fcf_margin": 0.3151431614560491
    },
    {
      "date": "2021-03-31T00:00:00",
      "quarter_label": "2021-03 (Q1)",
      "revenue": 14712000,
      "gross_profit": 11713000,
      "operating_income": 4459000,
      "net_income": 7785000,
      "opex": 7254000,
      "cogs": 2999000,
      "rd": null,
      "sga": null,
      "fcf": 6338000,
      "ocf": 6338000,
      "capex": null,
      "gross_margin": 0.796152800435019,
      "op_margin": 0.3030859162588363,
      "fcf_margin": 0.4308047852093529,
      "fcf_margin_change": 0.1156616237533038
    },
    {
      "date": "2021-06-30T00:00:00",
      "quarter_label": "2021-06 (Q2)",
      "revenue": 14283000,
      "gross_profit": 10963000,
      "operating_income": -9169000,
      "net_income": -3724000,
      "opex": 20132000,
      "cogs": 3320000,
      "rd": null,
      "sga": null,
      "fcf": 11952000,
      "ocf": 11952000,
      "capex": null,
      "gross_margin": 0.7675558356087656,
      "op_margin": -0.6419519708744661,
      "fcf_margin": 0.8367989918084436,
      "fcf_margin_change": 0.40599420659909075
    },
    {
      "date": "2021-09-30T00:00:00",
      "quarter_label": "2021-09 (Q3)",
      "revenue": 16577000,
      "gross_profit": 12341000,
      "operating_income": 26760000,
      "net_income": 23947000,
      "opex": -14419000,
      "cogs": 4236000,
      "rd": null,
      "sga": null,
      "fcf": -5925000,
      "ocf": -5925000,
      "capex": null,
      "gross_margin": 0.7444652228991977,
      "op_margin": 1.6142848525064848,
      "fcf_margin": -0.35742293539241116,
      "op_leverage_ratio": Infinity,
      "fcf_margin_change": -1.1942219272008547
    },
    {
      "date": "2021-12-31T00:00:00",
      "quarter_label": "2021-12 (Q4)",
      "revenue": 24700000,
      "gross_profit": 12825000,
      "operating_income": 1295000,
      "net_income": 1932000,
      "opex": 11530000,
      "cogs": 11875000,
      "rd": null,
      "sga": null,
      "fcf": 15212000,
      "ocf": 15212000,
      "capex": null,
      "gross_margin": 0.5192307692307693,
      "op_margin": 0.05242914979757085,
      "fcf_margin": 0.6158704453441296,
      "incr_op_margin_yoy": 0.1787389861540222,
      "rev_growth_yoy": 0.5475220850823883,
      "op_leverage_ratio": Infinity,
      "fcf_margin_change": 0.9732933807365407
    },
    {
      "date": "2022-03-31T00:00:00",
      "quarter_label": "2022-03 (Q1)",
      "revenue": 17210000,
      "gross_profit": 13143000,
      "operating_income": 3486000,
      "net_income": 202000,
      "opex": 9657000,
      "cogs": 4067000,
      "rd": null,
      "sga": null,
      "fcf": 11428000,
      "ocf": 11428000,
      "capex": null,
      "gross_margin": 0.763683904706566,
      "op_margin": 0.20255665310865775,
      "fcf_margin": 0.664032539221383,
      "incr_op_margin_yoy": -0.38951160928742995,
      "rev_growth_yoy": 0.16979336595976074,
      "rev_growth_yoy_accel": -0.37772871912262757,
      "fcf_margin_change": 0.04816209387725334
    },
    {
      "date": "2022-06-30T00:00:00",
      "quarter_label": "2022-06 (Q2)",
      "revenue": 19463000,
      "gross_profit": 14423000,
      "operating_income": 5020000,
      "net_income": 1218000,
      "opex": 9403000,
      "cogs": 5040000,
      "rd": null,
      "sga": null,
      "fcf": 10985000,
      "ocf": 10985000,
      "capex": null,
      "gross_margin": 0.7410471150387915,
      "op_margin": 0.2579252941478703,
      "fcf_margin": 0.5644042542259672,
      "incr_op_margin_yoy": 2.7391891891891893,
      "rev_growth_yoy": 0.36266890709234756,
      "rev_growth_yoy_accel": 0.19287554113258681,
      "op_leverage_ratio": Infinity,
      "fcf_margin_change": -0.09962828499541576
    },
    {
      "date": "2022-09-30T00:00:00",
      "quarter_label": "2022-09 (Q3)",
      "revenue": 23117000,
      "gross_profit": 16341000,
      "operating_income": 10756000,
      "net_income": 4817000,
      "opex": 5585000,
      "cogs": 6776000,
      "rd": null,
      "sga": null,
      "fcf": 11667000,
      "ocf": 11667000,
      "capex": null,
      "gross_margin": 0.7068823809317818,
      "op_margin": 0.46528528788337586,
      "fcf_margin": 0.5046935155945841,
      "incr_op_margin_yoy": -2.4470948012232414,
      "rev_growth_yoy": 0.3945225312179526,
      "rev_growth_yoy_accel": 0.03185362412560505,
      "op_leverage_ratio": Infinity,
      "fcf_margin_change": -0.0597107386313831
    },
    {
      "date": "2022-12-31T00:00:00",
      "quarter_label": "2022-12 (Q4)",
      "revenue": 22530000,
      "gross_profit": 15556000,
      "operating_income": -8595000,
      "net_income": -3079000,
      "opex": 24151000,
      "cogs": 6974000,
      "rd": null,
      "sga": null,
      "fcf": 22017000,
      "ocf": 22017000,
      "capex": null,
      "gross_margin": 0.6904571682201509,
      "op_margin": -0.381491344873502,
      "fcf_margin": 0.9772303595206392,
      "incr_op_margin_yoy": 4.557603686635945,
      "rev_growth_yoy": -0.08785425101214575,
      "rev_growth_yoy_accel": -0.4823767822300984,
      "fcf_margin_change": 0.4725368439260551
    },
    {
      "date": "2023-03-31T00:00:00",
      "quarter_label": "2023-03 (Q1)",
      "revenue": 24717000,
      "gross_profit": 17479000,
      "operating_income": 2957000,
      "net_income": -5993000,
      "opex": 14522000,
      "cogs": 7238000,
      "rd": null,
      "sga": null,
      "fcf": 9327000,
      "ocf": 9327000,
      "capex": null,
      "gross_margin": 0.7071651090342679,
      "op_margin": 0.1196342598211757,
      "fcf_margin": 0.37735162034227454,
      "incr_op_margin_yoy": -0.07046756360729986,
      "rev_growth_yoy": 0.43619988378849506,
      "rev_growth_yoy_accel": 0.5240541348006408,
      "op_leverage_ratio": Infinity,
      "fcf_margin_change": -0.5998787391783647
    },
    {
      "date": "2023-06-30T00:00:00",
      "quarter_label": "2023-06 (Q2)",
      "revenue": 26047000,
      "gross_profit": 18738000,
      "operating_income": 5683000,
      "net_income": 1800000,
      "opex": 13055000,
      "cogs": 7309000,
      "rd": null,
      "sga": null,
      "fcf": 15694000,
      "ocf": 15694000,
      "capex": null,
      "gross_margin": 0.7193918685453219,
      "op_margin": 0.218182516220678,
      "fcf_margin": 0.6025262026337006,
      "incr_op_margin_yoy": 0.10069866342648846,
      "rev_growth_yoy": 0.33828289575091197,
      "rev_growth_yoy_accel": -0.09791698803758309,
      "op_leverage_ratio": Infinity,
      "fcf_margin_change": 0.22517458229142606
    },
    {
      "date": "2023-09-30T00:00:00",
      "quarter_label": "2023-09 (Q3)",
      "revenue": 28470000,
      "gross_profit": 21258000,
      "operating_income": 7685000,
      "net_income": 2686000,
      "opex": 13573000,
      "cogs": 7212000,
      "rd": null,
      "sga": null,
      "fcf": 14924000,
      "ocf": 14924000,
      "capex": null,
      "gross_margin": 0.7466807165437302,
      "op_margin": 0.269933263083948,
      "fcf_margin": 0.5242009132420091,
      "incr_op_margin_yoy": -0.5736969923407436,
      "rev_growth_yoy": 0.23156118873556258,
      "rev_growth_yoy_accel": -0.10672170701534939,
      "op_leverage_ratio": 2.3444599627077456,
      "fcf_margin_change": -0.07832528939169148
    },
    {
      "date": "2023-12-31T00:00:00",
      "quarter_label": "2023-12 (Q4)",
      "revenue": 29885000,
      "gross_profit": 21466000,
      "operating_income": 10181000,
      "net_income": 7037000,
      "opex": 11285000,
      "cogs": 8419000,
      "rd": null,
      "sga": null,
      "fcf": 6476000,
      "ocf": 6476000,
      "capex": null,
      "gross_margin": 0.7182867659360883,
      "op_margin": 0.34067257821649655,
      "fcf_margin": 0.21669733980257655,
      "incr_op_margin_yoy": 2.552821210061183,
      "rev_growth_yoy": 0.3264536173990235,
      "rev_growth_yoy_accel": 0.09489242866346093,
      "op_leverage_ratio": Infinity,
      "fcf_margin_change": -0.3075035734394326
    },
    {
      "date": "2024-03-31T00:00:00",
      "quarter_label": "2024-03 (Q1)",
      "revenue": 28127000,
      "gross_profit": 20555000,
      "operating_income": 14523000,
      "net_income": 5842000,
      "opex": 6032000,
      "cogs": 7572000,
      "rd": null,
      "sga": null,
      "fcf": 11757000,
      "ocf": 11757000,
      "capex": null,
      "gross_margin": 0.7307924769794149,
      "op_margin": 0.5163366160628577,
      "fcf_margin": 0.41799694243964874,
      "incr_op_margin_yoy": 3.391788856304985,
      "rev_growth_yoy": 0.13796172674677348,
      "rev_growth_yoy_accel": -0.18849189065225003,
      "fcf_margin_change": 0.2012996026370722
    },
    {
      "date": "2024-06-30T00:00:00",
      "quarter_label": "2024-06 (Q2)",
      "revenue": 28845000,
      "gross_profit": 20506000,
      "operating_income": 5431000,
      "net_income": 1183000,
      "opex": 15075000,
      "cogs": 8339000,
      "rd": null,
      "sga": null,
      "fcf": 12883000,
      "ocf": 12883000,
      "capex": null,
      "gross_margin": 0.7109031027907783,
      "op_margin": 0.18828219795458484,
      "fcf_margin": 0.446628531807939,
      "incr_op_margin_yoy": -0.09006433166547534,
      "rev_growth_yoy": 0.1074212001382117,
      "rev_growth_yoy_accel": -0.030540526608561783,
      "op_leverage_ratio": 0.01702745860202233,
      "fcf_margin_change": 0.028631589368290244
    },
    {
      "date": "2024-09-30T00:00:00",
      "quarter_label": "2024-09 (Q3)",
      "revenue": 31805000,
      "gross_profit": 23649000,
      "operating_income": 4960000,
      "net_income": 6227000,
      "opex": 18689000,
      "cogs": 8156000,
      "rd": null,
      "sga": null,
      "fcf": 21193000,
      "ocf": 21193000,
      "capex": null,
      "gross_margin": 0.7435623329665147,
      "op_margin": 0.15595032227637165,
      "fcf_margin": 0.6663417701619242,
      "incr_op_margin_yoy": -0.8170914542728636,
      "rev_growth_yoy": 0.11714085001756235,
      "rev_growth_yoy_accel": 0.009719649879350645,
      "op_leverage_ratio": 0.4280458988143699,
      "fcf_margin_change": 0.2197132383539852
    },
    {
      "date": "2024-12-31T00:00:00",
      "quarter_label": "2024-12 (Q4)",
      "revenue": 35742000,
      "gross_profit": 26587000,
      "operating_income": -7303000,
      "net_income": -15217000,
      "opex": 33890000,
      "cogs": 9155000,
      "rd": null,
      "sga": null,
      "fcf": 23517000,
      "ocf": 23517000,
      "capex": null,
      "gross_margin": 0.743858765597896,
      "op_margin": -0.20432544345587825,
      "fcf_margin": 0.657965418834984,
      "incr_op_margin_yoy": -2.9851459791702237,
      "rev_growth_yoy": 0.19598460766270703,
      "rev_growth_yoy_accel": 0.07884375764514469,
      "op_leverage_ratio": 0.152189230056384,
      "fcf_margin_change": -0.008376351326940146
    },
    {
      "date": "2025-03-31T00:00:00",
      "quarter_label": "2025-03 (Q1)",
      "revenue": 35811000,
      "gross_profit": 26920000,
      "operating_income": 7873000,
      "net_income": 2261000,
      "opex": 19047000,
      "cogs": 8891000,
      "rd": null,
      "sga": null,
      "fcf": 10311000,
      "ocf": 10311000,
      "capex": null,
      "gross_margin": 0.7517243305129708,
      "op_margin": 0.21984864985618943,
      "fcf_margin": 0.287928290190165,
      "incr_op_margin_yoy": -0.8654346694429984,
      "rev_growth_yoy": 0.27318946208269634,
      "rev_growth_yoy_accel": 0.07720485441998931,
      "fcf_margin_change": -0.370037128644819
    },
    {
      "date": "2025-06-30T00:00:00",
      "quarter_label": "2025-06 (Q2)",
      "revenue": 37638000,
      "gross_profit": 27460000,
      "operating_income": -12678000,
      "net_income": -23418000,
      "opex": 40138000,
      "cogs": 10178000,
      "rd": null,
      "sga": null,
      "fcf": 21926000,
      "ocf": 21926000,
      "capex": null,
      "gross_margin": 0.7295818056219778,
      "op_margin": -0.33684042722780166,
      "fcf_margin": 0.5825495509857059,
      "incr_op_margin_yoy": -2.059479131127033,
      "rev_growth_yoy": 0.30483619344773794,
      "rev_growth_yoy_accel": 0.03164673136504159,
      "op_leverage_ratio": 0.04607353224408229,
      "fcf_margin_change": 0.2946212607955409
    },
    {
      "date": "2025-09-30T00:00:00",
      "quarter_label": "2025-09 (Q3)",
      "revenue": 37757000,
      "gross_profit": 28483000,
      "operating_income": 10026000,
      "net_income": 2914000,
      "opex": 18457000,
      "cogs": 9274000,
      "rd": null,
      "sga": null,
      "fcf": 25501000,
      "ocf": 25501000,
      "capex": null,
      "gross_margin": 0.7543766718754138,
      "op_margin": 0.26554016473766456,
      "fcf_margin": 0.6753979394549355,
      "incr_op_margin_yoy": 0.8511424731182796,
      "rev_growth_yoy": 0.18714038673164596,
      "rev_growth_yoy_accel": -0.11769580671609198,
      "fcf_margin_change": 0.0928483884692296
    }
  ],
  "signals": [
    {
      "quarter": "2025-09 (Q3)",
      "signal": "FCF MARGIN EXPANSION",
      "detail": "FCF margin: +58.3% -> +67.5% (+9.3%)",
      "severity": "MEDIUM"
    },
    {
      "quarter": "2025-09 (Q3)",
      "signal": "GROSS MARGIN INFLECTION",
      "detail": "GM: +75.2% -> +73.0% -> +75.4% (reversal +2.5%)",
      "severity": "MEDIUM"
    },
    {
      "quarter": "2025-09 (Q3)",
      "signal": "YoY REVENUE GROWTH DECELERATION",
      "detail": "YoY growth: +18.7% vs prior quarter YoY: +30.5% (decel: -11.8%)",
      "severity": "WARNING"
    },
    {
      "quarter": "2025-09 (Q3)",
      "signal": "INCREMENTAL MARGIN (YoY)",
      "detail": "YoY Incr OPM: +85.1% vs year-ago OPM: +15.6%",
      "severity": "HIGH"
    },
    {
      "quarter": "2025-09 (Q3)",
      "signal": "OP MARGIN TURNED POSITIVE (QoQ)",
      "detail": "Op margin: -33.7% -> +26.6%",
      "severity": "HIGH"
    },
    {
      "quarter": "2025-06 (Q2)",
      "signal": "FCF MARGIN EXPANSION",
      "detail": "FCF margin: +28.8% -> +58.3% (+29.5%)",
      "severity": "MEDIUM"
    },
    {
      "quarter": "2025-03 (Q1)",
      "signal": "YoY REVENUE GROWTH ACCELERATION",
      "detail": "YoY growth: +27.3% vs prior quarter YoY: +19.6% (accel: +7.7%)",
      "severity": "MEDIUM"
    },
    {
      "quarter": "2025-03 (Q1)",
      "signal": "OP MARGIN TURNED POSITIVE (QoQ)",
      "detail": "Op margin: -20.4% -> +22.0%",
      "severity": "HIGH"
    },
    {
      "quarter": "2024-12 (Q4)",
      "signal": "YoY REVENUE GROWTH ACCELERATION",
      "detail": "YoY growth: +19.6% vs prior quarter YoY: +11.7% (accel: +7.9%)",
      "severity": "MEDIUM"
    },
    {
      "quarter": "2024-09 (Q3)",
      "signal": "FCF MARGIN EXPANSION",
      "detail": "FCF margin: +44.7% -> +66.6% (+22.0%)",
      "severity": "MEDIUM"
    },
    {
      "quarter": "2024-09 (Q3)",
      "signal": "GROSS MARGIN INFLECTION",
      "detail": "GM: +73.1% -> +71.1% -> +74.4% (reversal +3.3%)",
      "severity": "MEDIUM"
    },
    {
      "quarter": "2024-03 (Q1)",
      "signal": "FCF MARGIN EXPANSION",
      "detail": "FCF margin: +21.7% -> +41.8% (+20.1%)",
      "severity": "MEDIUM"
    },
    {
      "quarter": "2024-03 (Q1)",
      "signal": "YoY REVENUE GROWTH DECELERATION",
      "detail": "YoY growth: +13.8% vs prior quarter YoY: +32.6% (decel: -18.8%)",
      "severity": "WARNING"
    },
    {
      "quarter": "2024-03 (Q1)",
      "signal": "INCREMENTAL MARGIN (YoY)",
      "detail": "YoY Incr OPM: +339.2% vs year-ago OPM: +12.0%",
      "severity": "HIGH"
    },
    {
      "quarter": "2023-12 (Q4)",
      "signal": "YoY REVENUE GROWTH ACCELERATION",
      "detail": "YoY growth: +32.6% vs prior quarter YoY: +23.2% (accel: +9.5%)",
      "severity": "MEDIUM"
    },
    {
      "quarter": "2023-12 (Q4)",
      "signal": "OP MARGIN TURNED POSITIVE (YoY)",
      "detail": "Op margin: -38.1% (year-ago) -> +34.1%",
      "severity": "HIGH"
    },
    {
      "quarter": "2023-09 (Q3)",
      "signal": "OPERATING LEVERAGE",
      "detail": "Rev growth +9.3% vs OpEx growth +4.0% (leverage: 2.3x)",
      "severity": "MEDIUM"
    },
    {
      "quarter": "2023-09 (Q3)",
      "signal": "YoY REVENUE GROWTH DECELERATION",
      "detail": "YoY growth: +23.2% vs prior quarter YoY: +33.8% (decel: -10.7%)",
      "severity": "WARNING"
    },
    {
      "quarter": "2023-06 (Q2)",
      "signal": "FCF MARGIN EXPANSION",
      "detail": "FCF margin: +37.7% -> +60.3% (+22.5%)",
      "severity": "MEDIUM"
    },
    {
      "quarter": "2023-06 (Q2)",
      "signal": "YoY REVENUE GROWTH DECELERATION",
      "detail": "YoY growth: +33.8% vs prior quarter YoY: +43.6% (decel: -9.8%)",
      "severity": "WARNING"
    },
    {
      "quarter": "2023-03 (Q1)",
      "signal": "YoY REVENUE GROWTH ACCELERATION",
      "detail": "YoY growth: +43.6% vs prior quarter YoY: -8.8% (accel: +52.4%)",
      "severity": "HIGH"
    },
    {
      "quarter": "2023-03 (Q1)",
      "signal": "OP MARGIN TURNED POSITIVE (QoQ)",
      "detail": "Op margin: -38.1% -> +12.0%",
      "severity": "HIGH"
    },
    {
      "quarter": "2022-12 (Q4)",
      "signal": "FCF MARGIN EXPANSION",
      "detail": "FCF margin: +50.5% -> +97.7% (+47.3%)",
      "severity": "MEDIUM"
    },
    {
      "quarter": "2022-12 (Q4)",
      "signal": "YoY REVENUE GROWTH DECELERATION",
      "detail": "YoY growth: -8.8% vs prior quarter YoY: +39.5% (decel: -48.2%)",
      "severity": "WARNING"
    },
    {
      "quarter": "2022-06 (Q2)",
      "signal": "YoY REVENUE GROWTH ACCELERATION",
      "detail": "YoY growth: +36.3% vs prior quarter YoY: +17.0% (accel: +19.3%)",
      "severity": "HIGH"
    },
    {
      "quarter": "2022-06 (Q2)",
      "signal": "OP MARGIN TURNED POSITIVE (YoY)",
      "detail": "Op margin: -64.2% (year-ago) -> +25.8%",
      "severity": "HIGH"
    },
    {
      "quarter": "2022-03 (Q1)",
      "signal": "GROSS MARGIN INFLECTION",
      "detail": "GM: +74.4% -> +51.9% -> +76.4% (reversal +24.4%)",
      "severity": "HIGH"
    },
    {
      "quarter": "2022-03 (Q1)",
      "signal": "YoY REVENUE GROWTH DECELERATION",
      "detail": "YoY growth: +17.0% vs prior quarter YoY: +54.8% (decel: -37.8%)",
      "severity": "WARNING"
    },
    {
      "quarter": "2021-12 (Q4)",
      "signal": "FCF TURNED POSITIVE",
      "detail": "FCF margin: -35.7% -> +61.6%",
      "severity": "HIGH"
    },
    {
      "quarter": "2021-12 (Q4)",
      "signal": "OP MARGIN TURNED POSITIVE (YoY)",
      "detail": "Op margin: -1.7% (year-ago) -> +5.2%",
      "severity": "HIGH"
    },
    {
      "quarter": "2021-09 (Q3)",
      "signal": "OP MARGIN TURNED POSITIVE (QoQ)",
      "detail": "Op margin: -64.2% -> +161.4%",
      "severity": "HIGH"
    },
    {
      "quarter": "2021-06 (Q2)",
      "signal": "FCF MARGIN EXPANSION",
      "detail": "FCF margin: +43.1% -> +83.7% (+40.6%)",
      "severity": "MEDIUM"
    },
    {
      "quarter": "2021-03 (Q1)",
      "signal": "FCF MARGIN EXPANSION",
      "detail": "FCF margin: +31.5% -> +43.1% (+11.6%)",
      "severity": "MEDIUM"
    },
    {
      "quarter": "2021-03 (Q1)",
      "signal": "OP MARGIN TURNED POSITIVE (QoQ)",
      "detail": "Op margin: -1.7% -> +30.3%",
      "severity": "HIGH"
    }
  ],
  "data_quality": {
    "n_quarters": 20,
    "coverage": {
      "revenue": [
        20,
        20
      ],
      "gross_profit": [
        20,
        20
      ],
      "op_income": [
        20,
        20
      ],
      "fcf": [
        20,
        20
      ]
    },
    "gaps": [],
    "warnings": []
  },
  "market_cap": null,
  "source": "SEC EDGAR",
  "last_updated": "2026-02-02T22:19:50.094743",
  "sector": "Real Estate",
  "industry": "REIT - Diversified"
}