{
  "ticker": "CTOS",
  "name": "CUSTOM TRUCK ONE SOURCE, INC.",
  "quarters": [
    {
      "date": "2020-12-31T00:00:00",
      "quarter_label": "2020-12 (Q4)",
      "revenue": 83255000,
      "gross_profit": 23067000,
      "operating_income": 2974000,
      "net_income": -7331000,
      "opex": 20093000,
      "cogs": 60188000,
      "rd": null,
      "sga": 12195000,
      "fcf": 27963000,
      "ocf": 27963000,
      "capex": null,
      "gross_margin": 0.2770644405741397,
      "op_margin": 0.035721578283586575,
      "fcf_margin": 0.33587171941625127
    },
    {
      "date": "2021-03-31T00:00:00",
      "quarter_label": "2021-03 (Q1)",
      "revenue": 78299000,
      "gross_profit": 20219000,
      "operating_income": -3054000,
      "net_income": -27907000,
      "opex": 23273000,
      "cogs": 58080000,
      "rd": null,
      "sga": 11339000,
      "fcf": -12086000,
      "ocf": -12086000,
      "capex": null,
      "gross_margin": 0.25822807443262363,
      "op_margin": -0.03900432955721018,
      "fcf_margin": -0.1543570160538449,
      "fcf_margin_change": -0.49022873547009616
    },
    {
      "date": "2021-06-30T00:00:00",
      "quarter_label": "2021-06 (Q2)",
      "revenue": 375111000,
      "gross_profit": 46690000,
      "operating_income": -43432000,
      "net_income": -129356000,
      "opex": 90122000,
      "cogs": 328421000,
      "rd": null,
      "sga": 51264000,
      "fcf": 69311000,
      "ocf": 69311000,
      "capex": null,
      "gross_margin": 0.1244698235988814,
      "op_margin": -0.11578439448589883,
      "fcf_margin": 0.18477464003988153,
      "op_leverage_ratio": 1.3197227227487405,
      "fcf_margin_change": 0.3391316560937264
    },
    {
      "date": "2021-09-30T00:00:00",
      "quarter_label": "2021-09 (Q3)",
      "revenue": 357305000,
      "gross_profit": 65252000,
      "operating_income": -5322000,
      "net_income": -20525000,
      "opex": 70574000,
      "cogs": 292053000,
      "rd": null,
      "sga": 48625000,
      "fcf": 55530000,
      "ocf": 55530000,
      "capex": null,
      "gross_margin": 0.18262268929905823,
      "op_margin": -0.014894837743664376,
      "fcf_margin": 0.15541344229719709,
      "fcf_margin_change": -0.029361197742684447
    },
    {
      "date": "2021-12-31T00:00:00",
      "quarter_label": "2021-12 (Q4)",
      "revenue": 356439000,
      "gross_profit": 77852000,
      "operating_income": 9841000,
      "net_income": -3713000,
      "opex": 68011000,
      "cogs": 278587000,
      "rd": null,
      "sga": 43844000,
      "fcf": 26171000,
      "ocf": 26171000,
      "capex": null,
      "gross_margin": 0.21841605435993255,
      "op_margin": 0.027609212235473673,
      "fcf_margin": 0.07342350303979082,
      "incr_op_margin_yoy": 0.025136904064659717,
      "rev_growth_yoy": 3.2812924148699776,
      "fcf_margin_change": -0.08198993925740626
    },
    {
      "date": "2022-03-31T00:00:00",
      "quarter_label": "2022-03 (Q1)",
      "revenue": 366476000,
      "gross_profit": 84493000,
      "operating_income": 9808000,
      "net_income": -3273000,
      "opex": 74685000,
      "cogs": 281983000,
      "rd": null,
      "sga": 53655000,
      "fcf": -29771000,
      "ocf": -29771000,
      "capex": null,
      "gross_margin": 0.230555343323983,
      "op_margin": 0.026763007673080912,
      "fcf_margin": -0.08123587902072714,
      "incr_op_margin_yoy": 0.04463229195945547,
      "rev_growth_yoy": 3.6804684606444527,
      "rev_growth_yoy_accel": 0.3991760457744751,
      "op_leverage_ratio": 0.28695359220904915,
      "fcf_margin_change": -0.15465938206051796
    },
    {
      "date": "2022-06-30T00:00:00",
      "quarter_label": "2022-06 (Q2)",
      "revenue": 362106000,
      "gross_profit": 82758000,
      "operating_income": 18745000,
      "net_income": 13623000,
      "opex": 64013000,
      "cogs": 279348000,
      "rd": null,
      "sga": 48779000,
      "fcf": 8407000,
      "ocf": 8407000,
      "capex": null,
      "gross_margin": 0.22854633726036022,
      "op_margin": 0.05176660977724755,
      "fcf_margin": 0.023216958570142443,
      "incr_op_margin_yoy": -4.7810073048827375,
      "rev_growth_yoy": -0.03466973775762374,
      "rev_growth_yoy_accel": -3.7151381984020766,
      "fcf_margin_change": 0.10445283759086958
    },
    {
      "date": "2022-09-30T00:00:00",
      "quarter_label": "2022-09 (Q3)",
      "revenue": 357780000,
      "gross_profit": 88172000,
      "operating_income": 23107000,
      "net_income": -2382000,
      "opex": 65065000,
      "cogs": 269608000,
      "rd": null,
      "sga": 49835000,
      "fcf": 25708000,
      "ocf": 25708000,
      "capex": null,
      "gross_margin": 0.24644194756554308,
      "op_margin": 0.06458438146346918,
      "fcf_margin": 0.07185421208563922,
      "rev_growth_yoy": 0.0013293964540098794,
      "rev_growth_yoy_accel": 0.03599913421163362,
      "fcf_margin_change": 0.048637253515496776
    },
    {
      "date": "2022-12-31T00:00:00",
      "quarter_label": "2022-12 (Q4)",
      "revenue": 486724000,
      "gross_profit": 128325000,
      "operating_income": 51648000,
      "net_income": 30937000,
      "opex": 76677000,
      "cogs": 358399000,
      "rd": null,
      "sga": 58599000,
      "fcf": 41624000,
      "ocf": 41624000,
      "capex": null,
      "gross_margin": 0.2636504466597086,
      "op_margin": 0.10611352635169008,
      "fcf_margin": 0.0855186923184392,
      "incr_op_margin_yoy": 0.320888820662394,
      "rev_growth_yoy": 0.36551836359096507,
      "rev_growth_yoy_accel": 0.3641889671369552,
      "op_leverage_ratio": 2.019414571431779,
      "fcf_margin_change": 0.01366448023279998
    },
    {
      "date": "2023-03-31T00:00:00",
      "quarter_label": "2023-03 (Q1)",
      "revenue": 452163000,
      "gross_profit": 109661000,
      "operating_income": 39888000,
      "net_income": 13800000,
      "opex": 69773000,
      "cogs": 342502000,
      "rd": null,
      "sga": 56991000,
      "fcf": 3906000,
      "ocf": 3906000,
      "capex": null,
      "gross_margin": 0.24252537248735523,
      "op_margin": 0.08821597521247869,
      "fcf_margin": 0.008638477717106442,
      "incr_op_margin_yoy": 0.3510450826846546,
      "rev_growth_yoy": 0.2338134011504164,
      "rev_growth_yoy_accel": -0.13170496244054866,
      "fcf_margin_change": -0.07688021460133276
    },
    {
      "date": "2023-06-30T00:00:00",
      "quarter_label": "2023-06 (Q2)",
      "revenue": 456830000,
      "gross_profit": 110619000,
      "operating_income": 39575000,
      "net_income": 11610000,
      "opex": 71044000,
      "cogs": 346211000,
      "rd": null,
      "sga": 58028000,
      "fcf": -5011000,
      "ocf": -5011000,
      "capex": null,
      "gross_margin": 0.2421447803340411,
      "op_margin": 0.08662959963224832,
      "fcf_margin": -0.010969069456909572,
      "incr_op_margin_yoy": 0.2199020311642245,
      "rev_growth_yoy": 0.26159190955134687,
      "rev_growth_yoy_accel": 0.027778508400930463,
      "op_leverage_ratio": 0.5666105091123909,
      "fcf_margin_change": -0.019607547174016013
    },
    {
      "date": "2023-09-30T00:00:00",
      "quarter_label": "2023-09 (Q3)",
      "revenue": 434353000,
      "gross_profit": 107156000,
      "operating_income": 38011000,
      "net_income": 9180000,
      "opex": 69145000,
      "cogs": 327197000,
      "rd": null,
      "sga": 56955000,
      "fcf": -1601000,
      "ocf": -1601000,
      "capex": null,
      "gross_margin": 0.24670256680626126,
      "op_margin": 0.08751177038031278,
      "fcf_margin": -0.0036859420793686243,
      "incr_op_margin_yoy": 0.19463779661238295,
      "rev_growth_yoy": 0.21402258371066019,
      "rev_growth_yoy_accel": -0.04756932584068668,
      "fcf_margin_change": 0.0072831273775409485
    },
    {
      "date": "2023-12-31T00:00:00",
      "quarter_label": "2023-12 (Q4)",
      "revenue": 521754000,
      "gross_profit": 126824000,
      "operating_income": 53474000,
      "net_income": 16122000,
      "opex": 73350000,
      "cogs": 394930000,
      "rd": null,
      "sga": 59429000,
      "fcf": -28177000,
      "ocf": -28177000,
      "capex": null,
      "gross_margin": 0.2430724057697689,
      "op_margin": 0.10248891239932995,
      "fcf_margin": -0.05400437754190672,
      "incr_op_margin_yoy": 0.05212674850128461,
      "rev_growth_yoy": 0.07197097328259959,
      "rev_growth_yoy_accel": -0.14205161042806058,
      "op_leverage_ratio": 3.3087835430259984,
      "fcf_margin_change": -0.05031843546253809
    },
    {
      "date": "2024-03-31T00:00:00",
      "quarter_label": "2024-03 (Q1)",
      "revenue": 411307000,
      "gross_profit": 90709000,
      "operating_income": 18370000,
      "net_income": -14335000,
      "opex": 72339000,
      "cogs": 320598000,
      "rd": null,
      "sga": 57995000,
      "fcf": -14375000,
      "ocf": -14375000,
      "capex": null,
      "gross_margin": 0.2205384299319,
      "op_margin": 0.04466250270479229,
      "fcf_margin": -0.0349495632216325,
      "incr_op_margin_yoy": 0.5266790679459565,
      "rev_growth_yoy": -0.09035679611113691,
      "rev_growth_yoy_accel": -0.1623277693937365,
      "fcf_margin_change": 0.01905481432027422
    },
    {
      "date": "2024-06-30T00:00:00",
      "quarter_label": "2024-06 (Q2)",
      "revenue": 423013000,
      "gross_profit": 89267000,
      "operating_income": 17674000,
      "net_income": -24478000,
      "opex": 71593000,
      "cogs": 333746000,
      "rd": null,
      "sga": 55697000,
      "fcf": 37783000,
      "ocf": 37783000,
      "capex": null,
      "gross_margin": 0.21102661147529744,
      "op_margin": 0.041781221853701894,
      "fcf_margin": 0.08931876798112588,
      "incr_op_margin_yoy": 0.6476328473844516,
      "rev_growth_yoy": -0.07402534859794672,
      "rev_growth_yoy_accel": 0.016331447513190184,
      "op_leverage_ratio": Infinity,
      "fcf_margin_change": 0.12426833120275838
    },
    {
      "date": "2024-09-30T00:00:00",
      "quarter_label": "2024-09 (Q3)",
      "revenue": 447220000,
      "gross_profit": 91829000,
      "operating_income": 23037000,
      "net_income": -17416000,
      "opex": 68792000,
      "cogs": 355391000,
      "rd": null,
      "sga": 54630000,
      "fcf": 16526000,
      "ocf": 16526000,
      "capex": null,
      "gross_margin": 0.20533294575376773,
      "op_margin": 0.05151156030588972,
      "fcf_margin": 0.03695273019990161,
      "incr_op_margin_yoy": -1.1637522343980726,
      "rev_growth_yoy": 0.02962337085273959,
      "rev_growth_yoy_accel": 0.10364871945068632,
      "op_leverage_ratio": Infinity,
      "fcf_margin_change": -0.05236603778122427
    },
    {
      "date": "2024-12-31T00:00:00",
      "quarter_label": "2024-12 (Q4)",
      "revenue": 520740000,
      "gross_profit": 118465000,
      "operating_income": 67282000,
      "net_income": 27574000,
      "opex": 51183000,
      "cogs": 402275000,
      "rd": null,
      "sga": 61222000,
      "fcf": 82051000,
      "ocf": 82051000,
      "capex": null,
      "gross_margin": 0.227493566847179,
      "op_margin": 0.1292045934631486,
      "fcf_margin": 0.15756615585512923,
      "incr_op_margin_yoy": -13.617357001972387,
      "rev_growth_yoy": -0.001943444611828563,
      "rev_growth_yoy_accel": -0.03156681546456815,
      "op_leverage_ratio": Infinity,
      "fcf_margin_change": 0.12061342565522762
    },
    {
      "date": "2025-03-31T00:00:00",
      "quarter_label": "2025-03 (Q1)",
      "revenue": 422232000,
      "gross_profit": 85536000,
      "operating_income": 12405000,
      "net_income": -17791000,
      "opex": 73131000,
      "cogs": 336696000,
      "rd": null,
      "sga": 59451000,
      "fcf": 55635000,
      "ocf": 55635000,
      "capex": null,
      "gross_margin": 0.20258057181833683,
      "op_margin": 0.029379582788609106,
      "fcf_margin": 0.13176405388506793,
      "incr_op_margin_yoy": -0.5459954233409611,
      "rev_growth_yoy": 0.026561668048440703,
      "rev_growth_yoy_accel": 0.028505112660269265,
      "fcf_margin_change": -0.025802101970061303
    },
    {
      "date": "2025-06-30T00:00:00",
      "quarter_label": "2025-06 (Q2)",
      "revenue": 511483000,
      "gross_profit": 102542000,
      "operating_income": 27931000,
      "net_income": -28380000,
      "opex": 74611000,
      "cogs": 408941000,
      "rd": null,
      "sga": 59165000,
      "fcf": 125718000,
      "ocf": 125718000,
      "capex": null,
      "gross_margin": 0.20047978134170638,
      "op_margin": 0.05460787553056504,
      "fcf_margin": 0.24579116021451347,
      "incr_op_margin_yoy": 0.11593760596812479,
      "rev_growth_yoy": 0.20914250862266645,
      "rev_growth_yoy_accel": 0.18258084057422574,
      "op_leverage_ratio": 10.444838832359615,
      "fcf_margin_change": 0.11402710632944554
    },
    {
      "date": "2025-09-30T00:00:00",
      "quarter_label": "2025-09 (Q3)",
      "revenue": 482058000,
      "gross_profit": 100753000,
      "operating_income": 32629000,
      "net_income": -5756000,
      "opex": 68124000,
      "cogs": 381305000,
      "rd": null,
      "sga": 54863000,
      "fcf": 81451000,
      "ocf": 81451000,
      "capex": null,
      "gross_margin": 0.20900597023594672,
      "op_margin": 0.06768687585311312,
      "fcf_margin": 0.16896514527297546,
      "incr_op_margin_yoy": 0.27533153453125897,
      "rev_growth_yoy": 0.07789902061625151,
      "rev_growth_yoy_accel": -0.13124348800641494,
      "fcf_margin_change": -0.07682601494153801
    }
  ],
  "signals": [
    {
      "quarter": "2025-09 (Q3)",
      "signal": "YoY REVENUE GROWTH DECELERATION",
      "detail": "YoY growth: +7.8% vs prior quarter YoY: +20.9% (decel: -13.1%)",
      "severity": "WARNING"
    },
    {
      "quarter": "2025-09 (Q3)",
      "signal": "INCREMENTAL MARGIN (YoY)",
      "detail": "YoY Incr OPM: +27.5% vs year-ago OPM: +5.2%",
      "severity": "HIGH"
    },
    {
      "quarter": "2025-06 (Q2)",
      "signal": "FCF MARGIN EXPANSION",
      "detail": "FCF margin: +13.2% -> +24.6% (+11.4%)",
      "severity": "MEDIUM"
    },
    {
      "quarter": "2025-06 (Q2)",
      "signal": "OPERATING LEVERAGE",
      "detail": "Rev growth +21.1% vs OpEx growth +2.0% (leverage: 10.4x)",
      "severity": "MEDIUM"
    },
    {
      "quarter": "2025-06 (Q2)",
      "signal": "YoY REVENUE GROWTH ACCELERATION",
      "detail": "YoY growth: +20.9% vs prior quarter YoY: +2.7% (accel: +18.3%)",
      "severity": "HIGH"
    },
    {
      "quarter": "2024-12 (Q4)",
      "signal": "FCF MARGIN EXPANSION",
      "detail": "FCF margin: +3.7% -> +15.8% (+12.1%)",
      "severity": "MEDIUM"
    },
    {
      "quarter": "2024-12 (Q4)",
      "signal": "GROSS MARGIN INFLECTION",
      "detail": "GM: +21.1% -> +20.5% -> +22.7% (reversal +2.2%)",
      "severity": "MEDIUM"
    },
    {
      "quarter": "2024-09 (Q3)",
      "signal": "YoY REVENUE GROWTH ACCELERATION",
      "detail": "YoY growth: +3.0% vs prior quarter YoY: -7.4% (accel: +10.4%)",
      "severity": "MEDIUM"
    },
    {
      "quarter": "2024-06 (Q2)",
      "signal": "FCF TURNED POSITIVE",
      "detail": "FCF margin: -3.5% -> +8.9%",
      "severity": "HIGH"
    },
    {
      "quarter": "2024-06 (Q2)",
      "signal": "INCREMENTAL MARGIN (YoY)",
      "detail": "YoY Incr OPM: +64.8% vs year-ago OPM: +8.7%",
      "severity": "HIGH"
    },
    {
      "quarter": "2024-03 (Q1)",
      "signal": "YoY REVENUE GROWTH DECELERATION",
      "detail": "YoY growth: -9.0% vs prior quarter YoY: +7.2% (decel: -16.2%)",
      "severity": "WARNING"
    },
    {
      "quarter": "2024-03 (Q1)",
      "signal": "INCREMENTAL MARGIN (YoY)",
      "detail": "YoY Incr OPM: +52.7% vs year-ago OPM: +8.8%",
      "severity": "HIGH"
    },
    {
      "quarter": "2023-12 (Q4)",
      "signal": "OPERATING LEVERAGE",
      "detail": "Rev growth +20.1% vs OpEx growth +6.1% (leverage: 3.3x)",
      "severity": "MEDIUM"
    },
    {
      "quarter": "2023-12 (Q4)",
      "signal": "YoY REVENUE GROWTH DECELERATION",
      "detail": "YoY growth: +7.2% vs prior quarter YoY: +21.4% (decel: -14.2%)",
      "severity": "WARNING"
    },
    {
      "quarter": "2023-09 (Q3)",
      "signal": "INCREMENTAL MARGIN (YoY)",
      "detail": "YoY Incr OPM: +19.5% vs year-ago OPM: +6.5%",
      "severity": "MEDIUM"
    },
    {
      "quarter": "2023-06 (Q2)",
      "signal": "INCREMENTAL MARGIN (YoY)",
      "detail": "YoY Incr OPM: +22.0% vs year-ago OPM: +5.2%",
      "severity": "MEDIUM"
    },
    {
      "quarter": "2023-03 (Q1)",
      "signal": "YoY REVENUE GROWTH DECELERATION",
      "detail": "YoY growth: +23.4% vs prior quarter YoY: +36.6% (decel: -13.2%)",
      "severity": "WARNING"
    },
    {
      "quarter": "2023-03 (Q1)",
      "signal": "INCREMENTAL MARGIN (YoY)",
      "detail": "YoY Incr OPM: +35.1% vs year-ago OPM: +2.7%",
      "severity": "HIGH"
    },
    {
      "quarter": "2022-12 (Q4)",
      "signal": "OPERATING LEVERAGE",
      "detail": "Rev growth +36.0% vs OpEx growth +17.8% (leverage: 2.0x)",
      "severity": "MEDIUM"
    },
    {
      "quarter": "2022-12 (Q4)",
      "signal": "YoY REVENUE GROWTH ACCELERATION",
      "detail": "YoY growth: +36.6% vs prior quarter YoY: +0.1% (accel: +36.4%)",
      "severity": "HIGH"
    },
    {
      "quarter": "2022-12 (Q4)",
      "signal": "INCREMENTAL MARGIN (YoY)",
      "detail": "YoY Incr OPM: +32.1% vs year-ago OPM: +2.8%",
      "severity": "HIGH"
    },
    {
      "quarter": "2022-09 (Q3)",
      "signal": "OP MARGIN TURNED POSITIVE (YoY)",
      "detail": "Op margin: -1.5% (year-ago) -> +6.5%",
      "severity": "HIGH"
    },
    {
      "quarter": "2022-06 (Q2)",
      "signal": "FCF TURNED POSITIVE",
      "detail": "FCF margin: -8.1% -> +2.3%",
      "severity": "HIGH"
    },
    {
      "quarter": "2022-06 (Q2)",
      "signal": "YoY REVENUE GROWTH DECELERATION",
      "detail": "YoY growth: -3.5% vs prior quarter YoY: +368.0% (decel: -371.5%)",
      "severity": "WARNING"
    },
    {
      "quarter": "2022-06 (Q2)",
      "signal": "OP MARGIN TURNED POSITIVE (YoY)",
      "detail": "Op margin: -11.6% (year-ago) -> +5.2%",
      "severity": "HIGH"
    },
    {
      "quarter": "2022-03 (Q1)",
      "signal": "YoY REVENUE GROWTH ACCELERATION",
      "detail": "YoY growth: +368.0% vs prior quarter YoY: +328.1% (accel: +39.9%)",
      "severity": "HIGH"
    },
    {
      "quarter": "2022-03 (Q1)",
      "signal": "OP MARGIN TURNED POSITIVE (YoY)",
      "detail": "Op margin: -3.9% (year-ago) -> +2.7%",
      "severity": "HIGH"
    },
    {
      "quarter": "2021-12 (Q4)",
      "signal": "OP MARGIN TURNED POSITIVE (QoQ)",
      "detail": "Op margin: -1.5% -> +2.8%",
      "severity": "HIGH"
    },
    {
      "quarter": "2021-09 (Q3)",
      "signal": "GROSS MARGIN INFLECTION",
      "detail": "GM: +25.8% -> +12.4% -> +18.3% (reversal +5.8%)",
      "severity": "HIGH"
    },
    {
      "quarter": "2021-06 (Q2)",
      "signal": "FCF TURNED POSITIVE",
      "detail": "FCF margin: -15.4% -> +18.5%",
      "severity": "HIGH"
    }
  ],
  "data_quality": {
    "n_quarters": 20,
    "coverage": {
      "revenue": [
        20,
        20
      ],
      "gross_profit": [
        20,
        20
      ],
      "op_income": [
        20,
        20
      ],
      "fcf": [
        20,
        20
      ]
    },
    "gaps": [],
    "warnings": []
  },
  "market_cap": null,
  "source": "SEC EDGAR",
  "last_updated": "2026-02-02T21:49:42.830400"
}