{
  "ticker": "CTRI",
  "name": "Centuri Holdings, Inc.",
  "quarters": [
    {
      "date": "2023-04-02T00:00:00",
      "quarter_label": "2023-04 (Q2)",
      "revenue": 653293000,
      "gross_profit": 41949000,
      "operating_income": 11743000,
      "net_income": -8844000,
      "opex": 30206000,
      "cogs": 611344000,
      "rd": null,
      "sga": 23539000,
      "fcf": 28641000,
      "ocf": 51878000,
      "capex": -23237000,
      "gross_margin": 0.06421161714575237,
      "op_margin": 0.017975089278470763,
      "fcf_margin": 0.043840971815096746
    },
    {
      "date": "2023-07-02T00:00:00",
      "quarter_label": "2023-07 (Q3)",
      "revenue": 805779000,
      "gross_profit": 89972000,
      "operating_income": 53202000,
      "net_income": 17146000,
      "opex": 36770000,
      "cogs": 715807000,
      "rd": null,
      "sga": 30100000,
      "fcf": null,
      "ocf": null,
      "capex": null,
      "gross_margin": 0.11165840757825657,
      "op_margin": 0.06602554794801056,
      "fcf_margin": null,
      "op_leverage_ratio": 1.0741046904890772
    },
    {
      "date": "2023-10-01T00:00:00",
      "quarter_label": "2023-10 (Q4)",
      "revenue": 774889000,
      "gross_profit": 87613000,
      "operating_income": 52950000,
      "net_income": 16182000,
      "opex": 34663000,
      "cogs": 687276000,
      "rd": null,
      "sga": 27993000,
      "fcf": 55438000,
      "ocf": 81296000,
      "capex": -25858000,
      "gross_margin": 0.11306522611625665,
      "op_margin": 0.06833236760361806,
      "fcf_margin": 0.07154315005116862
    },
    {
      "date": "2023-12-31T00:00:00",
      "quarter_label": "2023-12 (Q4)",
      "revenue": 665315000,
      "gross_profit": 53908000,
      "operating_income": -195459000,
      "net_income": -210660000,
      "opex": 249367000,
      "cogs": 611407000,
      "rd": null,
      "sga": 28712000,
      "fcf": 78616000,
      "ocf": 105656000,
      "capex": -27040000,
      "gross_margin": 0.08102628078429015,
      "op_margin": -0.2937841473587699,
      "fcf_margin": 0.11816357665166125,
      "fcf_margin_change": 0.04662042660049262
    },
    {
      "date": "2024-03-31T00:00:00",
      "quarter_label": "2024-03 (Q1)",
      "revenue": 528023000,
      "gross_profit": 13279000,
      "operating_income": -21939000,
      "net_income": -25058000,
      "opex": 35218000,
      "cogs": 514744000,
      "rd": null,
      "sga": 28550000,
      "fcf": -52712000,
      "ocf": -26451000,
      "capex": -26261000,
      "gross_margin": 0.025148525727099007,
      "op_margin": -0.0415493264497948,
      "fcf_margin": -0.09982898472225642,
      "incr_op_margin_yoy": 0.2688752295042708,
      "rev_growth_yoy": -0.19175163364677106,
      "fcf_margin_change": -0.21799256137391765
    },
    {
      "date": "2024-06-30T00:00:00",
      "quarter_label": "2024-06 (Q2)",
      "revenue": 672075000,
      "gross_profit": 60504000,
      "operating_income": 33145000,
      "net_income": 11687000,
      "opex": 27359000,
      "cogs": 611571000,
      "rd": null,
      "sga": 20698000,
      "fcf": -76853000,
      "ocf": -56552000,
      "capex": -20301000,
      "gross_margin": 0.09002566677826135,
      "op_margin": 0.04931741249116542,
      "fcf_margin": -0.11435182085332739,
      "incr_op_margin_yoy": 0.15001047089092323,
      "rev_growth_yoy": -0.16593135338597803,
      "rev_growth_yoy_accel": 0.025820280260793027,
      "op_leverage_ratio": Infinity,
      "fcf_margin_change": -0.01452283613107097
    },
    {
      "date": "2024-09-29T00:00:00",
      "quarter_label": "2024-09 (Q3)",
      "revenue": 720053000,
      "gross_profit": 75793000,
      "operating_income": 41918000,
      "net_income": -3652000,
      "opex": 33875000,
      "cogs": 644260000,
      "rd": null,
      "sga": 27213000,
      "fcf": 160704000,
      "ocf": 180235000,
      "capex": -19531000,
      "gross_margin": 0.10526030722738465,
      "op_margin": 0.05821515916189503,
      "fcf_margin": 0.22318357120934154,
      "incr_op_margin_yoy": 0.20118170544897512,
      "rev_growth_yoy": -0.0707662645875732,
      "rev_growth_yoy_accel": 0.09516508879840484,
      "op_leverage_ratio": 0.29973919953749056,
      "fcf_margin_change": 0.3375353920626689
    },
    {
      "date": "2024-12-29T00:00:00",
      "quarter_label": "2024-12 (Q4)",
      "revenue": 717078000,
      "gross_profit": 71096000,
      "operating_income": 33659000,
      "net_income": 10299000,
      "opex": 37437000,
      "cogs": 645982000,
      "rd": null,
      "sga": 30786000,
      "fcf": 27758000,
      "ocf": 60998000,
      "capex": -33240000,
      "gross_margin": 0.0991468152697475,
      "op_margin": 0.04693910564820006,
      "fcf_margin": 0.038709875355261214,
      "incr_op_margin_yoy": 4.426289048161815,
      "rev_growth_yoy": 0.077802244049811,
      "rev_growth_yoy_accel": 0.1485685086373842,
      "fcf_margin_change": -0.18447369585408033
    },
    {
      "date": "2025-03-30T00:00:00",
      "quarter_label": "2025-03 (Q1)",
      "revenue": 550081000,
      "gross_profit": 20328000,
      "operating_income": -12713000,
      "net_income": -17937000,
      "opex": 33041000,
      "cogs": 529753000,
      "rd": null,
      "sga": 26375000,
      "fcf": -7686000,
      "ocf": 16676000,
      "capex": -24362000,
      "gross_margin": 0.03695455760151687,
      "op_margin": -0.02311114181366017,
      "fcf_margin": -0.013972487688176832,
      "incr_op_margin_yoy": 0.4182609484087406,
      "rev_growth_yoy": 0.041774695420464636,
      "rev_growth_yoy_accel": -0.03602754862934636,
      "fcf_margin_change": -0.05268236304343805
    },
    {
      "date": "2025-06-29T00:00:00",
      "quarter_label": "2025-06 (Q2)",
      "revenue": 724052000,
      "gross_profit": 67801000,
      "operating_income": 32159000,
      "net_income": 8053000,
      "opex": 35642000,
      "cogs": 656251000,
      "rd": null,
      "sga": 28959000,
      "fcf": -48459000,
      "ocf": -27659000,
      "capex": -20800000,
      "gross_margin": 0.09364106445393425,
      "op_margin": 0.04441531823681172,
      "fcf_margin": -0.066927513493506,
      "incr_op_margin_yoy": -0.018969929007060814,
      "rev_growth_yoy": 0.07733809470669196,
      "rev_growth_yoy_accel": 0.03556339928622733,
      "op_leverage_ratio": 4.017566241044892,
      "fcf_margin_change": -0.05295502580532916
    },
    {
      "date": "2025-09-28T00:00:00",
      "quarter_label": "2025-09 (Q3)",
      "revenue": 850044000,
      "gross_profit": 77960000,
      "operating_income": 36315000,
      "net_income": 2099000,
      "opex": 41645000,
      "cogs": 772084000,
      "rd": null,
      "sga": 34960000,
      "fcf": -18362000,
      "ocf": 5214000,
      "capex": -23576000,
      "gross_margin": 0.0917128995675518,
      "op_margin": 0.04272131795530584,
      "fcf_margin": -0.021601234759612443,
      "incr_op_margin_yoy": -0.04310298405274211,
      "rev_growth_yoy": 0.18052976655885053,
      "rev_growth_yoy_accel": 0.10319167185215856,
      "op_leverage_ratio": 1.0331584570027823,
      "fcf_margin_change": 0.045326278733893555
    }
  ],
  "signals": [
    {
      "quarter": "2025-09 (Q3)",
      "signal": "YoY REVENUE GROWTH ACCELERATION",
      "detail": "YoY growth: +18.1% vs prior quarter YoY: +7.7% (accel: +10.3%)",
      "severity": "MEDIUM"
    },
    {
      "quarter": "2025-06 (Q2)",
      "signal": "OPERATING LEVERAGE",
      "detail": "Rev growth +31.6% vs OpEx growth +7.9% (leverage: 4.0x)",
      "severity": "MEDIUM"
    },
    {
      "quarter": "2025-06 (Q2)",
      "signal": "GROSS MARGIN INFLECTION",
      "detail": "GM: +9.9% -> +3.7% -> +9.4% (reversal +5.7%)",
      "severity": "HIGH"
    },
    {
      "quarter": "2025-06 (Q2)",
      "signal": "OP MARGIN TURNED POSITIVE (QoQ)",
      "detail": "Op margin: -2.3% -> +4.4%",
      "severity": "HIGH"
    },
    {
      "quarter": "2024-12 (Q4)",
      "signal": "YoY REVENUE GROWTH ACCELERATION",
      "detail": "YoY growth: +7.8% vs prior quarter YoY: -7.1% (accel: +14.9%)",
      "severity": "MEDIUM"
    },
    {
      "quarter": "2024-12 (Q4)",
      "signal": "OP MARGIN TURNED POSITIVE (YoY)",
      "detail": "Op margin: -29.4% (year-ago) -> +4.7%",
      "severity": "HIGH"
    },
    {
      "quarter": "2024-09 (Q3)",
      "signal": "FCF TURNED POSITIVE",
      "detail": "FCF margin: -11.4% -> +22.3%",
      "severity": "HIGH"
    },
    {
      "quarter": "2024-09 (Q3)",
      "signal": "YoY REVENUE GROWTH ACCELERATION",
      "detail": "YoY growth: -7.1% vs prior quarter YoY: -16.6% (accel: +9.5%)",
      "severity": "MEDIUM"
    },
    {
      "quarter": "2024-09 (Q3)",
      "signal": "INCREMENTAL MARGIN (YoY)",
      "detail": "YoY Incr OPM: +20.1% vs year-ago OPM: +6.8%",
      "severity": "MEDIUM"
    },
    {
      "quarter": "2024-06 (Q2)",
      "signal": "GROSS MARGIN INFLECTION",
      "detail": "GM: +8.1% -> +2.5% -> +9.0% (reversal +6.5%)",
      "severity": "HIGH"
    },
    {
      "quarter": "2024-06 (Q2)",
      "signal": "OP MARGIN TURNED POSITIVE (QoQ)",
      "detail": "Op margin: -4.2% -> +4.9%",
      "severity": "HIGH"
    }
  ],
  "data_quality": {
    "n_quarters": 11,
    "coverage": {
      "revenue": [
        11,
        11
      ],
      "gross_profit": [
        11,
        11
      ],
      "op_income": [
        11,
        11
      ],
      "fcf": [
        10,
        11
      ]
    },
    "gaps": [],
    "warnings": []
  },
  "market_cap": null,
  "source": "SEC EDGAR",
  "last_updated": "2026-02-02T21:24:39.616843",
  "sector": "Utilities",
  "industry": "Utilities - Regulated Gas"
}