{
  "ticker": "CTS",
  "name": "CTS CORPORATION",
  "quarters": [
    {
      "date": "2020-12-31T00:00:00",
      "quarter_label": "2020-12 (Q4)",
      "revenue": 123018000,
      "gross_profit": 42691000,
      "operating_income": 17137000,
      "net_income": 14947000,
      "opex": 25554000,
      "cogs": 80326000,
      "rd": 5664000,
      "sga": 19477000,
      "fcf": 27486000,
      "ocf": 27486000,
      "capex": null,
      "gross_margin": 0.3470305158594677,
      "op_margin": 0.1393048171812255,
      "fcf_margin": 0.22343071745598206
    },
    {
      "date": "2021-03-31T00:00:00",
      "quarter_label": "2021-03 (Q1)",
      "revenue": 128427000,
      "gross_profit": 42591000,
      "operating_income": 18498000,
      "net_income": 11990000,
      "opex": 24093000,
      "cogs": 85836000,
      "rd": 5687000,
      "sga": 18325000,
      "fcf": 20110000,
      "ocf": 20110000,
      "capex": null,
      "gross_margin": 0.33163587096171365,
      "op_margin": 0.14403513279917773,
      "fcf_margin": 0.15658701051959478,
      "op_leverage_ratio": Infinity,
      "fcf_margin_change": -0.06684370693638728
    },
    {
      "date": "2021-06-30T00:00:00",
      "quarter_label": "2021-06 (Q2)",
      "revenue": 129585000,
      "gross_profit": 47696000,
      "operating_income": 20579000,
      "net_income": 875000,
      "opex": 27117000,
      "cogs": 81889000,
      "rd": 6029000,
      "sga": 20937000,
      "fcf": 18675000,
      "ocf": 18675000,
      "capex": null,
      "gross_margin": 0.368067291739013,
      "op_margin": 0.15880696068217773,
      "fcf_margin": 0.14411390207199906,
      "fcf_margin_change": -0.012473108447595721
    },
    {
      "date": "2021-09-30T00:00:00",
      "quarter_label": "2021-09 (Q3)",
      "revenue": 122382000,
      "gross_profit": 45662000,
      "operating_income": 18967000,
      "net_income": -63896000,
      "opex": 26695000,
      "cogs": 76720000,
      "rd": 6454000,
      "sga": 19922000,
      "fcf": 21332000,
      "ocf": 21332000,
      "capex": null,
      "gross_margin": 0.37311042473566375,
      "op_margin": 0.15498194178882516,
      "fcf_margin": 0.17430667908679381,
      "fcf_margin_change": 0.030192777014794753
    },
    {
      "date": "2021-12-31T00:00:00",
      "quarter_label": "2021-12 (Q4)",
      "revenue": 132531000,
      "gross_profit": 48671000,
      "operating_income": 18436000,
      "net_income": 9165000,
      "opex": 30235000,
      "cogs": 83860000,
      "rd": 5686000,
      "sga": 23413000,
      "fcf": 26024000,
      "ocf": 26024000,
      "capex": null,
      "gross_margin": 0.367242381027835,
      "op_margin": 0.13910707683485374,
      "fcf_margin": 0.1963616059638877,
      "incr_op_margin_yoy": 0.13654998423210343,
      "rev_growth_yoy": 0.07733014680778423,
      "op_leverage_ratio": 0.6253632693297924,
      "fcf_margin_change": 0.022054926877093872
    },
    {
      "date": "2022-03-31T00:00:00",
      "quarter_label": "2022-03 (Q1)",
      "revenue": 147695000,
      "gross_profit": 54340000,
      "operating_income": 26046000,
      "net_income": 20239000,
      "opex": 28294000,
      "cogs": 93355000,
      "rd": 6194000,
      "sga": 21788000,
      "fcf": 19286000,
      "ocf": 19286000,
      "capex": null,
      "gross_margin": 0.3679203764514709,
      "op_margin": 0.17634991028809371,
      "fcf_margin": 0.1305799113037002,
      "incr_op_margin_yoy": 0.3917375960141167,
      "rev_growth_yoy": 0.1500307567723298,
      "rev_growth_yoy_accel": 0.07270060996454557,
      "op_leverage_ratio": Infinity,
      "fcf_margin_change": -0.06578169466018749
    },
    {
      "date": "2022-06-30T00:00:00",
      "quarter_label": "2022-06 (Q2)",
      "revenue": 144982000,
      "gross_profit": 51848000,
      "operating_income": 22686000,
      "net_income": 12598000,
      "opex": 29162000,
      "cogs": 93134000,
      "rd": 6294000,
      "sga": 22238000,
      "fcf": 16066000,
      "ocf": 16066000,
      "capex": null,
      "gross_margin": 0.3576168076037025,
      "op_margin": 0.15647459684650508,
      "fcf_margin": 0.11081375619042363,
      "incr_op_margin_yoy": 0.13684483990387739,
      "rev_growth_yoy": 0.11881776440174403,
      "rev_growth_yoy_accel": -0.031212992370585765,
      "fcf_margin_change": -0.019766155113276562
    },
    {
      "date": "2022-09-30T00:00:00",
      "quarter_label": "2022-09 (Q3)",
      "revenue": 151911000,
      "gross_profit": 53346000,
      "operating_income": 22644000,
      "net_income": 11798000,
      "opex": 30702000,
      "cogs": 98565000,
      "rd": 6207000,
      "sga": 24003000,
      "fcf": 60387000,
      "ocf": 60387000,
      "capex": null,
      "gross_margin": 0.35116614333392576,
      "op_margin": 0.14906096332721133,
      "fcf_margin": 0.39751565061121313,
      "incr_op_margin_yoy": 0.12452165667648753,
      "rev_growth_yoy": 0.24128548315928813,
      "rev_growth_yoy_accel": 0.1224677187575441,
      "op_leverage_ratio": 0.9050093365822215,
      "fcf_margin_change": 0.2867018944207895
    },
    {
      "date": "2022-12-31T00:00:00",
      "quarter_label": "2022-12 (Q4)",
      "revenue": 142281000,
      "gross_profit": 51004000,
      "operating_income": 21630000,
      "net_income": 14940000,
      "opex": 29374000,
      "cogs": 91277000,
      "rd": 5405000,
      "sga": 23491000,
      "fcf": 25458000,
      "ocf": 25458000,
      "capex": null,
      "gross_margin": 0.35847372453103366,
      "op_margin": 0.15202310919940118,
      "fcf_margin": 0.1789276150715837,
      "incr_op_margin_yoy": 0.3275897435897436,
      "rev_growth_yoy": 0.07356769359621522,
      "rev_growth_yoy_accel": -0.16771778956307293,
      "fcf_margin_change": -0.21858803553962944
    },
    {
      "date": "2023-03-31T00:00:00",
      "quarter_label": "2023-03 (Q1)",
      "revenue": 145994000,
      "gross_profit": 51652000,
      "operating_income": 22175000,
      "net_income": 18344000,
      "opex": 29477000,
      "cogs": 94342000,
      "rd": 6586000,
      "sga": 21979000,
      "fcf": 11186000,
      "ocf": 11186000,
      "capex": null,
      "gross_margin": 0.3537953614532104,
      "op_margin": 0.15188980369056262,
      "fcf_margin": 0.07661958710631944,
      "incr_op_margin_yoy": 2.2757201646090537,
      "rev_growth_yoy": -0.011516977555096652,
      "rev_growth_yoy_accel": -0.08508467115131187,
      "op_leverage_ratio": 7.442244026469432,
      "fcf_margin_change": -0.10230802796526425
    },
    {
      "date": "2023-06-30T00:00:00",
      "quarter_label": "2023-06 (Q2)",
      "revenue": 145182000,
      "gross_profit": 50742000,
      "operating_income": 18432000,
      "net_income": 12897000,
      "opex": 32310000,
      "cogs": 94440000,
      "rd": 6721000,
      "sga": 23694000,
      "fcf": 23421000,
      "ocf": 23421000,
      "capex": null,
      "gross_margin": 0.3495061371244369,
      "op_margin": 0.12695788734140595,
      "fcf_margin": 0.16132165144439392,
      "rev_growth_yoy": 0.0013794815908181705,
      "rev_growth_yoy_accel": 0.012896459145914823,
      "fcf_margin_change": 0.08470206433807448
    },
    {
      "date": "2023-09-30T00:00:00",
      "quarter_label": "2023-09 (Q3)",
      "revenue": 134552000,
      "gross_profit": 46401000,
      "operating_income": 18188000,
      "net_income": 13971000,
      "opex": 28213000,
      "cogs": 88151000,
      "rd": 6321000,
      "sga": 18666000,
      "fcf": 22135000,
      "ocf": 22135000,
      "capex": null,
      "gross_margin": 0.3448555205422439,
      "op_margin": 0.1351745050240799,
      "fcf_margin": 0.16450888875676317,
      "incr_op_margin_yoy": 0.25669681433262287,
      "rev_growth_yoy": -0.11427085596171442,
      "rev_growth_yoy_accel": -0.1156503375525326,
      "fcf_margin_change": 0.003187237312369251
    },
    {
      "date": "2023-12-31T00:00:00",
      "quarter_label": "2023-12 (Q4)",
      "revenue": 124694000,
      "gross_profit": 42064000,
      "operating_income": 16256000,
      "net_income": 15320000,
      "opex": 25808000,
      "cogs": 82630000,
      "rd": 5290000,
      "sga": 19477000,
      "fcf": 32069000,
      "ocf": 32069000,
      "capex": null,
      "gross_margin": 0.33733780294160104,
      "op_margin": 0.13036713875567388,
      "fcf_margin": 0.25718158050908624,
      "incr_op_margin_yoy": 0.3055666117018252,
      "rev_growth_yoy": -0.12360750908413633,
      "rev_growth_yoy_accel": -0.009336653122421906,
      "fcf_margin_change": 0.09267269175232307
    },
    {
      "date": "2024-03-31T00:00:00",
      "quarter_label": "2024-03 (Q1)",
      "revenue": 125750000,
      "gross_profit": 45090000,
      "operating_income": 14536000,
      "net_income": 11119000,
      "opex": 30554000,
      "cogs": 80660000,
      "rd": 6601000,
      "sga": 22260000,
      "fcf": 18311000,
      "ocf": 18311000,
      "capex": null,
      "gross_margin": 0.3585685884691849,
      "op_margin": 0.11559443339960239,
      "fcf_margin": 0.14561431411530815,
      "incr_op_margin_yoy": 0.37734637423434103,
      "rev_growth_yoy": -0.13866323273559186,
      "rev_growth_yoy_accel": -0.015055723651455535,
      "fcf_margin_change": -0.11156726639377809
    },
    {
      "date": "2024-06-30T00:00:00",
      "quarter_label": "2024-06 (Q2)",
      "revenue": 130162000,
      "gross_profit": 46372000,
      "operating_income": 17764000,
      "net_income": 14707000,
      "opex": 28608000,
      "cogs": 83790000,
      "rd": 6086000,
      "sga": 21332000,
      "fcf": 19629000,
      "ocf": 19629000,
      "capex": null,
      "gross_margin": 0.3562637328867104,
      "op_margin": 0.13647608364960587,
      "fcf_margin": 0.1508043822313732,
      "incr_op_margin_yoy": 0.04447403462050599,
      "rev_growth_yoy": -0.10345635133832018,
      "rev_growth_yoy_accel": 0.03520688139727168,
      "op_leverage_ratio": Infinity,
      "fcf_margin_change": 0.005190068116065066
    },
    {
      "date": "2024-09-30T00:00:00",
      "quarter_label": "2024-09 (Q3)",
      "revenue": 132424000,
      "gross_profit": 49788000,
      "operating_income": 21475000,
      "net_income": 18683000,
      "opex": 28313000,
      "cogs": 82636000,
      "rd": 5031000,
      "sga": 22509000,
      "fcf": 35395000,
      "ocf": 35395000,
      "capex": null,
      "gross_margin": 0.37597414365975956,
      "op_margin": 0.16216848909563222,
      "fcf_margin": 0.26728538633480337,
      "incr_op_margin_yoy": -1.5446428571428572,
      "rev_growth_yoy": -0.01581544681610084,
      "rev_growth_yoy_accel": 0.08764090452221934,
      "op_leverage_ratio": Infinity,
      "fcf_margin_change": 0.11648100410343015
    },
    {
      "date": "2024-12-31T00:00:00",
      "quarter_label": "2024-12 (Q4)",
      "revenue": 127435000,
      "gross_profit": 47900000,
      "operating_income": 19005000,
      "net_income": 13606000,
      "opex": 28895000,
      "cogs": 79535000,
      "rd": 5670000,
      "sga": 22185000,
      "fcf": 24907000,
      "ocf": 24907000,
      "capex": null,
      "gross_margin": 0.3758778985365088,
      "op_margin": 0.1491348530623455,
      "fcf_margin": 0.19544866010122808,
      "incr_op_margin_yoy": 1.0029186428310835,
      "rev_growth_yoy": 0.02198181147448955,
      "rev_growth_yoy_accel": 0.037797258290590385,
      "fcf_margin_change": -0.07183672623357529
    },
    {
      "date": "2025-03-31T00:00:00",
      "quarter_label": "2025-03 (Q1)",
      "revenue": 125769000,
      "gross_profit": 46549000,
      "operating_income": 16285000,
      "net_income": 13367000,
      "opex": 30264000,
      "cogs": 79220000,
      "rd": 6190000,
      "sga": 23623000,
      "fcf": 15518000,
      "ocf": 15518000,
      "capex": null,
      "gross_margin": 0.37011505219887253,
      "op_margin": 0.1294834180123878,
      "fcf_margin": 0.12338493587450007,
      "rev_growth_yoy": 0.0001510934393638171,
      "rev_growth_yoy_accel": -0.02183071803512573,
      "fcf_margin_change": -0.07206372422672801
    },
    {
      "date": "2025-06-30T00:00:00",
      "quarter_label": "2025-06 (Q2)",
      "revenue": 135309000,
      "gross_profit": 52431000,
      "operating_income": 22731000,
      "net_income": 18527000,
      "opex": 29700000,
      "cogs": 82878000,
      "rd": 6326000,
      "sga": 23077000,
      "fcf": 28352000,
      "ocf": 28352000,
      "capex": null,
      "gross_margin": 0.3874908542669002,
      "op_margin": 0.16799325987184888,
      "fcf_margin": 0.20953521199624564,
      "incr_op_margin_yoy": 0.9650281717505343,
      "rev_growth_yoy": 0.039543030992148245,
      "rev_growth_yoy_accel": 0.03939193755278443,
      "op_leverage_ratio": Infinity,
      "fcf_margin_change": 0.08615027612174557
    },
    {
      "date": "2025-09-30T00:00:00",
      "quarter_label": "2025-09 (Q3)",
      "revenue": 142970000,
      "gross_profit": 55341000,
      "operating_income": 20938000,
      "net_income": 13687000,
      "opex": 34403000,
      "cogs": 87629000,
      "rd": 6901000,
      "sga": 27222000,
      "fcf": 29023000,
      "ocf": 29023000,
      "capex": null,
      "gross_margin": 0.3870812058473806,
      "op_margin": 0.1464503042596349,
      "fcf_margin": 0.20300062950269288,
      "incr_op_margin_yoy": -0.05091978001137872,
      "rev_growth_yoy": 0.07963813206065366,
      "rev_growth_yoy_accel": 0.04009510106850542,
      "op_leverage_ratio": 0.35755285363820716,
      "fcf_margin_change": -0.006534582493552765
    }
  ],
  "signals": [
    {
      "quarter": "2025-06 (Q2)",
      "signal": "FCF MARGIN EXPANSION",
      "detail": "FCF margin: +12.3% -> +21.0% (+8.6%)",
      "severity": "MEDIUM"
    },
    {
      "quarter": "2025-06 (Q2)",
      "signal": "INCREMENTAL MARGIN (YoY)",
      "detail": "YoY Incr OPM: +96.5% vs year-ago OPM: +13.6%",
      "severity": "HIGH"
    },
    {
      "quarter": "2024-12 (Q4)",
      "signal": "INCREMENTAL MARGIN (YoY)",
      "detail": "YoY Incr OPM: +100.3% vs year-ago OPM: +13.0%",
      "severity": "HIGH"
    },
    {
      "quarter": "2024-09 (Q3)",
      "signal": "FCF MARGIN EXPANSION",
      "detail": "FCF margin: +15.1% -> +26.7% (+11.6%)",
      "severity": "MEDIUM"
    },
    {
      "quarter": "2024-09 (Q3)",
      "signal": "YoY REVENUE GROWTH ACCELERATION",
      "detail": "YoY growth: -1.6% vs prior quarter YoY: -10.3% (accel: +8.8%)",
      "severity": "MEDIUM"
    },
    {
      "quarter": "2024-03 (Q1)",
      "signal": "GROSS MARGIN INFLECTION",
      "detail": "GM: +34.5% -> +33.7% -> +35.9% (reversal +2.1%)",
      "severity": "MEDIUM"
    },
    {
      "quarter": "2024-03 (Q1)",
      "signal": "INCREMENTAL MARGIN (YoY)",
      "detail": "YoY Incr OPM: +37.7% vs year-ago OPM: +15.2%",
      "severity": "HIGH"
    },
    {
      "quarter": "2023-12 (Q4)",
      "signal": "FCF MARGIN EXPANSION",
      "detail": "FCF margin: +16.5% -> +25.7% (+9.3%)",
      "severity": "MEDIUM"
    },
    {
      "quarter": "2023-12 (Q4)",
      "signal": "INCREMENTAL MARGIN (YoY)",
      "detail": "YoY Incr OPM: +30.6% vs year-ago OPM: +15.2%",
      "severity": "MEDIUM"
    },
    {
      "quarter": "2023-09 (Q3)",
      "signal": "YoY REVENUE GROWTH DECELERATION",
      "detail": "YoY growth: -11.4% vs prior quarter YoY: +0.1% (decel: -11.6%)",
      "severity": "WARNING"
    },
    {
      "quarter": "2023-09 (Q3)",
      "signal": "INCREMENTAL MARGIN (YoY)",
      "detail": "YoY Incr OPM: +25.7% vs year-ago OPM: +14.9%",
      "severity": "MEDIUM"
    },
    {
      "quarter": "2023-06 (Q2)",
      "signal": "FCF MARGIN EXPANSION",
      "detail": "FCF margin: +7.7% -> +16.1% (+8.5%)",
      "severity": "MEDIUM"
    },
    {
      "quarter": "2023-03 (Q1)",
      "signal": "OPERATING LEVERAGE",
      "detail": "Rev growth +2.6% vs OpEx growth +0.4% (leverage: 7.4x)",
      "severity": "MEDIUM"
    },
    {
      "quarter": "2023-03 (Q1)",
      "signal": "YoY REVENUE GROWTH DECELERATION",
      "detail": "YoY growth: -1.2% vs prior quarter YoY: +7.4% (decel: -8.5%)",
      "severity": "WARNING"
    },
    {
      "quarter": "2023-03 (Q1)",
      "signal": "INCREMENTAL MARGIN (YoY)",
      "detail": "YoY Incr OPM: +227.6% vs year-ago OPM: +17.6%",
      "severity": "HIGH"
    },
    {
      "quarter": "2022-12 (Q4)",
      "signal": "YoY REVENUE GROWTH DECELERATION",
      "detail": "YoY growth: +7.4% vs prior quarter YoY: +24.1% (decel: -16.8%)",
      "severity": "WARNING"
    },
    {
      "quarter": "2022-12 (Q4)",
      "signal": "INCREMENTAL MARGIN (YoY)",
      "detail": "YoY Incr OPM: +32.8% vs year-ago OPM: +13.9%",
      "severity": "MEDIUM"
    },
    {
      "quarter": "2022-09 (Q3)",
      "signal": "FCF MARGIN EXPANSION",
      "detail": "FCF margin: +11.1% -> +39.8% (+28.7%)",
      "severity": "MEDIUM"
    },
    {
      "quarter": "2022-09 (Q3)",
      "signal": "YoY REVENUE GROWTH ACCELERATION",
      "detail": "YoY growth: +24.1% vs prior quarter YoY: +11.9% (accel: +12.2%)",
      "severity": "MEDIUM"
    },
    {
      "quarter": "2022-03 (Q1)",
      "signal": "YoY REVENUE GROWTH ACCELERATION",
      "detail": "YoY growth: +15.0% vs prior quarter YoY: +7.7% (accel: +7.3%)",
      "severity": "MEDIUM"
    },
    {
      "quarter": "2022-03 (Q1)",
      "signal": "INCREMENTAL MARGIN (YoY)",
      "detail": "YoY Incr OPM: +39.2% vs year-ago OPM: +14.4%",
      "severity": "HIGH"
    },
    {
      "quarter": "2021-06 (Q2)",
      "signal": "GROSS MARGIN INFLECTION",
      "detail": "GM: +34.7% -> +33.2% -> +36.8% (reversal +3.6%)",
      "severity": "MEDIUM"
    }
  ],
  "data_quality": {
    "n_quarters": 20,
    "coverage": {
      "revenue": [
        20,
        20
      ],
      "gross_profit": [
        20,
        20
      ],
      "op_income": [
        20,
        20
      ],
      "fcf": [
        20,
        20
      ]
    },
    "gaps": [],
    "warnings": []
  },
  "market_cap": null,
  "source": "SEC EDGAR",
  "last_updated": "2026-02-02T21:48:27.408706",
  "sector": "Technology",
  "industry": "Electronic Components"
}