{
  "ticker": "CTSH",
  "name": "COGNIZANT TECHNOLOGY SOLUTIONS CORPORATION",
  "quarters": [
    {
      "date": "2020-12-31T00:00:00",
      "quarter_label": "2020-12 (Q4)",
      "revenue": 4184000000,
      "gross_profit": 1522000000,
      "operating_income": 465000000,
      "net_income": 316000000,
      "opex": 1057000000,
      "cogs": 2662000000,
      "rd": null,
      "sga": 874000000,
      "fcf": 809000000,
      "ocf": 898000000,
      "capex": -89000000,
      "gross_margin": 0.3637667304015296,
      "op_margin": 0.1111376673040153,
      "fcf_margin": 0.19335564053537285
    },
    {
      "date": "2021-03-31T00:00:00",
      "quarter_label": "2021-03 (Q1)",
      "revenue": 4401000000,
      "gross_profit": 1637000000,
      "operating_income": 669000000,
      "net_income": 505000000,
      "opex": 968000000,
      "cogs": 2764000000,
      "rd": null,
      "sga": 827000000,
      "fcf": 93000000,
      "ocf": 181000000,
      "capex": -88000000,
      "gross_margin": 0.3719609179731879,
      "op_margin": 0.1520109066121336,
      "fcf_margin": 0.021131561008861623,
      "op_leverage_ratio": Infinity,
      "fcf_margin_change": -0.17222407952651123
    },
    {
      "date": "2021-06-30T00:00:00",
      "quarter_label": "2021-06 (Q2)",
      "revenue": 4585000000,
      "gross_profit": 1722000000,
      "operating_income": 696000000,
      "net_income": 512000000,
      "opex": 1026000000,
      "cogs": 2863000000,
      "rd": null,
      "sga": 881000000,
      "fcf": 466000000,
      "ocf": 541000000,
      "capex": -75000000,
      "gross_margin": 0.3755725190839695,
      "op_margin": 0.15179934569247547,
      "fcf_margin": 0.10163576881134133,
      "op_leverage_ratio": 0.6977724498350688,
      "fcf_margin_change": 0.0805042078024797
    },
    {
      "date": "2021-09-30T00:00:00",
      "quarter_label": "2021-09 (Q3)",
      "revenue": 4744000000,
      "gross_profit": 1797000000,
      "operating_income": 729000000,
      "net_income": 544000000,
      "opex": 1068000000,
      "cogs": 2947000000,
      "rd": null,
      "sga": 924000000,
      "fcf": 897000000,
      "ocf": 948000000,
      "capex": -51000000,
      "gross_margin": 0.37879426644182124,
      "op_margin": 0.15366779089376054,
      "fcf_margin": 0.18908094435075884,
      "op_leverage_ratio": 0.8471412992677988,
      "fcf_margin_change": 0.08744517553941751
    },
    {
      "date": "2021-12-31T00:00:00",
      "quarter_label": "2021-12 (Q4)",
      "revenue": 4777000000,
      "gross_profit": 1747000000,
      "operating_income": 732000000,
      "net_income": 576000000,
      "opex": 1015000000,
      "cogs": 3030000000,
      "rd": null,
      "sga": 871000000,
      "fcf": 760000000,
      "ocf": 825000000,
      "capex": -65000000,
      "gross_margin": 0.36571069709022397,
      "op_margin": 0.15323424743562905,
      "fcf_margin": 0.15909566673644546,
      "incr_op_margin_yoy": 0.4502529510961214,
      "rev_growth_yoy": 0.1417304015296367,
      "fcf_margin_change": -0.029985277614313383
    },
    {
      "date": "2022-03-31T00:00:00",
      "quarter_label": "2022-03 (Q1)",
      "revenue": 4826000000,
      "gross_profit": 1729000000,
      "operating_income": 724000000,
      "net_income": 563000000,
      "opex": 1005000000,
      "cogs": 3097000000,
      "rd": null,
      "sga": 862000000,
      "fcf": 186000000,
      "ocf": 306000000,
      "capex": -120000000,
      "gross_margin": 0.35826771653543305,
      "op_margin": 0.15002072109407377,
      "fcf_margin": 0.038541234977206795,
      "incr_op_margin_yoy": 0.12941176470588237,
      "rev_growth_yoy": 0.09656896159963645,
      "rev_growth_yoy_accel": -0.045161439930000255,
      "op_leverage_ratio": Infinity,
      "fcf_margin_change": -0.12055443175923866
    },
    {
      "date": "2022-06-30T00:00:00",
      "quarter_label": "2022-06 (Q2)",
      "revenue": 4906000000,
      "gross_profit": 1787000000,
      "operating_income": 760000000,
      "net_income": 577000000,
      "opex": 1027000000,
      "cogs": 3119000000,
      "rd": null,
      "sga": 883000000,
      "fcf": 485000000,
      "ocf": 528000000,
      "capex": -43000000,
      "gross_margin": 0.36424785976355484,
      "op_margin": 0.15491235222176927,
      "fcf_margin": 0.09885854056257644,
      "incr_op_margin_yoy": 0.19937694704049844,
      "rev_growth_yoy": 0.07001090512540895,
      "rev_growth_yoy_accel": -0.0265580564742275,
      "op_leverage_ratio": 0.7572618016049429,
      "fcf_margin_change": 0.06031730558536964
    },
    {
      "date": "2022-09-30T00:00:00",
      "quarter_label": "2022-09 (Q3)",
      "revenue": 4857000000,
      "gross_profit": 1777000000,
      "operating_income": 798000000,
      "net_income": 629000000,
      "opex": 979000000,
      "cogs": 3080000000,
      "rd": null,
      "sga": 838000000,
      "fcf": 953000000,
      "ocf": 1032000000,
      "capex": -79000000,
      "gross_margin": 0.3658637018735845,
      "op_margin": 0.16429894996911673,
      "fcf_margin": 0.19621165328392012,
      "incr_op_margin_yoy": 0.6106194690265486,
      "rev_growth_yoy": 0.023819561551433388,
      "rev_growth_yoy_accel": -0.04619134357397556,
      "fcf_margin_change": 0.09735311272134368
    },
    {
      "date": "2022-12-31T00:00:00",
      "quarter_label": "2022-12 (Q4)",
      "revenue": 4839000000,
      "gross_profit": 1687000000,
      "operating_income": 686000000,
      "net_income": 521000000,
      "opex": 1001000000,
      "cogs": 3152000000,
      "rd": null,
      "sga": 860000000,
      "fcf": 612000000,
      "ocf": 702000000,
      "capex": -90000000,
      "gross_margin": 0.34862574912171934,
      "op_margin": 0.1417648274436867,
      "fcf_margin": 0.12647241165530068,
      "incr_op_margin_yoy": -0.7419354838709677,
      "rev_growth_yoy": 0.012978857023236342,
      "rev_growth_yoy_accel": -0.010840704528197046,
      "fcf_margin_change": -0.06973924162861944
    },
    {
      "date": "2023-03-31T00:00:00",
      "quarter_label": "2023-03 (Q1)",
      "revenue": 4812000000,
      "gross_profit": 1669000000,
      "operating_income": 702000000,
      "net_income": 580000000,
      "opex": 967000000,
      "cogs": 3143000000,
      "rd": null,
      "sga": 835000000,
      "fcf": 631000000,
      "ocf": 729000000,
      "capex": -98000000,
      "gross_margin": 0.3468412302576891,
      "op_margin": 0.14588528678304238,
      "fcf_margin": 0.13113050706566917,
      "incr_op_margin_yoy": 1.5714285714285714,
      "rev_growth_yoy": -0.002900953170327393,
      "rev_growth_yoy_accel": -0.015879810193563736,
      "fcf_margin_change": 0.00465809541036849
    },
    {
      "date": "2023-06-30T00:00:00",
      "quarter_label": "2023-06 (Q2)",
      "revenue": 4886000000,
      "gross_profit": 1655000000,
      "operating_income": 577000000,
      "net_income": 463000000,
      "opex": 1078000000,
      "cogs": 3231000000,
      "rd": null,
      "sga": 830000000,
      "fcf": -32000000,
      "ocf": 36000000,
      "capex": -68000000,
      "gross_margin": 0.3387228817028244,
      "op_margin": 0.11809250920998772,
      "fcf_margin": -0.006549324600900532,
      "incr_op_margin_yoy": 9.15,
      "rev_growth_yoy": -0.0040766408479412965,
      "rev_growth_yoy_accel": -0.0011756876776139033,
      "op_leverage_ratio": 0.1339706289830978,
      "fcf_margin_change": -0.1376798316665697
    },
    {
      "date": "2023-09-30T00:00:00",
      "quarter_label": "2023-09 (Q3)",
      "revenue": 4897000000,
      "gross_profit": 1688000000,
      "operating_income": 686000000,
      "net_income": 525000000,
      "opex": 1002000000,
      "cogs": 3209000000,
      "rd": null,
      "sga": 801000000,
      "fcf": 755000000,
      "ocf": 828000000,
      "capex": -73000000,
      "gross_margin": 0.3447008372472943,
      "op_margin": 0.14008576679599755,
      "fcf_margin": 0.1541760261384521,
      "incr_op_margin_yoy": -2.8,
      "rev_growth_yoy": 0.008235536339304097,
      "rev_growth_yoy_accel": 0.012312177187245393,
      "fcf_margin_change": 0.16072535073935262
    },
    {
      "date": "2023-12-31T00:00:00",
      "quarter_label": "2023-12 (Q4)",
      "revenue": 4758000000,
      "gross_profit": 1677000000,
      "operating_income": 724000000,
      "net_income": 558000000,
      "opex": 953000000,
      "cogs": 3081000000,
      "rd": null,
      "sga": 786000000,
      "fcf": 659000000,
      "ocf": 737000000,
      "capex": -78000000,
      "gross_margin": 0.3524590163934426,
      "op_margin": 0.15216477511559479,
      "fcf_margin": 0.13850357292980245,
      "incr_op_margin_yoy": -0.4691358024691358,
      "rev_growth_yoy": -0.016738995660260384,
      "rev_growth_yoy_accel": -0.02497453199956448,
      "fcf_margin_change": -0.015672453208649656
    },
    {
      "date": "2024-03-31T00:00:00",
      "quarter_label": "2024-03 (Q1)",
      "revenue": 4760000000,
      "gross_profit": 1614000000,
      "operating_income": 695000000,
      "net_income": 546000000,
      "opex": 919000000,
      "cogs": 3146000000,
      "rd": null,
      "sga": 765000000,
      "fcf": 16000000,
      "ocf": 95000000,
      "capex": -79000000,
      "gross_margin": 0.33907563025210086,
      "op_margin": 0.14600840336134455,
      "fcf_margin": 0.0033613445378151263,
      "incr_op_margin_yoy": 0.1346153846153846,
      "rev_growth_yoy": -0.010806317539484621,
      "rev_growth_yoy_accel": 0.005932678120775763,
      "fcf_margin_change": -0.13514222839198733
    },
    {
      "date": "2024-06-30T00:00:00",
      "quarter_label": "2024-06 (Q2)",
      "revenue": 4850000000,
      "gross_profit": 1646000000,
      "operating_income": 708000000,
      "net_income": 566000000,
      "opex": 938000000,
      "cogs": 3204000000,
      "rd": null,
      "sga": 781000000,
      "fcf": 183000000,
      "ocf": 262000000,
      "capex": -79000000,
      "gross_margin": 0.3393814432989691,
      "op_margin": 0.14597938144329897,
      "fcf_margin": 0.0377319587628866,
      "incr_op_margin_yoy": -3.638888888888889,
      "rev_growth_yoy": -0.007367990176013099,
      "rev_growth_yoy_accel": 0.0034383273634715225,
      "op_leverage_ratio": 0.9145289694825297,
      "fcf_margin_change": 0.03437061422507147
    },
    {
      "date": "2024-09-30T00:00:00",
      "quarter_label": "2024-09 (Q3)",
      "revenue": 5044000000,
      "gross_profit": 1733000000,
      "operating_income": 738000000,
      "net_income": 582000000,
      "opex": 995000000,
      "cogs": 3311000000,
      "rd": null,
      "sga": 833000000,
      "fcf": 791000000,
      "ocf": 847000000,
      "capex": -56000000,
      "gross_margin": 0.3435765265662173,
      "op_margin": 0.14631245043616178,
      "fcf_margin": 0.15681998413957177,
      "incr_op_margin_yoy": 0.35374149659863946,
      "rev_growth_yoy": 0.03001837859914233,
      "rev_growth_yoy_accel": 0.03738636877515543,
      "op_leverage_ratio": 0.6582456140350877,
      "fcf_margin_change": 0.11908802537668517
    },
    {
      "date": "2024-12-31T00:00:00",
      "quarter_label": "2024-12 (Q4)",
      "revenue": 5082000000,
      "gross_profit": 1785000000,
      "operating_income": 751000000,
      "net_income": 546000000,
      "opex": 1034000000,
      "cogs": 3297000000,
      "rd": null,
      "sga": 844000000,
      "fcf": 837000000,
      "ocf": 920000000,
      "capex": -83000000,
      "gross_margin": 0.3512396694214876,
      "op_margin": 0.14777646595828414,
      "fcf_margin": 0.16469893742621014,
      "incr_op_margin_yoy": 0.08333333333333333,
      "rev_growth_yoy": 0.06809583858764187,
      "rev_growth_yoy_accel": 0.03807745998849954,
      "fcf_margin_change": 0.007878953286638374
    },
    {
      "date": "2025-03-31T00:00:00",
      "quarter_label": "2025-03 (Q1)",
      "revenue": 5115000000,
      "gross_profit": 1718000000,
      "operating_income": 853000000,
      "net_income": 663000000,
      "opex": 865000000,
      "cogs": 3397000000,
      "rd": null,
      "sga": 791000000,
      "fcf": 323000000,
      "ocf": 400000000,
      "capex": -77000000,
      "gross_margin": 0.3358748778103617,
      "op_margin": 0.16676441837732162,
      "fcf_margin": 0.06314760508308895,
      "incr_op_margin_yoy": 0.4450704225352113,
      "rev_growth_yoy": 0.07457983193277311,
      "rev_growth_yoy_accel": 0.0064839933451312365,
      "fcf_margin_change": -0.10155133234312119
    },
    {
      "date": "2025-06-30T00:00:00",
      "quarter_label": "2025-06 (Q2)",
      "revenue": 5245000000,
      "gross_profit": 1766000000,
      "operating_income": 817000000,
      "net_income": 645000000,
      "opex": 949000000,
      "cogs": 3479000000,
      "rd": null,
      "sga": 810000000,
      "fcf": 331000000,
      "ocf": 398000000,
      "capex": -67000000,
      "gross_margin": 0.3367016205910391,
      "op_margin": 0.155767397521449,
      "fcf_margin": 0.06310772163965682,
      "incr_op_margin_yoy": 0.2759493670886076,
      "rev_growth_yoy": 0.08144329896907217,
      "rev_growth_yoy_accel": 0.006863467036299059,
      "op_leverage_ratio": 0.26171856817018113,
      "fcf_margin_change": -3.9883443432128796e-05
    },
    {
      "date": "2025-09-30T00:00:00",
      "quarter_label": "2025-09 (Q3)",
      "revenue": 5415000000,
      "gross_profit": 1834000000,
      "operating_income": 866000000,
      "net_income": 274000000,
      "opex": 968000000,
      "cogs": 3581000000,
      "rd": null,
      "sga": 833000000,
      "fcf": 1160000000,
      "ocf": 1227000000,
      "capex": -67000000,
      "gross_margin": 0.3386888273314866,
      "op_margin": 0.15992613111726686,
      "fcf_margin": 0.21421975992613113,
      "incr_op_margin_yoy": 0.3450134770889488,
      "rev_growth_yoy": 0.07355273592386995,
      "rev_growth_yoy_accel": -0.00789056304520222,
      "op_leverage_ratio": 1.618885153780543,
      "fcf_margin_change": 0.1511120382864743
    }
  ],
  "signals": [
    {
      "quarter": "2025-09 (Q3)",
      "signal": "FCF MARGIN EXPANSION",
      "detail": "FCF margin: +6.3% -> +21.4% (+15.1%)",
      "severity": "MEDIUM"
    },
    {
      "quarter": "2025-09 (Q3)",
      "signal": "OPERATING LEVERAGE",
      "detail": "Rev growth +3.2% vs OpEx growth +2.0% (leverage: 1.6x)",
      "severity": "MEDIUM"
    },
    {
      "quarter": "2025-09 (Q3)",
      "signal": "INCREMENTAL MARGIN (YoY)",
      "detail": "YoY Incr OPM: +34.5% vs year-ago OPM: +14.6%",
      "severity": "MEDIUM"
    },
    {
      "quarter": "2025-06 (Q2)",
      "signal": "INCREMENTAL MARGIN (YoY)",
      "detail": "YoY Incr OPM: +27.6% vs year-ago OPM: +14.6%",
      "severity": "MEDIUM"
    },
    {
      "quarter": "2025-03 (Q1)",
      "signal": "INCREMENTAL MARGIN (YoY)",
      "detail": "YoY Incr OPM: +44.5% vs year-ago OPM: +14.6%",
      "severity": "HIGH"
    },
    {
      "quarter": "2024-09 (Q3)",
      "signal": "FCF MARGIN EXPANSION",
      "detail": "FCF margin: +3.8% -> +15.7% (+11.9%)",
      "severity": "MEDIUM"
    },
    {
      "quarter": "2024-09 (Q3)",
      "signal": "INCREMENTAL MARGIN (YoY)",
      "detail": "YoY Incr OPM: +35.4% vs year-ago OPM: +14.0%",
      "severity": "HIGH"
    },
    {
      "quarter": "2023-09 (Q3)",
      "signal": "FCF TURNED POSITIVE",
      "detail": "FCF margin: -0.7% -> +15.4%",
      "severity": "HIGH"
    },
    {
      "quarter": "2023-06 (Q2)",
      "signal": "INCREMENTAL MARGIN (YoY)",
      "detail": "YoY Incr OPM: +915.0% vs year-ago OPM: +15.5%",
      "severity": "HIGH"
    },
    {
      "quarter": "2023-03 (Q1)",
      "signal": "INCREMENTAL MARGIN (YoY)",
      "detail": "YoY Incr OPM: +157.1% vs year-ago OPM: +15.0%",
      "severity": "HIGH"
    },
    {
      "quarter": "2022-09 (Q3)",
      "signal": "FCF MARGIN EXPANSION",
      "detail": "FCF margin: +9.9% -> +19.6% (+9.7%)",
      "severity": "MEDIUM"
    },
    {
      "quarter": "2022-09 (Q3)",
      "signal": "INCREMENTAL MARGIN (YoY)",
      "detail": "YoY Incr OPM: +61.1% vs year-ago OPM: +15.4%",
      "severity": "HIGH"
    },
    {
      "quarter": "2022-06 (Q2)",
      "signal": "FCF MARGIN EXPANSION",
      "detail": "FCF margin: +3.9% -> +9.9% (+6.0%)",
      "severity": "MEDIUM"
    },
    {
      "quarter": "2021-12 (Q4)",
      "signal": "INCREMENTAL MARGIN (YoY)",
      "detail": "YoY Incr OPM: +45.0% vs year-ago OPM: +11.1%",
      "severity": "HIGH"
    },
    {
      "quarter": "2021-09 (Q3)",
      "signal": "FCF MARGIN EXPANSION",
      "detail": "FCF margin: +10.2% -> +18.9% (+8.7%)",
      "severity": "MEDIUM"
    },
    {
      "quarter": "2021-06 (Q2)",
      "signal": "FCF MARGIN EXPANSION",
      "detail": "FCF margin: +2.1% -> +10.2% (+8.1%)",
      "severity": "MEDIUM"
    }
  ],
  "data_quality": {
    "n_quarters": 20,
    "coverage": {
      "revenue": [
        20,
        20
      ],
      "gross_profit": [
        20,
        20
      ],
      "op_income": [
        20,
        20
      ],
      "fcf": [
        20,
        20
      ]
    },
    "gaps": [],
    "warnings": []
  },
  "market_cap": null,
  "source": "SEC EDGAR",
  "last_updated": "2026-02-02T20:02:38.469310"
}