{
  "ticker": "CTSO",
  "name": "CYTOSORBENTS CORPORATION",
  "quarters": [
    {
      "date": "2020-12-31T00:00:00",
      "quarter_label": "2020-12 (Q4)",
      "revenue": 11955776,
      "gross_profit": 9428358,
      "operating_income": -2634264,
      "net_income": -677724,
      "opex": 12062623,
      "cogs": 2527418,
      "rd": 2685781,
      "sga": 8273530,
      "fcf": -1219812,
      "ocf": -1057806,
      "capex": -162006,
      "gross_margin": 0.7886027640531238,
      "op_margin": -0.22033400425033056,
      "fcf_margin": -0.10202700351696117
    },
    {
      "date": "2021-03-31T00:00:00",
      "quarter_label": "2021-03 (Q1)",
      "revenue": 10598847,
      "gross_profit": 7847403,
      "operating_income": -2852191,
      "net_income": -4167821,
      "opex": 10699594,
      "cogs": 2751444,
      "rd": 2282052,
      "sga": 7709703,
      "fcf": -2772875,
      "ocf": -2344237,
      "capex": -428638,
      "gross_margin": 0.7404015738693086,
      "op_margin": -0.26910389403677587,
      "fcf_margin": -0.26162043852505845,
      "fcf_margin_change": -0.15959343500809728
    },
    {
      "date": "2021-06-30T00:00:00",
      "quarter_label": "2021-06 (Q2)",
      "revenue": 12024069,
      "gross_profit": 9313852,
      "operating_income": -4924733,
      "net_income": -4677530,
      "opex": 14238585,
      "cogs": 2710217,
      "rd": 3699314,
      "sga": 9821490,
      "fcf": -2824861,
      "ocf": -2036245,
      "capex": -788616,
      "gross_margin": 0.774600678023388,
      "op_margin": -0.4095729157908192,
      "fcf_margin": -0.23493386473414282,
      "op_leverage_ratio": 0.406547912096992,
      "fcf_margin_change": 0.02668657379091563
    },
    {
      "date": "2021-09-30T00:00:00",
      "quarter_label": "2021-09 (Q3)",
      "revenue": 9760416,
      "gross_profit": 7297470,
      "operating_income": -5406000,
      "net_income": -6406285,
      "opex": 12703470,
      "cogs": 2462946,
      "rd": 4262206,
      "sga": 7776575,
      "fcf": -5025085,
      "ocf": -4133518,
      "capex": -891567,
      "gross_margin": 0.7476597308967159,
      "op_margin": -0.5538698350562107,
      "fcf_margin": -0.5148433222518385,
      "fcf_margin_change": -0.2799094575176957
    },
    {
      "date": "2021-12-31T00:00:00",
      "quarter_label": "2021-12 (Q4)",
      "revenue": 10782195,
      "gross_profit": 7659452,
      "operating_income": -9561821,
      "net_income": -9307012,
      "opex": 17221274,
      "cogs": 3122742,
      "rd": 6137358,
      "sga": 10442711,
      "fcf": -7024026,
      "ocf": -5491599,
      "capex": -1532427,
      "gross_margin": 0.7103796583163261,
      "op_margin": -0.8868158106953176,
      "fcf_margin": -0.6514467601448499,
      "incr_op_margin_yoy": 5.902921911653308,
      "rev_growth_yoy": -0.09816016961174248,
      "op_leverage_ratio": 0.29436327436290183,
      "fcf_margin_change": -0.13660343789301144
    },
    {
      "date": "2022-03-31T00:00:00",
      "quarter_label": "2022-03 (Q1)",
      "revenue": 8691424,
      "gross_profit": 6413788,
      "operating_income": -7791135,
      "net_income": -8966398,
      "opex": 14204923,
      "cogs": 2277636,
      "rd": 4243365,
      "sga": 9160823,
      "fcf": -8829409,
      "ocf": -8119170,
      "capex": -710239,
      "gross_margin": 0.7379444381035835,
      "op_margin": -0.8964163985096113,
      "fcf_margin": -1.015875994543587,
      "incr_op_margin_yoy": 2.58932811442454,
      "rev_growth_yoy": -0.1799651414913339,
      "rev_growth_yoy_accel": -0.08180497187959143,
      "fcf_margin_change": -0.364429234398737
    },
    {
      "date": "2022-06-30T00:00:00",
      "quarter_label": "2022-06 (Q2)",
      "revenue": 8495558,
      "gross_profit": 4944856,
      "operating_income": -8357050,
      "net_income": -10879222,
      "opex": 13301906,
      "cogs": 3550702,
      "rd": 4183462,
      "sga": 8439367,
      "fcf": -12563917,
      "ocf": -8039993,
      "capex": -4523924,
      "gross_margin": 0.5820519382011164,
      "op_margin": -0.9836964211179536,
      "fcf_margin": -1.4788807280228091,
      "incr_op_margin_yoy": 0.9727380756358702,
      "rev_growth_yoy": -0.2934539879969085,
      "rev_growth_yoy_accel": -0.11348884650557461,
      "fcf_margin_change": -0.4630047334792222
    },
    {
      "date": "2022-09-30T00:00:00",
      "quarter_label": "2022-09 (Q3)",
      "revenue": 8111353,
      "gross_profit": 3617377,
      "operating_income": -9017338,
      "net_income": -12200837,
      "opex": 12634715,
      "cogs": 4493976,
      "rd": 3290149,
      "sga": 8735048,
      "fcf": -7374557,
      "ocf": -6734792,
      "capex": -639765,
      "gross_margin": 0.44596468677913537,
      "op_margin": -1.111693449909035,
      "fcf_margin": -0.9091648458648021,
      "incr_op_margin_yoy": 2.189933313645385,
      "rev_growth_yoy": -0.1689541716254717,
      "rev_growth_yoy_accel": 0.12449981637143684,
      "fcf_margin_change": 0.5697158821580071
    },
    {
      "date": "2022-12-31T00:00:00",
      "quarter_label": "2022-12 (Q4)",
      "revenue": 9390474,
      "gross_profit": 5757036,
      "operating_income": -6356356,
      "net_income": -766126,
      "opex": 12113392,
      "cogs": 3633437,
      "rd": 3401931,
      "sga": 7952892,
      "fcf": -5553764,
      "ocf": -5340327,
      "capex": -213437,
      "gross_margin": 0.6130719279985227,
      "op_margin": -0.6768940524195052,
      "fcf_margin": -0.591425310373044,
      "incr_op_margin_yoy": -2.303238220879041,
      "rev_growth_yoy": -0.12907585143841305,
      "rev_growth_yoy_accel": 0.03987832018705864,
      "op_leverage_ratio": Infinity,
      "fcf_margin_change": 0.31773953549175804
    },
    {
      "date": "2023-03-31T00:00:00",
      "quarter_label": "2023-03 (Q1)",
      "revenue": 9449496,
      "gross_profit": 5455327,
      "operating_income": -7891596,
      "net_income": -7325883,
      "opex": 13346923,
      "cogs": 3994169,
      "rd": 4214415,
      "sga": 8463275,
      "fcf": -3617880,
      "ocf": -3108211,
      "capex": -509669,
      "gross_margin": 0.5773140705070408,
      "op_margin": -0.8351340642929528,
      "fcf_margin": -0.38286486390385266,
      "rev_growth_yoy": 0.0872206901883972,
      "rev_growth_yoy_accel": 0.21629654162681025,
      "fcf_margin_change": 0.20856044646919136
    },
    {
      "date": "2023-06-30T00:00:00",
      "quarter_label": "2023-06 (Q2)",
      "revenue": 9420821,
      "gross_profit": 6018550,
      "operating_income": -6559237,
      "net_income": -6153084,
      "opex": 12577787,
      "cogs": 3402271,
      "rd": 3668804,
      "sga": 7723952,
      "fcf": -6723838,
      "ocf": -6933286,
      "capex": 209448,
      "gross_margin": 0.6388562100903945,
      "op_margin": -0.6962489787248903,
      "fcf_margin": -0.7137210228280528,
      "rev_growth_yoy": 0.10891138639745618,
      "rev_growth_yoy_accel": 0.021690696209058974,
      "fcf_margin_change": -0.33085615892420017
    },
    {
      "date": "2023-09-30T00:00:00",
      "quarter_label": "2023-09 (Q3)",
      "revenue": 8810847,
      "gross_profit": 5606866,
      "operating_income": -7350198,
      "net_income": -9193520,
      "opex": 12957064,
      "cogs": 3203981,
      "rd": 3749197,
      "sga": 8104392,
      "fcf": -5348625,
      "ocf": -5206228,
      "capex": -142397,
      "gross_margin": 0.636359478265824,
      "op_margin": -0.8342214999307104,
      "fcf_margin": -0.6070500373006137,
      "rev_growth_yoy": 0.08623641456610259,
      "rev_growth_yoy_accel": -0.022674971831353585,
      "fcf_margin_change": 0.10667098552743914
    },
    {
      "date": "2023-12-31T00:00:00",
      "quarter_label": "2023-12 (Q4)",
      "revenue": 8668215,
      "gross_profit": 5311280,
      "operating_income": -9408222,
      "net_income": -5834907,
      "opex": 14652705,
      "cogs": 3356935,
      "rd": 4096499,
      "sga": 9241648,
      "fcf": -6502908,
      "ocf": -6407411,
      "capex": -95497,
      "gross_margin": 0.6127305333335641,
      "op_margin": -1.0853701713674615,
      "fcf_margin": -0.7502015120760156,
      "rev_growth_yoy": -0.0769140088136126,
      "rev_growth_yoy_accel": -0.1631504233797152,
      "fcf_margin_change": -0.1431514747754019
    },
    {
      "date": "2024-03-31T00:00:00",
      "quarter_label": "2024-03 (Q1)",
      "revenue": 9786292,
      "gross_profit": 6570579,
      "operating_income": -4925518,
      "net_income": -6357861,
      "opex": 11496097,
      "cogs": 3215713,
      "rd": 2248191,
      "sga": 8567200,
      "fcf": -4874950,
      "ocf": -4829759,
      "capex": -45191,
      "gross_margin": 0.6714063917160862,
      "op_margin": -0.5033078923048689,
      "fcf_margin": -0.49814066451317823,
      "rev_growth_yoy": 0.03564168924988169,
      "rev_growth_yoy_accel": 0.11255569806349429,
      "op_leverage_ratio": Infinity,
      "fcf_margin_change": 0.25206084756283736
    },
    {
      "date": "2024-06-30T00:00:00",
      "quarter_label": "2024-06 (Q2)",
      "revenue": 9894636,
      "gross_profit": 6502729,
      "operating_income": -3418822,
      "net_income": -4143146,
      "opex": 9921551,
      "cogs": 3391907,
      "rd": 1519618,
      "sga": 7581201,
      "fcf": -4812050,
      "ocf": -4794241,
      "capex": -17809,
      "gross_margin": 0.6571973946287666,
      "op_margin": -0.3455227660724457,
      "fcf_margin": -0.4863291585461052,
      "rev_growth_yoy": 0.05029444885960576,
      "rev_growth_yoy_accel": 0.014652759609724071,
      "op_leverage_ratio": Infinity,
      "fcf_margin_change": 0.011811505967073033
    },
    {
      "date": "2024-09-30T00:00:00",
      "quarter_label": "2024-09 (Q3)",
      "revenue": 9390388,
      "gross_profit": 5281615,
      "operating_income": -4396247,
      "net_income": -2334091,
      "opex": 9677862,
      "cogs": 4108773,
      "rd": 1851230,
      "sga": 7002718,
      "fcf": -2615000,
      "ocf": -2463000,
      "capex": -152000,
      "gross_margin": 0.5624490702620595,
      "op_margin": -0.4681645742433646,
      "fcf_margin": -0.2784762461359424,
      "rev_growth_yoy": 0.06577585560162377,
      "rev_growth_yoy_accel": 0.015481406742018013,
      "fcf_margin_change": 0.2078529124101628
    },
    {
      "date": "2024-12-31T00:00:00",
      "quarter_label": "2024-12 (Q4)",
      "revenue": 6523204,
      "gross_profit": 6771069,
      "operating_income": -4045352,
      "net_income": -7883859,
      "opex": 10816421,
      "cogs": -247865,
      "rd": null,
      "sga": 11844631,
      "fcf": -2410152,
      "ocf": -2340809,
      "capex": -69343,
      "gross_margin": 1.0379974319368213,
      "op_margin": -0.620148013154272,
      "fcf_margin": -0.36947365129160453,
      "incr_op_margin_yoy": -2.5001596728408386,
      "rev_growth_yoy": -0.24745706007522886,
      "rev_growth_yoy_accel": -0.31323291567685263,
      "fcf_margin_change": -0.09099740515566213
    },
    {
      "date": "2025-03-31T00:00:00",
      "quarter_label": "2025-03 (Q1)",
      "revenue": 8727238,
      "gross_profit": 6207597,
      "operating_income": -3887208,
      "net_income": -1478358,
      "opex": 10094805,
      "cogs": 2519641,
      "rd": null,
      "sga": 8431880,
      "fcf": -3467076,
      "ocf": -3464955,
      "capex": -2121,
      "gross_margin": 0.711289986591405,
      "op_margin": -0.44541102236469315,
      "fcf_margin": -0.3972707058063502,
      "incr_op_margin_yoy": -0.9804127079450151,
      "rev_growth_yoy": -0.10821810753245457,
      "rev_growth_yoy_accel": 0.1392389525427743,
      "op_leverage_ratio": Infinity,
      "fcf_margin_change": -0.027797054514745678
    },
    {
      "date": "2025-06-30T00:00:00",
      "quarter_label": "2025-06 (Q2)",
      "revenue": 9617000,
      "gross_profit": 6814000,
      "operating_income": -3615000,
      "net_income": 1947000,
      "opex": 10429000,
      "cogs": 2803000,
      "rd": null,
      "sga": 9167000,
      "fcf": -1546924,
      "ocf": -1510045,
      "capex": -36879,
      "gross_margin": 0.7085369657897473,
      "op_margin": -0.37589684932931267,
      "fcf_margin": -0.16085307268378912,
      "rev_growth_yoy": -0.028059243412289245,
      "rev_growth_yoy_accel": 0.08015886412016533,
      "op_leverage_ratio": 3.0796050303888323,
      "fcf_margin_change": 0.2364176331225611
    },
    {
      "date": "2025-09-30T00:00:00",
      "quarter_label": "2025-09 (Q3)",
      "revenue": 9485000,
      "gross_profit": 6666000,
      "operating_income": -2862000,
      "net_income": -3170000,
      "opex": 9528000,
      "cogs": 2819000,
      "rd": null,
      "sga": 8610000,
      "fcf": -2594000,
      "ocf": -2577000,
      "capex": -17000,
      "gross_margin": 0.7027938850817079,
      "op_margin": -0.30173958882445967,
      "fcf_margin": -0.2734844491302056,
      "rev_growth_yoy": 0.010075409024632422,
      "rev_growth_yoy_accel": 0.03813465243692167,
      "fcf_margin_change": -0.11263137644641646
    }
  ],
  "signals": [
    {
      "quarter": "2025-06 (Q2)",
      "signal": "FCF MARGIN EXPANSION",
      "detail": "FCF margin: -39.7% -> -16.1% (+23.6%)",
      "severity": "MEDIUM"
    },
    {
      "quarter": "2025-06 (Q2)",
      "signal": "OPERATING LEVERAGE",
      "detail": "Rev growth +10.2% vs OpEx growth +3.3% (leverage: 3.1x)",
      "severity": "MEDIUM"
    },
    {
      "quarter": "2025-06 (Q2)",
      "signal": "YoY REVENUE GROWTH ACCELERATION",
      "detail": "YoY growth: -2.8% vs prior quarter YoY: -10.8% (accel: +8.0%)",
      "severity": "MEDIUM"
    },
    {
      "quarter": "2025-03 (Q1)",
      "signal": "YoY REVENUE GROWTH ACCELERATION",
      "detail": "YoY growth: -10.8% vs prior quarter YoY: -24.7% (accel: +13.9%)",
      "severity": "MEDIUM"
    },
    {
      "quarter": "2024-12 (Q4)",
      "signal": "GROSS MARGIN INFLECTION",
      "detail": "GM: +65.7% -> +56.2% -> +103.8% (reversal +47.6%)",
      "severity": "HIGH"
    },
    {
      "quarter": "2024-12 (Q4)",
      "signal": "YoY REVENUE GROWTH DECELERATION",
      "detail": "YoY growth: -24.7% vs prior quarter YoY: +6.6% (decel: -31.3%)",
      "severity": "WARNING"
    },
    {
      "quarter": "2024-09 (Q3)",
      "signal": "FCF MARGIN EXPANSION",
      "detail": "FCF margin: -48.6% -> -27.8% (+20.8%)",
      "severity": "MEDIUM"
    },
    {
      "quarter": "2024-03 (Q1)",
      "signal": "FCF MARGIN EXPANSION",
      "detail": "FCF margin: -75.0% -> -49.8% (+25.2%)",
      "severity": "MEDIUM"
    },
    {
      "quarter": "2024-03 (Q1)",
      "signal": "GROSS MARGIN INFLECTION",
      "detail": "GM: +63.6% -> +61.3% -> +67.1% (reversal +5.9%)",
      "severity": "HIGH"
    },
    {
      "quarter": "2024-03 (Q1)",
      "signal": "YoY REVENUE GROWTH ACCELERATION",
      "detail": "YoY growth: +3.6% vs prior quarter YoY: -7.7% (accel: +11.3%)",
      "severity": "MEDIUM"
    },
    {
      "quarter": "2023-12 (Q4)",
      "signal": "YoY REVENUE GROWTH DECELERATION",
      "detail": "YoY growth: -7.7% vs prior quarter YoY: +8.6% (decel: -16.3%)",
      "severity": "WARNING"
    },
    {
      "quarter": "2023-09 (Q3)",
      "signal": "FCF MARGIN EXPANSION",
      "detail": "FCF margin: -71.4% -> -60.7% (+10.7%)",
      "severity": "MEDIUM"
    },
    {
      "quarter": "2023-06 (Q2)",
      "signal": "GROSS MARGIN INFLECTION",
      "detail": "GM: +61.3% -> +57.7% -> +63.9% (reversal +6.2%)",
      "severity": "HIGH"
    },
    {
      "quarter": "2023-03 (Q1)",
      "signal": "FCF MARGIN EXPANSION",
      "detail": "FCF margin: -59.1% -> -38.3% (+20.9%)",
      "severity": "MEDIUM"
    },
    {
      "quarter": "2023-03 (Q1)",
      "signal": "YoY REVENUE GROWTH ACCELERATION",
      "detail": "YoY growth: +8.7% vs prior quarter YoY: -12.9% (accel: +21.6%)",
      "severity": "HIGH"
    },
    {
      "quarter": "2022-12 (Q4)",
      "signal": "FCF MARGIN EXPANSION",
      "detail": "FCF margin: -90.9% -> -59.1% (+31.8%)",
      "severity": "MEDIUM"
    },
    {
      "quarter": "2022-12 (Q4)",
      "signal": "GROSS MARGIN INFLECTION",
      "detail": "GM: +58.2% -> +44.6% -> +61.3% (reversal +16.7%)",
      "severity": "HIGH"
    },
    {
      "quarter": "2022-09 (Q3)",
      "signal": "FCF MARGIN EXPANSION",
      "detail": "FCF margin: -147.9% -> -90.9% (+57.0%)",
      "severity": "MEDIUM"
    },
    {
      "quarter": "2022-09 (Q3)",
      "signal": "YoY REVENUE GROWTH ACCELERATION",
      "detail": "YoY growth: -16.9% vs prior quarter YoY: -29.3% (accel: +12.4%)",
      "severity": "MEDIUM"
    },
    {
      "quarter": "2022-06 (Q2)",
      "signal": "YoY REVENUE GROWTH DECELERATION",
      "detail": "YoY growth: -29.3% vs prior quarter YoY: -18.0% (decel: -11.3%)",
      "severity": "WARNING"
    },
    {
      "quarter": "2022-03 (Q1)",
      "signal": "GROSS MARGIN INFLECTION",
      "detail": "GM: +74.8% -> +71.0% -> +73.8% (reversal +2.8%)",
      "severity": "MEDIUM"
    },
    {
      "quarter": "2022-03 (Q1)",
      "signal": "YoY REVENUE GROWTH DECELERATION",
      "detail": "YoY growth: -18.0% vs prior quarter YoY: -9.8% (decel: -8.2%)",
      "severity": "WARNING"
    },
    {
      "quarter": "2021-06 (Q2)",
      "signal": "GROSS MARGIN INFLECTION",
      "detail": "GM: +78.9% -> +74.0% -> +77.5% (reversal +3.4%)",
      "severity": "MEDIUM"
    }
  ],
  "data_quality": {
    "n_quarters": 20,
    "coverage": {
      "revenue": [
        20,
        20
      ],
      "gross_profit": [
        20,
        20
      ],
      "op_income": [
        20,
        20
      ],
      "fcf": [
        20,
        20
      ]
    },
    "gaps": [],
    "warnings": []
  },
  "market_cap": null,
  "source": "SEC EDGAR",
  "last_updated": "2026-02-02T23:44:24.746896",
  "sector": "Healthcare",
  "industry": "Medical Devices"
}