{
  "ticker": "CURV",
  "name": "TORRID HOLDINGS INC.",
  "quarters": [
    {
      "date": "2021-01-30T00:00:00",
      "quarter_label": "2021-01 (Q1)",
      "revenue": 297682000,
      "gross_profit": 113848000,
      "operating_income": 2371000,
      "net_income": -8765000,
      "opex": 111477000,
      "cogs": 183834000,
      "rd": null,
      "sga": 98041000,
      "fcf": 29318000,
      "ocf": 31383000,
      "capex": -2065000,
      "gross_margin": 0.3824483845177068,
      "op_margin": 0.007964875269582977,
      "fcf_margin": 0.09848764789271773
    },
    {
      "date": "2021-05-01T00:00:00",
      "quarter_label": "2021-05 (Q2)",
      "revenue": 325747000,
      "gross_profit": 144932000,
      "operating_income": 25494000,
      "net_income": 12925000,
      "opex": 119438000,
      "cogs": 180815000,
      "rd": null,
      "sga": 109913000,
      "fcf": 71048000,
      "ocf": 73834000,
      "capex": -2786000,
      "gross_margin": 0.4449219793275149,
      "op_margin": 0.07826319198641891,
      "fcf_margin": 0.2181079181082251,
      "op_leverage_ratio": 1.320170793499384,
      "fcf_margin_change": 0.11962027021550738
    },
    {
      "date": "2021-07-31T00:00:00",
      "quarter_label": "2021-07 (Q3)",
      "revenue": 332870000,
      "gross_profit": 149720000,
      "operating_income": -40049000,
      "net_income": 38787000,
      "opex": 189769000,
      "cogs": 183150000,
      "rd": null,
      "sga": 179041000,
      "fcf": 29539000,
      "ocf": 32644000,
      "capex": -3105000,
      "gross_margin": 0.4497852014299877,
      "op_margin": -0.1203142367891369,
      "fcf_margin": 0.08874034908522847,
      "op_leverage_ratio": 0.037134557197119715,
      "fcf_margin_change": -0.12936756902299662
    },
    {
      "date": "2021-10-30T00:00:00",
      "quarter_label": "2021-10 (Q4)",
      "revenue": 306241000,
      "gross_profit": 125147000,
      "operating_income": 43725000,
      "net_income": -58902000,
      "opex": 81422000,
      "cogs": 181094000,
      "rd": null,
      "sga": 66399000,
      "fcf": 13324000,
      "ocf": 18775000,
      "capex": -5451000,
      "gross_margin": 0.4086552747672585,
      "op_margin": 0.14277970617912036,
      "fcf_margin": 0.043508217384347625,
      "fcf_margin_change": -0.04523213170088085
    },
    {
      "date": "2022-01-29T00:00:00",
      "quarter_label": "2022-01 (Q1)",
      "revenue": 318649000,
      "gross_profit": 103882000,
      "operating_income": 16212000,
      "net_income": -22754000,
      "opex": 87670000,
      "cogs": 214767000,
      "rd": null,
      "sga": 70292000,
      "fcf": -10243000,
      "ocf": -4033000,
      "capex": -6210000,
      "gross_margin": 0.3260076133927927,
      "op_margin": 0.050877297590766014,
      "fcf_margin": -0.03214508754146412,
      "incr_op_margin_yoy": 0.6601325893070062,
      "rev_growth_yoy": 0.07043422175341471,
      "op_leverage_ratio": 0.5280064108581335,
      "fcf_margin_change": -0.07565330492581174
    },
    {
      "date": "2022-04-30T00:00:00",
      "quarter_label": "2022-04 (Q2)",
      "revenue": 328409000,
      "gross_profit": 125146000,
      "operating_income": 39741000,
      "net_income": 24066000,
      "opex": 85405000,
      "cogs": 203263000,
      "rd": null,
      "sga": 67431000,
      "fcf": 2412000,
      "ocf": 9173000,
      "capex": -6761000,
      "gross_margin": 0.38106751033010666,
      "op_margin": 0.12101069093721549,
      "fcf_margin": 0.007344500302975863,
      "incr_op_margin_yoy": 5.35199098422239,
      "rev_growth_yoy": 0.008171986234715899,
      "rev_growth_yoy_accel": -0.06226223551869881,
      "op_leverage_ratio": Infinity,
      "fcf_margin_change": 0.03948958784443998
    },
    {
      "date": "2022-07-30T00:00:00",
      "quarter_label": "2022-07 (Q3)",
      "revenue": 340876000,
      "gross_profit": 118846000,
      "operating_income": 39416000,
      "net_income": 22710000,
      "opex": 79430000,
      "cogs": 222030000,
      "rd": null,
      "sga": 65928000,
      "fcf": 30437000,
      "ocf": 35120000,
      "capex": -4683000,
      "gross_margin": 0.3486487755078093,
      "op_margin": 0.11563149063002381,
      "fcf_margin": 0.08929053380114763,
      "incr_op_margin_yoy": 9.925680739445417,
      "rev_growth_yoy": 0.02405143148977078,
      "rev_growth_yoy_accel": 0.015879445255054882,
      "op_leverage_ratio": Infinity,
      "fcf_margin_change": 0.08194603349817177
    },
    {
      "date": "2022-10-29T00:00:00",
      "quarter_label": "2022-10 (Q4)",
      "revenue": 290034000,
      "gross_profit": 91771000,
      "operating_income": 19953000,
      "net_income": 7277000,
      "opex": 71818000,
      "cogs": 198263000,
      "rd": null,
      "sga": 59180000,
      "fcf": 3973000,
      "ocf": 9616000,
      "capex": -5643000,
      "gross_margin": 0.3164146272505982,
      "op_margin": 0.06879538261031465,
      "fcf_margin": 0.013698393981395284,
      "incr_op_margin_yoy": 1.4667736163386191,
      "rev_growth_yoy": -0.0529223715962265,
      "rev_growth_yoy_accel": -0.07697380308599729,
      "fcf_margin_change": -0.07559213981975234
    },
    {
      "date": "2023-01-28T00:00:00",
      "quarter_label": "2023-01 (Q1)",
      "revenue": 301228000,
      "gross_profit": 96179000,
      "operating_income": 2515000,
      "net_income": -3844000,
      "opex": 93664000,
      "cogs": 205049000,
      "rd": null,
      "sga": 77837000,
      "fcf": -6880000,
      "ocf": -598000,
      "capex": -6282000,
      "gross_margin": 0.31928970746411356,
      "op_margin": 0.008349157448842737,
      "fcf_margin": -0.022839842245740767,
      "incr_op_margin_yoy": 0.7862350037311291,
      "rev_growth_yoy": -0.054671440989929355,
      "rev_growth_yoy_accel": -0.001749069393702854,
      "op_leverage_ratio": 0.12688134324376701,
      "fcf_margin_change": -0.03653823622713605
    },
    {
      "date": "2023-04-29T00:00:00",
      "quarter_label": "2023-04 (Q2)",
      "revenue": 293854000,
      "gross_profit": 110642000,
      "operating_income": 26063000,
      "net_income": 11808000,
      "opex": 84579000,
      "cogs": 183212000,
      "rd": null,
      "sga": 71228000,
      "fcf": 5563000,
      "ocf": 11223000,
      "capex": -5660000,
      "gross_margin": 0.3765203128084014,
      "op_margin": 0.08869370503719534,
      "fcf_margin": 0.018931169900698985,
      "incr_op_margin_yoy": 0.3958327304297497,
      "rev_growth_yoy": -0.105219406289109,
      "rev_growth_yoy_accel": -0.05054796529917965,
      "fcf_margin_change": 0.04177101214643975
    },
    {
      "date": "2023-07-29T00:00:00",
      "quarter_label": "2023-07 (Q3)",
      "revenue": 289144000,
      "gross_profit": 102677000,
      "operating_income": 20188000,
      "net_income": 6629000,
      "opex": 82489000,
      "cogs": 186467000,
      "rd": null,
      "sga": 69591000,
      "fcf": 16539000,
      "ocf": 20472000,
      "capex": -3933000,
      "gross_margin": 0.35510679799684586,
      "op_margin": 0.06981988213485323,
      "fcf_margin": 0.05719987272777578,
      "incr_op_margin_yoy": 0.37168483723807316,
      "rev_growth_yoy": -0.15176193102477148,
      "rev_growth_yoy_accel": -0.04654252473566248,
      "fcf_margin_change": 0.0382687028270768
    },
    {
      "date": "2023-10-28T00:00:00",
      "quarter_label": "2023-10 (Q4)",
      "revenue": 275408000,
      "gross_profit": 91502000,
      "operating_income": 6882000,
      "net_income": -2748000,
      "opex": 84620000,
      "cogs": 183906000,
      "rd": null,
      "sga": 71881000,
      "fcf": -3600000,
      "ocf": 2035000,
      "capex": -5635000,
      "gross_margin": 0.33224161970603616,
      "op_margin": 0.02498838087492012,
      "fcf_margin": -0.01307151571486667,
      "incr_op_margin_yoy": 0.8936824832490086,
      "rev_growth_yoy": -0.05042857044346525,
      "rev_growth_yoy_accel": 0.10133336058130624,
      "fcf_margin_change": -0.07027138844264245
    },
    {
      "date": "2024-02-03T00:00:00",
      "quarter_label": "2024-02 (Q1)",
      "revenue": 293539000,
      "gross_profit": 101157000,
      "operating_income": 4015000,
      "net_income": -4070000,
      "opex": 97142000,
      "cogs": 192382000,
      "rd": null,
      "sga": 80631000,
      "fcf": -1733000,
      "ocf": 9041000,
      "capex": -10774000,
      "gross_margin": 0.34461178923413927,
      "op_margin": 0.013677909919976562,
      "fcf_margin": -0.0059038151659575044,
      "incr_op_margin_yoy": -0.19508388607101054,
      "rev_growth_yoy": -0.025525515556322785,
      "rev_growth_yoy_accel": 0.024903054887142465,
      "op_leverage_ratio": 0.4448816860922349,
      "fcf_margin_change": 0.0071677005489091655
    },
    {
      "date": "2024-05-04T00:00:00",
      "quarter_label": "2024-05 (Q2)",
      "revenue": 279771000,
      "gross_profit": 115421000,
      "operating_income": 26143000,
      "net_income": 12172000,
      "opex": 89278000,
      "cogs": 164350000,
      "rd": null,
      "sga": 76466000,
      "fcf": 20616000,
      "ocf": 27624000,
      "capex": -7008000,
      "gross_margin": 0.41255526841595447,
      "op_margin": 0.09344428121570857,
      "fcf_margin": 0.0736888383713823,
      "incr_op_margin_yoy": -0.005680607825037279,
      "rev_growth_yoy": -0.04792516011352577,
      "rev_growth_yoy_accel": -0.02239964455720298,
      "fcf_margin_change": 0.07959265353733981
    },
    {
      "date": "2024-08-03T00:00:00",
      "quarter_label": "2024-08 (Q3)",
      "revenue": 284638000,
      "gross_profit": 110258000,
      "operating_income": 20413000,
      "net_income": 8328000,
      "opex": 89845000,
      "cogs": 174380000,
      "rd": null,
      "sga": 76838000,
      "fcf": 37651000,
      "ocf": 40823000,
      "capex": -3172000,
      "gross_margin": 0.3873621933824718,
      "op_margin": 0.07171565286433997,
      "fcf_margin": 0.13227678665533063,
      "incr_op_margin_yoy": -0.049933422103861515,
      "rev_growth_yoy": -0.015583930498298426,
      "rev_growth_yoy_accel": 0.03234122961522734,
      "op_leverage_ratio": 2.739176674962252,
      "fcf_margin_change": 0.058587948283948324
    },
    {
      "date": "2024-11-02T00:00:00",
      "quarter_label": "2024-11 (Q4)",
      "revenue": 263766000,
      "gross_profit": 95157000,
      "operating_income": 7202000,
      "net_income": -1194000,
      "opex": 87955000,
      "cogs": 168609000,
      "rd": null,
      "sga": 74899000,
      "fcf": -5518000,
      "ocf": -3081000,
      "capex": -2437000,
      "gross_margin": 0.3607629489775028,
      "op_margin": 0.027304504750422724,
      "fcf_margin": -0.020920057930135044,
      "incr_op_margin_yoy": -0.02748668613640268,
      "rev_growth_yoy": -0.04227182943124383,
      "rev_growth_yoy_accel": -0.026687898932945403,
      "fcf_margin_change": -0.15319684458546567
    },
    {
      "date": "2025-02-01T00:00:00",
      "quarter_label": "2025-02 (Q1)",
      "revenue": 275562000,
      "gross_profit": 92635000,
      "operating_income": 3450000,
      "net_income": -2988000,
      "opex": 89185000,
      "cogs": 182927000,
      "rd": null,
      "sga": 73829000,
      "fcf": 10249000,
      "ocf": 12024000,
      "capex": -1775000,
      "gross_margin": 0.33616754124298703,
      "op_margin": 0.012519868486946676,
      "fcf_margin": 0.03719308177470043,
      "incr_op_margin_yoy": 0.031429048228291706,
      "rev_growth_yoy": -0.0612422880775638,
      "rev_growth_yoy_accel": -0.018970458646319972,
      "op_leverage_ratio": 3.197947811465558,
      "fcf_margin_change": 0.058113139704835476
    },
    {
      "date": "2025-05-03T00:00:00",
      "quarter_label": "2025-05 (Q2)",
      "revenue": 265965000,
      "gross_profit": 101402000,
      "operating_income": 16027000,
      "net_income": 5940000,
      "opex": 85375000,
      "cogs": 164563000,
      "rd": null,
      "sga": 70016000,
      "fcf": -20562000,
      "ocf": -18015000,
      "capex": -2547000,
      "gross_margin": 0.3812606921963416,
      "op_margin": 0.06025980862143515,
      "fcf_margin": -0.0773109243697479,
      "incr_op_margin_yoy": 0.7327249022164276,
      "rev_growth_yoy": -0.04934750206418821,
      "rev_growth_yoy_accel": 0.01189478601337559,
      "fcf_margin_change": -0.11450400614444833
    },
    {
      "date": "2025-08-02T00:00:00",
      "quarter_label": "2025-08 (Q3)",
      "revenue": 262806000,
      "gross_profit": 93488000,
      "operating_income": 10160000,
      "net_income": 1567000,
      "opex": 83328000,
      "cogs": 169318000,
      "rd": null,
      "sga": 70511000,
      "fcf": 14621000,
      "ocf": 15745000,
      "capex": -1124000,
      "gross_margin": 0.3557300822660061,
      "op_margin": 0.038659695745150414,
      "fcf_margin": 0.055634194044276004,
      "incr_op_margin_yoy": 0.46963173323561747,
      "rev_growth_yoy": -0.0767009324123975,
      "rev_growth_yoy_accel": -0.027353430348209293,
      "fcf_margin_change": 0.1329451184140239
    },
    {
      "date": "2025-11-01T00:00:00",
      "quarter_label": "2025-11 (Q4)",
      "revenue": 235153000,
      "gross_profit": 82176000,
      "operating_income": 205000,
      "net_income": -6426000,
      "opex": 81971000,
      "cogs": 152977000,
      "rd": null,
      "sga": 66256000,
      "fcf": -6605000,
      "ocf": -4852000,
      "capex": -1753000,
      "gross_margin": 0.349457587187916,
      "op_margin": 0.0008717728457642471,
      "fcf_margin": -0.028088095835477327,
      "incr_op_margin_yoy": 0.2445391954705903,
      "rev_growth_yoy": -0.10847872735682385,
      "rev_growth_yoy_accel": -0.03177779494442634,
      "fcf_margin_change": -0.08372228987975333
    }
  ],
  "signals": [
    {
      "quarter": "2025-11 (Q4)",
      "signal": "INCREMENTAL MARGIN (YoY)",
      "detail": "YoY Incr OPM: +24.5% vs year-ago OPM: +2.7%",
      "severity": "HIGH"
    },
    {
      "quarter": "2025-08 (Q3)",
      "signal": "FCF TURNED POSITIVE",
      "detail": "FCF margin: -7.7% -> +5.6%",
      "severity": "HIGH"
    },
    {
      "quarter": "2025-08 (Q3)",
      "signal": "INCREMENTAL MARGIN (YoY)",
      "detail": "YoY Incr OPM: +47.0% vs year-ago OPM: +7.2%",
      "severity": "HIGH"
    },
    {
      "quarter": "2025-05 (Q2)",
      "signal": "GROSS MARGIN INFLECTION",
      "detail": "GM: +36.1% -> +33.6% -> +38.1% (reversal +4.5%)",
      "severity": "MEDIUM"
    },
    {
      "quarter": "2025-05 (Q2)",
      "signal": "INCREMENTAL MARGIN (YoY)",
      "detail": "YoY Incr OPM: +73.3% vs year-ago OPM: +9.3%",
      "severity": "HIGH"
    },
    {
      "quarter": "2025-02 (Q1)",
      "signal": "FCF TURNED POSITIVE",
      "detail": "FCF margin: -2.1% -> +3.7%",
      "severity": "HIGH"
    },
    {
      "quarter": "2025-02 (Q1)",
      "signal": "OPERATING LEVERAGE",
      "detail": "Rev growth +4.5% vs OpEx growth +1.4% (leverage: 3.2x)",
      "severity": "MEDIUM"
    },
    {
      "quarter": "2024-08 (Q3)",
      "signal": "FCF MARGIN EXPANSION",
      "detail": "FCF margin: +7.4% -> +13.2% (+5.9%)",
      "severity": "MEDIUM"
    },
    {
      "quarter": "2024-08 (Q3)",
      "signal": "OPERATING LEVERAGE",
      "detail": "Rev growth +1.7% vs OpEx growth +0.6% (leverage: 2.7x)",
      "severity": "MEDIUM"
    },
    {
      "quarter": "2024-05 (Q2)",
      "signal": "FCF TURNED POSITIVE",
      "detail": "FCF margin: -0.6% -> +7.4%",
      "severity": "HIGH"
    },
    {
      "quarter": "2023-10 (Q4)",
      "signal": "YoY REVENUE GROWTH ACCELERATION",
      "detail": "YoY growth: -5.0% vs prior quarter YoY: -15.2% (accel: +10.1%)",
      "severity": "MEDIUM"
    },
    {
      "quarter": "2023-10 (Q4)",
      "signal": "INCREMENTAL MARGIN (YoY)",
      "detail": "YoY Incr OPM: +89.4% vs year-ago OPM: +6.9%",
      "severity": "HIGH"
    },
    {
      "quarter": "2023-07 (Q3)",
      "signal": "INCREMENTAL MARGIN (YoY)",
      "detail": "YoY Incr OPM: +37.2% vs year-ago OPM: +11.6%",
      "severity": "HIGH"
    },
    {
      "quarter": "2023-04 (Q2)",
      "signal": "FCF TURNED POSITIVE",
      "detail": "FCF margin: -2.3% -> +1.9%",
      "severity": "HIGH"
    },
    {
      "quarter": "2023-04 (Q2)",
      "signal": "YoY REVENUE GROWTH DECELERATION",
      "detail": "YoY growth: -10.5% vs prior quarter YoY: -5.5% (decel: -5.1%)",
      "severity": "WARNING"
    },
    {
      "quarter": "2023-04 (Q2)",
      "signal": "INCREMENTAL MARGIN (YoY)",
      "detail": "YoY Incr OPM: +39.6% vs year-ago OPM: +12.1%",
      "severity": "HIGH"
    },
    {
      "quarter": "2023-01 (Q1)",
      "signal": "INCREMENTAL MARGIN (YoY)",
      "detail": "YoY Incr OPM: +78.6% vs year-ago OPM: +5.1%",
      "severity": "HIGH"
    },
    {
      "quarter": "2022-10 (Q4)",
      "signal": "YoY REVENUE GROWTH DECELERATION",
      "detail": "YoY growth: -5.3% vs prior quarter YoY: +2.4% (decel: -7.7%)",
      "severity": "WARNING"
    },
    {
      "quarter": "2022-10 (Q4)",
      "signal": "INCREMENTAL MARGIN (YoY)",
      "detail": "YoY Incr OPM: +146.7% vs year-ago OPM: +14.3%",
      "severity": "HIGH"
    },
    {
      "quarter": "2022-07 (Q3)",
      "signal": "FCF MARGIN EXPANSION",
      "detail": "FCF margin: +0.7% -> +8.9% (+8.2%)",
      "severity": "MEDIUM"
    },
    {
      "quarter": "2022-07 (Q3)",
      "signal": "OP MARGIN TURNED POSITIVE (YoY)",
      "detail": "Op margin: -12.0% (year-ago) -> +11.6%",
      "severity": "HIGH"
    },
    {
      "quarter": "2022-04 (Q2)",
      "signal": "FCF TURNED POSITIVE",
      "detail": "FCF margin: -3.2% -> +0.7%",
      "severity": "HIGH"
    },
    {
      "quarter": "2022-04 (Q2)",
      "signal": "GROSS MARGIN INFLECTION",
      "detail": "GM: +40.9% -> +32.6% -> +38.1% (reversal +5.5%)",
      "severity": "HIGH"
    },
    {
      "quarter": "2022-04 (Q2)",
      "signal": "YoY REVENUE GROWTH DECELERATION",
      "detail": "YoY growth: +0.8% vs prior quarter YoY: +7.0% (decel: -6.2%)",
      "severity": "WARNING"
    },
    {
      "quarter": "2022-04 (Q2)",
      "signal": "INCREMENTAL MARGIN (YoY)",
      "detail": "YoY Incr OPM: +535.2% vs year-ago OPM: +7.8%",
      "severity": "HIGH"
    },
    {
      "quarter": "2022-01 (Q1)",
      "signal": "INCREMENTAL MARGIN (YoY)",
      "detail": "YoY Incr OPM: +66.0% vs year-ago OPM: +0.8%",
      "severity": "HIGH"
    },
    {
      "quarter": "2021-10 (Q4)",
      "signal": "OP MARGIN TURNED POSITIVE (QoQ)",
      "detail": "Op margin: -12.0% -> +14.3%",
      "severity": "HIGH"
    },
    {
      "quarter": "2021-05 (Q2)",
      "signal": "FCF MARGIN EXPANSION",
      "detail": "FCF margin: +9.8% -> +21.8% (+12.0%)",
      "severity": "MEDIUM"
    }
  ],
  "data_quality": {
    "n_quarters": 20,
    "coverage": {
      "revenue": [
        20,
        20
      ],
      "gross_profit": [
        20,
        20
      ],
      "op_income": [
        20,
        20
      ],
      "fcf": [
        20,
        20
      ]
    },
    "gaps": [],
    "warnings": []
  },
  "market_cap": null,
  "source": "SEC EDGAR",
  "last_updated": "2026-02-02T23:16:02.210735"
}