{
  "ticker": "CVCO",
  "name": "CAVCO INDUSTRIES, INC.",
  "quarters": [
    {
      "date": "2021-04-03T00:00:00",
      "quarter_label": "2021-04 (Q2)",
      "revenue": 306502000,
      "gross_profit": 70875000,
      "operating_income": 26913000,
      "net_income": 25222000,
      "opex": 43962000,
      "cogs": 235627000,
      "rd": null,
      "sga": 43962000,
      "fcf": 2744000,
      "ocf": 22465000,
      "capex": -19721000,
      "gross_margin": 0.23123829534554424,
      "op_margin": 0.08780693111301067,
      "fcf_margin": 0.008952633261773169
    },
    {
      "date": "2021-07-03T00:00:00",
      "quarter_label": "2021-07 (Q3)",
      "revenue": 330422000,
      "gross_profit": 74013000,
      "operating_income": 33181000,
      "net_income": 27046000,
      "opex": 40832000,
      "cogs": 256409000,
      "rd": null,
      "sga": 40832000,
      "fcf": 21682000,
      "ocf": 24275000,
      "capex": -2593000,
      "gross_margin": 0.22399537561058283,
      "op_margin": 0.10042006888161199,
      "fcf_margin": 0.06561911737111936,
      "op_leverage_ratio": null,
      "fcf_margin_change": 0.056666484109346195
    },
    {
      "date": "2021-10-02T00:00:00",
      "quarter_label": "2021-10 (Q4)",
      "revenue": 359543000,
      "gross_profit": 89928000,
      "operating_income": 44556000,
      "net_income": 37610000,
      "opex": 45372000,
      "cogs": 269615000,
      "rd": null,
      "sga": 45372000,
      "fcf": 53734000,
      "ocf": 55812000,
      "capex": -2078000,
      "gross_margin": 0.2501175102838882,
      "op_margin": 0.12392398127623122,
      "fcf_margin": 0.14945083063778186,
      "op_leverage_ratio": 0.7926512130516211,
      "fcf_margin_change": 0.0838317132666625
    },
    {
      "date": "2022-01-01T00:00:00",
      "quarter_label": "2022-01 (Q1)",
      "revenue": 431714000,
      "gross_profit": 115208000,
      "operating_income": 54886000,
      "net_income": 79419000,
      "opex": 60322000,
      "cogs": 316506000,
      "rd": null,
      "sga": 60322000,
      "fcf": 41613000,
      "ocf": 45880000,
      "capex": -4267000,
      "gross_margin": 0.2668618576187013,
      "op_margin": 0.1271350940669054,
      "fcf_margin": 0.09639020277313222,
      "op_leverage_ratio": 0.6091982061546227,
      "fcf_margin_change": -0.05306062786464964
    },
    {
      "date": "2022-04-02T00:00:00",
      "quarter_label": "2022-04 (Q2)",
      "revenue": 505479000,
      "gross_profit": 129600000,
      "operating_income": 69873000,
      "net_income": 53624000,
      "opex": 59727000,
      "cogs": 375879000,
      "rd": null,
      "sga": 59727000,
      "fcf": 8542000,
      "ocf": 18257000,
      "capex": -9715000,
      "gross_margin": 0.2563904731947321,
      "op_margin": 0.1382312618328358,
      "fcf_margin": 0.01689882270084415,
      "incr_op_margin_yoy": 0.21590435075410727,
      "rev_growth_yoy": 0.6491866284722448,
      "op_leverage_ratio": null,
      "fcf_margin_change": -0.07949138007228806
    },
    {
      "date": "2022-07-02T00:00:00",
      "quarter_label": "2022-07 (Q3)",
      "revenue": 588338000,
      "gross_profit": 144724000,
      "operating_income": 78588000,
      "net_income": 59602000,
      "opex": 66136000,
      "cogs": 443614000,
      "rd": null,
      "sga": 66136000,
      "fcf": 33233000,
      "ocf": 58240000,
      "capex": -25007000,
      "gross_margin": 0.24598785052129898,
      "op_margin": 0.1335762775819342,
      "fcf_margin": 0.05648623750293199,
      "incr_op_margin_yoy": 0.1760534437568821,
      "rev_growth_yoy": 0.7805654587164292,
      "rev_growth_yoy_accel": 0.1313788302441844,
      "op_leverage_ratio": 1.5276258533679776,
      "fcf_margin_change": 0.03958741480208784
    },
    {
      "date": "2022-10-01T00:00:00",
      "quarter_label": "2022-10 (Q4)",
      "revenue": 577392000,
      "gross_profit": 157599000,
      "operating_income": 90705000,
      "net_income": 74116000,
      "opex": 66894000,
      "cogs": 419793000,
      "rd": null,
      "sga": 66894000,
      "fcf": 96521000,
      "ocf": 104702000,
      "capex": -8181000,
      "gross_margin": 0.2729497464460886,
      "op_margin": 0.15709431374179067,
      "fcf_margin": 0.16716719317205642,
      "incr_op_margin_yoy": 0.2118393933412593,
      "rev_growth_yoy": 0.6059052741952979,
      "rev_growth_yoy_accel": -0.1746601845211313,
      "fcf_margin_change": 0.11068095566912442
    },
    {
      "date": "2022-12-31T00:00:00",
      "quarter_label": "2022-12 (Q4)",
      "revenue": 500603000,
      "gross_profit": 131968000,
      "operating_income": 73064000,
      "net_income": 59524000,
      "opex": 58904000,
      "cogs": 368635000,
      "rd": null,
      "sga": 58904000,
      "fcf": 59515000,
      "ocf": 67177000,
      "capex": -7662000,
      "gross_margin": 0.26361807659962083,
      "op_margin": 0.14595198190981676,
      "fcf_margin": 0.11888662273298402,
      "incr_op_margin_yoy": 0.2638737679455356,
      "rev_growth_yoy": 0.15957091963661127,
      "rev_growth_yoy_accel": -0.44633435455868664,
      "fcf_margin_change": -0.0482805704390724
    },
    {
      "date": "2023-04-01T00:00:00",
      "quarter_label": "2023-04 (Q2)",
      "revenue": 476380000,
      "gross_profit": 120641000,
      "operating_income": 54252000,
      "net_income": 47312000,
      "opex": 66389000,
      "cogs": 355739000,
      "rd": null,
      "sga": 66389000,
      "fcf": 22318000,
      "ocf": 25574000,
      "capex": -3256000,
      "gross_margin": 0.25324530836726983,
      "op_margin": 0.11388387421806122,
      "fcf_margin": 0.046849154036693395,
      "incr_op_margin_yoy": 0.5368225712223788,
      "rev_growth_yoy": -0.057567178854116594,
      "rev_growth_yoy_accel": -0.21713809849072785,
      "fcf_margin_change": -0.07203746869629063
    },
    {
      "date": "2023-07-01T00:00:00",
      "quarter_label": "2023-07 (Q3)",
      "revenue": 475875000,
      "gross_profit": 117879000,
      "operating_income": 56199000,
      "net_income": 46357000,
      "opex": 61680000,
      "cogs": 357996000,
      "rd": null,
      "sga": 61680000,
      "fcf": 78110000,
      "ocf": 82293000,
      "capex": -4183000,
      "gross_margin": 0.24771000788022066,
      "op_margin": 0.11809613869188337,
      "fcf_margin": 0.1641397425794589,
      "incr_op_margin_yoy": 0.19907880814134427,
      "rev_growth_yoy": -0.19115372455969187,
      "rev_growth_yoy_accel": -0.13358654570557527,
      "fcf_margin_change": 0.1172905885427655
    },
    {
      "date": "2023-09-30T00:00:00",
      "quarter_label": "2023-09 (Q3)",
      "revenue": 452030000,
      "gross_profit": 106957000,
      "operating_income": 45451000,
      "net_income": 41539000,
      "opex": 61506000,
      "cogs": 345073000,
      "rd": null,
      "sga": 61506000,
      "fcf": 73620000,
      "ocf": 77907000,
      "capex": -4287000,
      "gross_margin": 0.23661482644957194,
      "op_margin": 0.10054863615246776,
      "fcf_margin": 0.16286529655111387,
      "incr_op_margin_yoy": 0.3609865828560489,
      "rev_growth_yoy": -0.2171176600992047,
      "rev_growth_yoy_accel": -0.025963935539512817,
      "fcf_margin_change": -0.0012744460283450332
    },
    {
      "date": "2023-12-30T00:00:00",
      "quarter_label": "2023-12 (Q4)",
      "revenue": 446769000,
      "gross_profit": 103051000,
      "operating_income": 39739000,
      "net_income": 35987000,
      "opex": 63312000,
      "cogs": 343718000,
      "rd": null,
      "sga": 63312000,
      "fcf": 41137000,
      "ocf": 45904000,
      "capex": -4767000,
      "gross_margin": 0.23065834916925748,
      "op_margin": 0.08894753216986855,
      "fcf_margin": 0.09207666601756165,
      "incr_op_margin_yoy": 0.6190325816398559,
      "rev_growth_yoy": -0.1075383087995877,
      "rev_growth_yoy_accel": 0.10957935129961699,
      "fcf_margin_change": -0.07078863053355222
    },
    {
      "date": "2024-03-30T00:00:00",
      "quarter_label": "2024-03 (Q1)",
      "revenue": 420118000,
      "gross_profit": 99015000,
      "operating_income": 37593000,
      "net_income": 33934000,
      "opex": 61422000,
      "cogs": 321103000,
      "rd": null,
      "sga": 61422000,
      "fcf": 14394000,
      "ocf": 18578000,
      "capex": -4184000,
      "gross_margin": 0.23568378407971094,
      "op_margin": 0.08948200267543881,
      "fcf_margin": 0.034261802636402154,
      "incr_op_margin_yoy": 0.29609683267569586,
      "rev_growth_yoy": -0.11810319492841849,
      "rev_growth_yoy_accel": -0.010564886128830789,
      "fcf_margin_change": -0.057814863381159494
    },
    {
      "date": "2024-06-29T00:00:00",
      "quarter_label": "2024-06 (Q2)",
      "revenue": 477599000,
      "gross_profit": 103402000,
      "operating_income": 38551000,
      "net_income": 34429000,
      "opex": 64851000,
      "cogs": 374197000,
      "rd": null,
      "sga": 64851000,
      "fcf": 42418000,
      "ocf": 47393000,
      "capex": -4975000,
      "gross_margin": 0.21650380339992337,
      "op_margin": 0.08071834321261141,
      "fcf_margin": 0.08881509383394856,
      "incr_op_margin_yoy": -10.236658932714617,
      "rev_growth_yoy": 0.0036228001050696086,
      "rev_growth_yoy_accel": 0.1217259950334881,
      "op_leverage_ratio": 2.4508091562843295,
      "fcf_margin_change": 0.05455329119754641
    },
    {
      "date": "2024-09-28T00:00:00",
      "quarter_label": "2024-09 (Q3)",
      "revenue": 507461000,
      "gross_profit": 116122000,
      "operating_income": 49125000,
      "net_income": 43815000,
      "opex": 66997000,
      "cogs": 391339000,
      "rd": null,
      "sga": 66997000,
      "fcf": 49802000,
      "ocf": 54681000,
      "capex": -4879000,
      "gross_margin": 0.2288294075800899,
      "op_margin": 0.09680546879464628,
      "fcf_margin": 0.09813956146383664,
      "incr_op_margin_yoy": 0.06628060110768343,
      "rev_growth_yoy": 0.1226268168041944,
      "rev_growth_yoy_accel": 0.11900401669912479,
      "op_leverage_ratio": 1.8894806207425487,
      "fcf_margin_change": 0.009324467629888075
    },
    {
      "date": "2024-12-28T00:00:00",
      "quarter_label": "2024-12 (Q4)",
      "revenue": 522040000,
      "gross_profit": 129950000,
      "operating_income": 63970000,
      "net_income": 56462000,
      "opex": 65980000,
      "cogs": 392090000,
      "rd": null,
      "sga": 65980000,
      "fcf": 32343000,
      "ocf": 37777000,
      "capex": -5434000,
      "gross_margin": 0.2489272852654969,
      "op_margin": 0.12253850279672056,
      "fcf_margin": 0.06195502260363191,
      "incr_op_margin_yoy": 0.32191680726973204,
      "rev_growth_yoy": 0.16847856498548466,
      "rev_growth_yoy_accel": 0.04585174818129026,
      "op_leverage_ratio": null,
      "fcf_margin_change": -0.03618453886020473
    },
    {
      "date": "2025-03-29T00:00:00",
      "quarter_label": "2025-03 (Q1)",
      "revenue": 508358000,
      "gross_profit": 116117000,
      "operating_income": 38630000,
      "net_income": 36330000,
      "opex": 77487000,
      "cogs": 392241000,
      "rd": null,
      "sga": 77487000,
      "fcf": 32506000,
      "ocf": 38645000,
      "capex": -6139000,
      "gross_margin": 0.2284158014627487,
      "op_margin": 0.07598975525122059,
      "fcf_margin": 0.06394312669418009,
      "incr_op_margin_yoy": 0.011752039891205802,
      "rev_growth_yoy": 0.2100362279169186,
      "rev_growth_yoy_accel": 0.041557662931433925,
      "fcf_margin_change": 0.0019881040905481845
    },
    {
      "date": "2025-06-28T00:00:00",
      "quarter_label": "2025-06 (Q2)",
      "revenue": 556857000,
      "gross_profit": 129506000,
      "operating_income": 60358000,
      "net_income": 51642000,
      "opex": 69148000,
      "cogs": 427351000,
      "rd": null,
      "sga": 69148000,
      "fcf": 46385000,
      "ocf": 55523000,
      "capex": -9138000,
      "gross_margin": 0.23256599090969496,
      "op_margin": 0.1083904844511248,
      "fcf_margin": 0.08329786641812889,
      "incr_op_margin_yoy": 0.27513941810290443,
      "rev_growth_yoy": 0.16595093373311084,
      "rev_growth_yoy_accel": -0.044085294183807744,
      "op_leverage_ratio": null,
      "fcf_margin_change": 0.0193547397239488
    },
    {
      "date": "2025-09-27T00:00:00",
      "quarter_label": "2025-09 (Q3)",
      "revenue": 556527000,
      "gross_profit": 134407000,
      "operating_income": 62178000,
      "net_income": 52381000,
      "opex": 72229000,
      "cogs": 422120000,
      "rd": null,
      "sga": 72229000,
      "fcf": 68739000,
      "ocf": 78471000,
      "capex": -9732000,
      "gross_margin": 0.24151029509799166,
      "op_margin": 0.11172503759925395,
      "fcf_margin": 0.12351422302961042,
      "incr_op_margin_yoy": 0.2660294297476868,
      "rev_growth_yoy": 0.09668920370235348,
      "rev_growth_yoy_accel": -0.06926173003075736,
      "fcf_margin_change": 0.04021635661148153
    },
    {
      "date": "2025-12-27T00:00:00",
      "quarter_label": "2025-12 (Q4)",
      "revenue": 580994000,
      "gross_profit": 135921000,
      "operating_income": 54560000,
      "net_income": 44067000,
      "opex": 81361000,
      "cogs": 445073000,
      "rd": null,
      "sga": 81361000,
      "fcf": 57635000,
      "ocf": 66125000,
      "capex": -8490000,
      "gross_margin": 0.23394561733856115,
      "op_margin": 0.09390802658891485,
      "fcf_margin": 0.09920068021356503,
      "incr_op_margin_yoy": -0.15961597177460393,
      "rev_growth_yoy": 0.11293004367481418,
      "rev_growth_yoy_accel": 0.016240839972460702,
      "op_leverage_ratio": 0.3477284160339044,
      "fcf_margin_change": -0.02431354281604539
    }
  ],
  "signals": [
    {
      "quarter": "2025-09 (Q3)",
      "signal": "YoY REVENUE GROWTH DECELERATION",
      "detail": "YoY growth: +9.7% vs prior quarter YoY: +16.6% (decel: -6.9%)",
      "severity": "WARNING"
    },
    {
      "quarter": "2025-09 (Q3)",
      "signal": "INCREMENTAL MARGIN (YoY)",
      "detail": "YoY Incr OPM: +26.6% vs year-ago OPM: +9.7%",
      "severity": "MEDIUM"
    },
    {
      "quarter": "2025-06 (Q2)",
      "signal": "INCREMENTAL MARGIN (YoY)",
      "detail": "YoY Incr OPM: +27.5% vs year-ago OPM: +8.1%",
      "severity": "MEDIUM"
    },
    {
      "quarter": "2024-12 (Q4)",
      "signal": "INCREMENTAL MARGIN (YoY)",
      "detail": "YoY Incr OPM: +32.2% vs year-ago OPM: +8.9%",
      "severity": "HIGH"
    },
    {
      "quarter": "2024-09 (Q3)",
      "signal": "OPERATING LEVERAGE",
      "detail": "Rev growth +6.3% vs OpEx growth +3.3% (leverage: 1.9x)",
      "severity": "MEDIUM"
    },
    {
      "quarter": "2024-09 (Q3)",
      "signal": "YoY REVENUE GROWTH ACCELERATION",
      "detail": "YoY growth: +12.3% vs prior quarter YoY: +0.4% (accel: +11.9%)",
      "severity": "MEDIUM"
    },
    {
      "quarter": "2024-06 (Q2)",
      "signal": "FCF MARGIN EXPANSION",
      "detail": "FCF margin: +3.4% -> +8.9% (+5.5%)",
      "severity": "MEDIUM"
    },
    {
      "quarter": "2024-06 (Q2)",
      "signal": "OPERATING LEVERAGE",
      "detail": "Rev growth +13.7% vs OpEx growth +5.6% (leverage: 2.5x)",
      "severity": "MEDIUM"
    },
    {
      "quarter": "2024-06 (Q2)",
      "signal": "YoY REVENUE GROWTH ACCELERATION",
      "detail": "YoY growth: +0.4% vs prior quarter YoY: -11.8% (accel: +12.2%)",
      "severity": "MEDIUM"
    },
    {
      "quarter": "2024-03 (Q1)",
      "signal": "INCREMENTAL MARGIN (YoY)",
      "detail": "YoY Incr OPM: +29.6% vs year-ago OPM: +11.4%",
      "severity": "MEDIUM"
    },
    {
      "quarter": "2023-12 (Q4)",
      "signal": "YoY REVENUE GROWTH ACCELERATION",
      "detail": "YoY growth: -10.8% vs prior quarter YoY: -21.7% (accel: +11.0%)",
      "severity": "MEDIUM"
    },
    {
      "quarter": "2023-12 (Q4)",
      "signal": "INCREMENTAL MARGIN (YoY)",
      "detail": "YoY Incr OPM: +61.9% vs year-ago OPM: +14.6%",
      "severity": "HIGH"
    },
    {
      "quarter": "2023-09 (Q3)",
      "signal": "INCREMENTAL MARGIN (YoY)",
      "detail": "YoY Incr OPM: +36.1% vs year-ago OPM: +15.7%",
      "severity": "HIGH"
    },
    {
      "quarter": "2023-07 (Q3)",
      "signal": "FCF MARGIN EXPANSION",
      "detail": "FCF margin: +4.7% -> +16.4% (+11.7%)",
      "severity": "MEDIUM"
    },
    {
      "quarter": "2023-07 (Q3)",
      "signal": "YoY REVENUE GROWTH DECELERATION",
      "detail": "YoY growth: -19.1% vs prior quarter YoY: -5.8% (decel: -13.4%)",
      "severity": "WARNING"
    },
    {
      "quarter": "2023-04 (Q2)",
      "signal": "YoY REVENUE GROWTH DECELERATION",
      "detail": "YoY growth: -5.8% vs prior quarter YoY: +16.0% (decel: -21.7%)",
      "severity": "WARNING"
    },
    {
      "quarter": "2023-04 (Q2)",
      "signal": "INCREMENTAL MARGIN (YoY)",
      "detail": "YoY Incr OPM: +53.7% vs year-ago OPM: +13.8%",
      "severity": "HIGH"
    },
    {
      "quarter": "2022-12 (Q4)",
      "signal": "YoY REVENUE GROWTH DECELERATION",
      "detail": "YoY growth: +16.0% vs prior quarter YoY: +60.6% (decel: -44.6%)",
      "severity": "WARNING"
    },
    {
      "quarter": "2022-12 (Q4)",
      "signal": "INCREMENTAL MARGIN (YoY)",
      "detail": "YoY Incr OPM: +26.4% vs year-ago OPM: +12.7%",
      "severity": "MEDIUM"
    },
    {
      "quarter": "2022-10 (Q4)",
      "signal": "FCF MARGIN EXPANSION",
      "detail": "FCF margin: +5.6% -> +16.7% (+11.1%)",
      "severity": "MEDIUM"
    },
    {
      "quarter": "2022-10 (Q4)",
      "signal": "GROSS MARGIN INFLECTION",
      "detail": "GM: +25.6% -> +24.6% -> +27.3% (reversal +2.7%)",
      "severity": "MEDIUM"
    },
    {
      "quarter": "2022-10 (Q4)",
      "signal": "YoY REVENUE GROWTH DECELERATION",
      "detail": "YoY growth: +60.6% vs prior quarter YoY: +78.1% (decel: -17.5%)",
      "severity": "WARNING"
    },
    {
      "quarter": "2022-07 (Q3)",
      "signal": "OPERATING LEVERAGE",
      "detail": "Rev growth +16.4% vs OpEx growth +10.7% (leverage: 1.5x)",
      "severity": "MEDIUM"
    },
    {
      "quarter": "2022-07 (Q3)",
      "signal": "YoY REVENUE GROWTH ACCELERATION",
      "detail": "YoY growth: +78.1% vs prior quarter YoY: +64.9% (accel: +13.1%)",
      "severity": "MEDIUM"
    },
    {
      "quarter": "2022-04 (Q2)",
      "signal": "INCREMENTAL MARGIN (YoY)",
      "detail": "YoY Incr OPM: +21.6% vs year-ago OPM: +8.8%",
      "severity": "MEDIUM"
    },
    {
      "quarter": "2021-10 (Q4)",
      "signal": "FCF MARGIN EXPANSION",
      "detail": "FCF margin: +6.6% -> +14.9% (+8.4%)",
      "severity": "MEDIUM"
    },
    {
      "quarter": "2021-10 (Q4)",
      "signal": "GROSS MARGIN INFLECTION",
      "detail": "GM: +23.1% -> +22.4% -> +25.0% (reversal +2.6%)",
      "severity": "MEDIUM"
    },
    {
      "quarter": "2021-07 (Q3)",
      "signal": "FCF MARGIN EXPANSION",
      "detail": "FCF margin: +0.9% -> +6.6% (+5.7%)",
      "severity": "MEDIUM"
    }
  ],
  "data_quality": {
    "n_quarters": 20,
    "coverage": {
      "revenue": [
        20,
        20
      ],
      "gross_profit": [
        20,
        20
      ],
      "op_income": [
        20,
        20
      ],
      "fcf": [
        20,
        20
      ]
    },
    "gaps": [],
    "warnings": []
  },
  "market_cap": null,
  "source": "SEC EDGAR",
  "last_updated": "2026-02-04T13:48:15.135020"
}