{
  "ticker": "CVEO",
  "name": "Civeo Corp",
  "quarters": [
    {
      "date": "2020-12-31T00:00:00",
      "quarter_label": "2020-12 (Q4)",
      "revenue": 133378000,
      "gross_profit": 35170000,
      "operating_income": -3368000,
      "net_income": -1776000,
      "opex": 136746000,
      "cogs": null,
      "rd": null,
      "sga": 14767000,
      "fcf": 32847000,
      "ocf": 36686000,
      "capex": -3839000,
      "gross_margin": 0.263686664967236,
      "op_margin": -0.025251540733854157,
      "fcf_margin": 0.2462699995501507
    },
    {
      "date": "2021-03-31T00:00:00",
      "quarter_label": "2021-03 (Q1)",
      "revenue": 125430000,
      "gross_profit": null,
      "operating_income": -9901000,
      "net_income": -9484000,
      "opex": 135331000,
      "cogs": null,
      "rd": null,
      "sga": 14181000,
      "fcf": 9445000,
      "ocf": 12817000,
      "capex": -3372000,
      "gross_margin": null,
      "op_margin": -0.07893645858247628,
      "fcf_margin": 0.07530096468149565,
      "fcf_margin_change": -0.17096903486865506
    },
    {
      "date": "2021-06-30T00:00:00",
      "quarter_label": "2021-06 (Q2)",
      "revenue": 154176000,
      "gross_profit": null,
      "operating_income": 2129000,
      "net_income": 13000,
      "opex": 152047000,
      "cogs": null,
      "rd": null,
      "sga": 14703000,
      "fcf": 13375000,
      "ocf": 16533000,
      "capex": -3158000,
      "gross_margin": null,
      "op_margin": 0.013808893731838938,
      "fcf_margin": 0.08675150477376505,
      "op_leverage_ratio": 1.8554144196226288,
      "fcf_margin_change": 0.011450540092269396
    },
    {
      "date": "2021-09-30T00:00:00",
      "quarter_label": "2021-09 (Q3)",
      "revenue": 155063000,
      "gross_profit": null,
      "operating_income": 6010000,
      "net_income": 544000,
      "opex": 149053000,
      "cogs": null,
      "rd": null,
      "sga": 17320000,
      "fcf": 30502000,
      "ocf": 33891000,
      "capex": -3389000,
      "gross_margin": null,
      "op_margin": 0.038758440117887566,
      "fcf_margin": 0.1967071448379046,
      "fcf_margin_change": 0.10995564006413956
    },
    {
      "date": "2021-12-31T00:00:00",
      "quarter_label": "2021-12 (Q4)",
      "revenue": 159794000,
      "gross_profit": null,
      "operating_income": 7814000,
      "net_income": 10277000,
      "opex": 151980000,
      "cogs": null,
      "rd": null,
      "sga": 14396000,
      "fcf": 19367000,
      "ocf": 25293000,
      "capex": -5926000,
      "gross_margin": null,
      "op_margin": 0.04890045934140205,
      "fcf_margin": 0.12119979473572225,
      "incr_op_margin_yoy": 0.42330405814657784,
      "rev_growth_yoy": 0.1980536520265711,
      "op_leverage_ratio": 1.5536842568507938,
      "fcf_margin_change": -0.07550735010218236
    },
    {
      "date": "2022-03-31T00:00:00",
      "quarter_label": "2022-03 (Q1)",
      "revenue": 165678000,
      "gross_profit": null,
      "operating_income": 4237000,
      "net_income": 1410000,
      "opex": 161441000,
      "cogs": null,
      "rd": null,
      "sga": 15213000,
      "fcf": -1639000,
      "ocf": 1953000,
      "capex": -3592000,
      "gross_margin": null,
      "op_margin": 0.025573703207426454,
      "fcf_margin": -0.00989268339791644,
      "incr_op_margin_yoy": 0.35127211290001986,
      "rev_growth_yoy": 0.32088017220760584,
      "rev_growth_yoy_accel": 0.12282652018103474,
      "op_leverage_ratio": 0.5915093221895349,
      "fcf_margin_change": -0.1310924781336387
    },
    {
      "date": "2022-06-30T00:00:00",
      "quarter_label": "2022-06 (Q2)",
      "revenue": 184954000,
      "gross_profit": null,
      "operating_income": 14242000,
      "net_income": 9568000,
      "opex": 170712000,
      "cogs": null,
      "rd": null,
      "sga": 17682000,
      "fcf": 16623000,
      "ocf": 21678000,
      "capex": -5055000,
      "gross_margin": null,
      "op_margin": 0.07700293045838424,
      "fcf_margin": 0.08987640169988213,
      "incr_op_margin_yoy": 0.39356033530443824,
      "rev_growth_yoy": 0.19962899543378995,
      "rev_growth_yoy_accel": -0.12125117677381589,
      "op_leverage_ratio": 2.0259994927163896,
      "fcf_margin_change": 0.09976908509779857
    },
    {
      "date": "2022-09-30T00:00:00",
      "quarter_label": "2022-09 (Q3)",
      "revenue": 184227000,
      "gross_profit": null,
      "operating_income": 10785000,
      "net_income": 5717000,
      "opex": 173442000,
      "cogs": null,
      "rd": null,
      "sga": 17677000,
      "fcf": 29922000,
      "ocf": 38741000,
      "capex": -8819000,
      "gross_margin": null,
      "op_margin": 0.05854190753798303,
      "fcf_margin": 0.16241918936963637,
      "incr_op_margin_yoy": 0.16372925524619394,
      "rev_growth_yoy": 0.188078393943107,
      "rev_growth_yoy_accel": -0.01155060149068296,
      "fcf_margin_change": 0.07254278766975424
    },
    {
      "date": "2022-12-31T00:00:00",
      "quarter_label": "2022-12 (Q4)",
      "revenue": 162193000,
      "gross_profit": null,
      "operating_income": -12246000,
      "net_income": -12698000,
      "opex": 174439000,
      "cogs": null,
      "rd": null,
      "sga": 19390000,
      "fcf": 21446000,
      "ocf": 29401000,
      "capex": -7955000,
      "gross_margin": null,
      "op_margin": -0.07550264191426263,
      "fcf_margin": 0.13222518850998502,
      "incr_op_margin_yoy": -8.361817423926636,
      "rev_growth_yoy": 0.0150130793396498,
      "rev_growth_yoy_accel": -0.1730653146034572,
      "fcf_margin_change": -0.03019400085965135
    },
    {
      "date": "2023-03-31T00:00:00",
      "quarter_label": "2023-03 (Q1)",
      "revenue": 167591000,
      "gross_profit": null,
      "operating_income": -3904000,
      "net_income": -6353000,
      "opex": 171495000,
      "cogs": null,
      "rd": null,
      "sga": 16190000,
      "fcf": -4414000,
      "ocf": 358000,
      "capex": -4772000,
      "gross_margin": null,
      "op_margin": -0.023294807000375915,
      "fcf_margin": -0.026337929841101254,
      "incr_op_margin_yoy": -4.255619445896498,
      "rev_growth_yoy": 0.01154649380122889,
      "rev_growth_yoy_accel": -0.0034665855384209097,
      "op_leverage_ratio": Infinity,
      "fcf_margin_change": -0.15856311835108627
    },
    {
      "date": "2023-06-30T00:00:00",
      "quarter_label": "2023-06 (Q2)",
      "revenue": 178843000,
      "gross_profit": null,
      "operating_income": 10172000,
      "net_income": 4463000,
      "opex": 168671000,
      "cogs": null,
      "rd": null,
      "sga": 16459000,
      "fcf": 12458000,
      "ocf": 19403000,
      "capex": -6945000,
      "gross_margin": null,
      "op_margin": 0.056876701911732636,
      "fcf_margin": 0.06965886280145155,
      "incr_op_margin_yoy": 0.6660121093110783,
      "rev_growth_yoy": -0.033040647944894405,
      "rev_growth_yoy_accel": -0.0445871417461233,
      "op_leverage_ratio": Infinity,
      "fcf_margin_change": 0.0959967926425528
    },
    {
      "date": "2023-09-30T00:00:00",
      "quarter_label": "2023-09 (Q3)",
      "revenue": 183572000,
      "gross_profit": null,
      "operating_income": 16039000,
      "net_income": 9022000,
      "opex": 167533000,
      "cogs": null,
      "rd": null,
      "sga": 20236000,
      "fcf": 27370000,
      "ocf": 36832000,
      "capex": -9462000,
      "gross_margin": null,
      "op_margin": 0.08737171246159545,
      "fcf_margin": 0.1490968121500011,
      "rev_growth_yoy": -0.0035553963316994792,
      "rev_growth_yoy_accel": 0.029485251613194926,
      "op_leverage_ratio": Infinity,
      "fcf_margin_change": 0.07943794934854954
    },
    {
      "date": "2023-12-31T00:00:00",
      "quarter_label": "2023-12 (Q4)",
      "revenue": 170799000,
      "gross_profit": null,
      "operating_income": 17180000,
      "net_income": 23025000,
      "opex": 153619000,
      "cogs": null,
      "rd": null,
      "sga": 19720000,
      "fcf": 29518000,
      "ocf": 39972000,
      "capex": -10454000,
      "gross_margin": null,
      "op_margin": 0.10058606900508785,
      "fcf_margin": 0.17282302589593615,
      "incr_op_margin_yoy": 3.4192423890309085,
      "rev_growth_yoy": 0.05306024304378117,
      "rev_growth_yoy_accel": 0.056615639375480656,
      "fcf_margin_change": 0.02372621374593506
    },
    {
      "date": "2024-03-31T00:00:00",
      "quarter_label": "2024-03 (Q1)",
      "revenue": 166120000,
      "gross_profit": 35675000,
      "operating_income": -1781000,
      "net_income": -5133000,
      "opex": 167901000,
      "cogs": 130445000,
      "rd": null,
      "sga": 18640000,
      "fcf": 372000,
      "ocf": 5985000,
      "capex": -5613000,
      "gross_margin": 0.21475439441367686,
      "op_margin": -0.010721165422586082,
      "fcf_margin": 0.002239345051769805,
      "incr_op_margin_yoy": -1.443235893949694,
      "rev_growth_yoy": -0.008777320977856806,
      "rev_growth_yoy_accel": -0.06183756402163798,
      "fcf_margin_change": -0.17058368084416634
    },
    {
      "date": "2024-06-30T00:00:00",
      "quarter_label": "2024-06 (Q2)",
      "revenue": 188713000,
      "gross_profit": 47879000,
      "operating_income": 13112000,
      "net_income": 8227000,
      "opex": 175601000,
      "cogs": 140834000,
      "rd": null,
      "sga": 17433000,
      "fcf": 27042000,
      "ocf": 32358000,
      "capex": -5316000,
      "gross_margin": 0.2537133106887178,
      "op_margin": 0.06948116981871943,
      "fcf_margin": 0.14329696417310944,
      "incr_op_margin_yoy": 0.2978723404255319,
      "rev_growth_yoy": 0.055188069983169594,
      "rev_growth_yoy_accel": 0.0639653909610264,
      "op_leverage_ratio": 2.965613414336686,
      "fcf_margin_change": 0.14105761912133963
    },
    {
      "date": "2024-09-30T00:00:00",
      "quarter_label": "2024-09 (Q3)",
      "revenue": 176338000,
      "gross_profit": 37796000,
      "operating_income": 44000,
      "net_income": -5091000,
      "opex": 176294000,
      "cogs": 138542000,
      "rd": null,
      "sga": 19635000,
      "fcf": 28195000,
      "ocf": 35671000,
      "capex": -7476000,
      "gross_margin": 0.21433837289750365,
      "op_margin": 0.0002495208066327167,
      "fcf_margin": 0.15989179870476017,
      "incr_op_margin_yoy": 2.211086535803152,
      "rev_growth_yoy": -0.039406881223716037,
      "rev_growth_yoy_accel": -0.09459495120688563,
      "fcf_margin_change": 0.016594834531650726
    },
    {
      "date": "2024-12-31T00:00:00",
      "quarter_label": "2024-12 (Q4)",
      "revenue": 150951000,
      "gross_profit": 28105000,
      "operating_income": -10043000,
      "net_income": -15070000,
      "opex": 160994000,
      "cogs": 122846000,
      "rd": null,
      "sga": 17642000,
      "fcf": 1763000,
      "ocf": 9496000,
      "capex": -7733000,
      "gross_margin": 0.18618624586786442,
      "op_margin": -0.06653152347450497,
      "fcf_margin": 0.011679286655934708,
      "incr_op_margin_yoy": 1.3715739621120515,
      "rev_growth_yoy": -0.11620676936047634,
      "rev_growth_yoy_accel": -0.07679988813676031,
      "fcf_margin_change": -0.14821251204882546
    },
    {
      "date": "2025-03-31T00:00:00",
      "quarter_label": "2025-03 (Q1)",
      "revenue": 144044000,
      "gross_profit": 29429000,
      "operating_income": -5516000,
      "net_income": -9842000,
      "opex": 149560000,
      "cogs": 114615000,
      "rd": null,
      "sga": 18185000,
      "fcf": -13716000,
      "ocf": -8445000,
      "capex": -5271000,
      "gross_margin": 0.20430562883563355,
      "op_margin": -0.038293854655521924,
      "fcf_margin": -0.0952209047235567,
      "incr_op_margin_yoy": 0.16918825874252583,
      "rev_growth_yoy": -0.13289188538405972,
      "rev_growth_yoy_accel": -0.01668511602358337,
      "fcf_margin_change": -0.1069001913794914
    },
    {
      "date": "2025-06-30T00:00:00",
      "quarter_label": "2025-06 (Q2)",
      "revenue": 162694000,
      "gross_profit": 41163000,
      "operating_income": 2800000,
      "net_income": -3314000,
      "opex": 159894000,
      "cogs": 121531000,
      "rd": null,
      "sga": 20470000,
      "fcf": -6811000,
      "ocf": -2313000,
      "capex": -4498000,
      "gross_margin": 0.25300871574858325,
      "op_margin": 0.0172102228723862,
      "fcf_margin": -0.04186386713707942,
      "incr_op_margin_yoy": 0.39632576194319535,
      "rev_growth_yoy": -0.13787603397752143,
      "rev_growth_yoy_accel": -0.004984148593461718,
      "op_leverage_ratio": 1.8738320485122393,
      "fcf_margin_change": 0.05335703758647727
    },
    {
      "date": "2025-09-30T00:00:00",
      "quarter_label": "2025-09 (Q3)",
      "revenue": 170491000,
      "gross_profit": 43787000,
      "operating_income": 6966000,
      "net_income": -455000,
      "opex": 163525000,
      "cogs": 126704000,
      "rd": null,
      "sga": 18107000,
      "fcf": 8219000,
      "ocf": 13830000,
      "capex": -5611000,
      "gross_margin": 0.25682880621264464,
      "op_margin": 0.04085846173698318,
      "fcf_margin": 0.04820782328685972,
      "incr_op_margin_yoy": -1.1838549683598427,
      "rev_growth_yoy": -0.03315791264503397,
      "rev_growth_yoy_accel": 0.10471812133248747,
      "op_leverage_ratio": 2.1103860898551376,
      "fcf_margin_change": 0.09007169042393914
    }
  ],
  "signals": [
    {
      "quarter": "2025-09 (Q3)",
      "signal": "FCF TURNED POSITIVE",
      "detail": "FCF margin: -4.2% -> +4.8%",
      "severity": "HIGH"
    },
    {
      "quarter": "2025-09 (Q3)",
      "signal": "OPERATING LEVERAGE",
      "detail": "Rev growth +4.8% vs OpEx growth +2.3% (leverage: 2.1x)",
      "severity": "MEDIUM"
    },
    {
      "quarter": "2025-09 (Q3)",
      "signal": "YoY REVENUE GROWTH ACCELERATION",
      "detail": "YoY growth: -3.3% vs prior quarter YoY: -13.8% (accel: +10.5%)",
      "severity": "MEDIUM"
    },
    {
      "quarter": "2025-06 (Q2)",
      "signal": "FCF MARGIN EXPANSION",
      "detail": "FCF margin: -9.5% -> -4.2% (+5.3%)",
      "severity": "MEDIUM"
    },
    {
      "quarter": "2025-06 (Q2)",
      "signal": "OPERATING LEVERAGE",
      "detail": "Rev growth +12.9% vs OpEx growth +6.9% (leverage: 1.9x)",
      "severity": "MEDIUM"
    },
    {
      "quarter": "2025-06 (Q2)",
      "signal": "INCREMENTAL MARGIN (YoY)",
      "detail": "YoY Incr OPM: +39.6% vs year-ago OPM: +6.9%",
      "severity": "HIGH"
    },
    {
      "quarter": "2025-06 (Q2)",
      "signal": "OP MARGIN TURNED POSITIVE (QoQ)",
      "detail": "Op margin: -3.8% -> +1.7%",
      "severity": "HIGH"
    },
    {
      "quarter": "2024-12 (Q4)",
      "signal": "YoY REVENUE GROWTH DECELERATION",
      "detail": "YoY growth: -11.6% vs prior quarter YoY: -3.9% (decel: -7.7%)",
      "severity": "WARNING"
    },
    {
      "quarter": "2024-09 (Q3)",
      "signal": "YoY REVENUE GROWTH DECELERATION",
      "detail": "YoY growth: -3.9% vs prior quarter YoY: +5.5% (decel: -9.5%)",
      "severity": "WARNING"
    },
    {
      "quarter": "2024-09 (Q3)",
      "signal": "INCREMENTAL MARGIN (YoY)",
      "detail": "YoY Incr OPM: +221.1% vs year-ago OPM: +8.7%",
      "severity": "HIGH"
    },
    {
      "quarter": "2024-06 (Q2)",
      "signal": "FCF MARGIN EXPANSION",
      "detail": "FCF margin: +0.2% -> +14.3% (+14.1%)",
      "severity": "MEDIUM"
    },
    {
      "quarter": "2024-06 (Q2)",
      "signal": "OPERATING LEVERAGE",
      "detail": "Rev growth +13.6% vs OpEx growth +4.6% (leverage: 3.0x)",
      "severity": "MEDIUM"
    },
    {
      "quarter": "2024-06 (Q2)",
      "signal": "YoY REVENUE GROWTH ACCELERATION",
      "detail": "YoY growth: +5.5% vs prior quarter YoY: -0.9% (accel: +6.4%)",
      "severity": "MEDIUM"
    },
    {
      "quarter": "2024-06 (Q2)",
      "signal": "INCREMENTAL MARGIN (YoY)",
      "detail": "YoY Incr OPM: +29.8% vs year-ago OPM: +5.7%",
      "severity": "HIGH"
    },
    {
      "quarter": "2024-06 (Q2)",
      "signal": "OP MARGIN TURNED POSITIVE (QoQ)",
      "detail": "Op margin: -1.1% -> +6.9%",
      "severity": "HIGH"
    },
    {
      "quarter": "2024-03 (Q1)",
      "signal": "YoY REVENUE GROWTH DECELERATION",
      "detail": "YoY growth: -0.9% vs prior quarter YoY: +5.3% (decel: -6.2%)",
      "severity": "WARNING"
    },
    {
      "quarter": "2023-12 (Q4)",
      "signal": "YoY REVENUE GROWTH ACCELERATION",
      "detail": "YoY growth: +5.3% vs prior quarter YoY: -0.4% (accel: +5.7%)",
      "severity": "MEDIUM"
    },
    {
      "quarter": "2023-12 (Q4)",
      "signal": "OP MARGIN TURNED POSITIVE (YoY)",
      "detail": "Op margin: -7.6% (year-ago) -> +10.1%",
      "severity": "HIGH"
    },
    {
      "quarter": "2023-09 (Q3)",
      "signal": "FCF MARGIN EXPANSION",
      "detail": "FCF margin: +7.0% -> +14.9% (+7.9%)",
      "severity": "MEDIUM"
    },
    {
      "quarter": "2023-06 (Q2)",
      "signal": "FCF TURNED POSITIVE",
      "detail": "FCF margin: -2.6% -> +7.0%",
      "severity": "HIGH"
    },
    {
      "quarter": "2023-06 (Q2)",
      "signal": "INCREMENTAL MARGIN (YoY)",
      "detail": "YoY Incr OPM: +66.6% vs year-ago OPM: +7.7%",
      "severity": "HIGH"
    },
    {
      "quarter": "2023-06 (Q2)",
      "signal": "OP MARGIN TURNED POSITIVE (QoQ)",
      "detail": "Op margin: -2.3% -> +5.7%",
      "severity": "HIGH"
    },
    {
      "quarter": "2022-12 (Q4)",
      "signal": "YoY REVENUE GROWTH DECELERATION",
      "detail": "YoY growth: +1.5% vs prior quarter YoY: +18.8% (decel: -17.3%)",
      "severity": "WARNING"
    },
    {
      "quarter": "2022-09 (Q3)",
      "signal": "FCF MARGIN EXPANSION",
      "detail": "FCF margin: +9.0% -> +16.2% (+7.3%)",
      "severity": "MEDIUM"
    },
    {
      "quarter": "2022-09 (Q3)",
      "signal": "INCREMENTAL MARGIN (YoY)",
      "detail": "YoY Incr OPM: +16.4% vs year-ago OPM: +3.9%",
      "severity": "MEDIUM"
    },
    {
      "quarter": "2022-06 (Q2)",
      "signal": "FCF TURNED POSITIVE",
      "detail": "FCF margin: -1.0% -> +9.0%",
      "severity": "HIGH"
    },
    {
      "quarter": "2022-06 (Q2)",
      "signal": "OPERATING LEVERAGE",
      "detail": "Rev growth +11.6% vs OpEx growth +5.7% (leverage: 2.0x)",
      "severity": "MEDIUM"
    },
    {
      "quarter": "2022-06 (Q2)",
      "signal": "YoY REVENUE GROWTH DECELERATION",
      "detail": "YoY growth: +20.0% vs prior quarter YoY: +32.1% (decel: -12.1%)",
      "severity": "WARNING"
    },
    {
      "quarter": "2022-06 (Q2)",
      "signal": "INCREMENTAL MARGIN (YoY)",
      "detail": "YoY Incr OPM: +39.4% vs year-ago OPM: +1.4%",
      "severity": "HIGH"
    },
    {
      "quarter": "2022-03 (Q1)",
      "signal": "YoY REVENUE GROWTH ACCELERATION",
      "detail": "YoY growth: +32.1% vs prior quarter YoY: +19.8% (accel: +12.3%)",
      "severity": "MEDIUM"
    },
    {
      "quarter": "2022-03 (Q1)",
      "signal": "OP MARGIN TURNED POSITIVE (YoY)",
      "detail": "Op margin: -7.9% (year-ago) -> +2.6%",
      "severity": "HIGH"
    },
    {
      "quarter": "2021-12 (Q4)",
      "signal": "OPERATING LEVERAGE",
      "detail": "Rev growth +3.1% vs OpEx growth +2.0% (leverage: 1.6x)",
      "severity": "MEDIUM"
    },
    {
      "quarter": "2021-12 (Q4)",
      "signal": "OP MARGIN TURNED POSITIVE (YoY)",
      "detail": "Op margin: -2.5% (year-ago) -> +4.9%",
      "severity": "HIGH"
    },
    {
      "quarter": "2021-09 (Q3)",
      "signal": "FCF MARGIN EXPANSION",
      "detail": "FCF margin: +8.7% -> +19.7% (+11.0%)",
      "severity": "MEDIUM"
    },
    {
      "quarter": "2021-06 (Q2)",
      "signal": "OPERATING LEVERAGE",
      "detail": "Rev growth +22.9% vs OpEx growth +12.4% (leverage: 1.9x)",
      "severity": "MEDIUM"
    },
    {
      "quarter": "2021-06 (Q2)",
      "signal": "OP MARGIN TURNED POSITIVE (QoQ)",
      "detail": "Op margin: -7.9% -> +1.4%",
      "severity": "HIGH"
    }
  ],
  "data_quality": {
    "n_quarters": 20,
    "coverage": {
      "revenue": [
        20,
        20
      ],
      "gross_profit": [
        8,
        20
      ],
      "op_income": [
        20,
        20
      ],
      "fcf": [
        20,
        20
      ]
    },
    "gaps": [],
    "warnings": [
      "gross_profit: 8/20Q"
    ]
  },
  "market_cap": null,
  "source": "SEC EDGAR",
  "last_updated": "2026-02-02T22:44:35.845535",
  "sector": "Consumer Cyclical",
  "industry": "Lodging"
}