{
  "ticker": "CVGI",
  "name": "COMMERCIAL VEHICLE GROUP, INC.",
  "quarters": [
    {
      "date": "2020-12-31T00:00:00",
      "quarter_label": "2020-12 (Q4)",
      "revenue": 216001000,
      "gross_profit": 23139000,
      "operating_income": 4976000,
      "net_income": -4136000,
      "opex": 18163000,
      "cogs": 192862000,
      "rd": null,
      "sga": 17303000,
      "fcf": 2479000,
      "ocf": 3600000,
      "capex": -1121000,
      "gross_margin": 0.10712450405322198,
      "op_margin": 0.02303693038458155,
      "fcf_margin": 0.011476798718524452
    },
    {
      "date": "2021-03-31T00:00:00",
      "quarter_label": "2021-03 (Q1)",
      "revenue": 245122000,
      "gross_profit": 31121000,
      "operating_income": 15403000,
      "net_income": 8490000,
      "opex": 15718000,
      "cogs": 214001000,
      "rd": null,
      "sga": 15718000,
      "fcf": -17107000,
      "ocf": -15371000,
      "capex": -1736000,
      "gross_margin": 0.12696126826641427,
      "op_margin": 0.0628380969476424,
      "fcf_margin": -0.06978973735527615,
      "op_leverage_ratio": Infinity,
      "fcf_margin_change": -0.0812665360738006
    },
    {
      "date": "2021-06-30T00:00:00",
      "quarter_label": "2021-06 (Q2)",
      "revenue": 257941000,
      "gross_profit": 34368000,
      "operating_income": 16329000,
      "net_income": 5095000,
      "opex": 18039000,
      "cogs": 223573000,
      "rd": null,
      "sga": 18039000,
      "fcf": -14649000,
      "ocf": -9441000,
      "capex": -5208000,
      "gross_margin": 0.13323977188581884,
      "op_margin": 0.06330517443911592,
      "fcf_margin": -0.056792057098328685,
      "op_leverage_ratio": 0.35415550759816317,
      "fcf_margin_change": 0.012997680256947461
    },
    {
      "date": "2021-09-30T00:00:00",
      "quarter_label": "2021-09 (Q3)",
      "revenue": 239610000,
      "gross_profit": 30144000,
      "operating_income": 11372000,
      "net_income": 7511000,
      "opex": 18772000,
      "cogs": 209466000,
      "rd": null,
      "sga": 18772000,
      "fcf": -574000,
      "ocf": 3923000,
      "capex": -4497000,
      "gross_margin": 0.1258044322023288,
      "op_margin": 0.047460456575268144,
      "fcf_margin": -0.0023955594507741747,
      "fcf_margin_change": 0.05439649764755451
    },
    {
      "date": "2021-12-31T00:00:00",
      "quarter_label": "2021-12 (Q4)",
      "revenue": 228905000,
      "gross_profit": 23354000,
      "operating_income": 6477000,
      "net_income": 2636000,
      "opex": 16877000,
      "cogs": 205551000,
      "rd": null,
      "sga": 16877000,
      "fcf": -15155000,
      "ocf": -8943000,
      "capex": -6212000,
      "gross_margin": 0.10202485747362443,
      "op_margin": 0.02829558113627924,
      "fcf_margin": -0.06620650488193792,
      "incr_op_margin_yoy": 0.11632052076875388,
      "rev_growth_yoy": 0.059740464164517754,
      "fcf_margin_change": -0.06381094543116375
    },
    {
      "date": "2022-03-31T00:00:00",
      "quarter_label": "2022-03 (Q1)",
      "revenue": 244374000,
      "gross_profit": 25383000,
      "operating_income": 8384000,
      "net_income": 3982000,
      "opex": 16999000,
      "cogs": 218991000,
      "rd": null,
      "sga": 16999000,
      "fcf": -24988000,
      "ocf": -21398000,
      "capex": -3590000,
      "gross_margin": 0.10386947874978517,
      "op_margin": 0.034308068779821094,
      "fcf_margin": -0.10225310384901831,
      "rev_growth_yoy": -0.0030515416812852375,
      "rev_growth_yoy_accel": -0.062792005845803,
      "op_leverage_ratio": 9.34850963657699,
      "fcf_margin_change": -0.03604659896708039
    },
    {
      "date": "2022-06-30T00:00:00",
      "quarter_label": "2022-06 (Q2)",
      "revenue": 250849000,
      "gross_profit": 21879000,
      "operating_income": 6227000,
      "net_income": 2485000,
      "opex": 15652000,
      "cogs": 228970000,
      "rd": null,
      "sga": 15652000,
      "fcf": 11865000,
      "ocf": 16891000,
      "capex": -5026000,
      "gross_margin": 0.08721980155392288,
      "op_margin": 0.024823698719149766,
      "fcf_margin": 0.04729937133494652,
      "incr_op_margin_yoy": 1.4244218838127467,
      "rev_growth_yoy": -0.02749465963146611,
      "rev_growth_yoy_accel": -0.024443117950180872,
      "op_leverage_ratio": Infinity,
      "fcf_margin_change": 0.14955247518396483
    },
    {
      "date": "2022-09-30T00:00:00",
      "quarter_label": "2022-09 (Q3)",
      "revenue": 251412000,
      "gross_profit": 26842000,
      "operating_income": 9538000,
      "net_income": 3551000,
      "opex": 17304000,
      "cogs": 224570000,
      "rd": null,
      "sga": 17304000,
      "fcf": 34376000,
      "ocf": 38301000,
      "capex": -3925000,
      "gross_margin": 0.10676499132897395,
      "op_margin": 0.03793772771387205,
      "fcf_margin": 0.13673173913735223,
      "incr_op_margin_yoy": -0.1553973902728351,
      "rev_growth_yoy": 0.049255039439088516,
      "rev_growth_yoy_accel": 0.07674969907055462,
      "fcf_margin_change": 0.08943236780240571
    },
    {
      "date": "2022-12-31T00:00:00",
      "quarter_label": "2022-12 (Q4)",
      "revenue": 234918000,
      "gross_profit": 12401000,
      "operating_income": -4005000,
      "net_income": -31989000,
      "opex": 16406000,
      "cogs": 222517000,
      "rd": null,
      "sga": 16406000,
      "fcf": 27984000,
      "ocf": 35153000,
      "capex": -7169000,
      "gross_margin": 0.05278863262925787,
      "op_margin": -0.01704850203049575,
      "fcf_margin": 0.11912241718386841,
      "incr_op_margin_yoy": -1.74322301679694,
      "rev_growth_yoy": 0.02626853935038553,
      "rev_growth_yoy_accel": -0.022986500088702986,
      "fcf_margin_change": -0.017609321953483817
    },
    {
      "date": "2023-03-31T00:00:00",
      "quarter_label": "2023-03 (Q1)",
      "revenue": 262709000,
      "gross_profit": 35209000,
      "operating_income": 14644000,
      "net_income": 8700000,
      "opex": 20565000,
      "cogs": 227500000,
      "rd": null,
      "sga": 20565000,
      "fcf": -3263000,
      "ocf": 58000,
      "capex": -3321000,
      "gross_margin": 0.13402281611973704,
      "op_margin": 0.055742285190077234,
      "fcf_margin": -0.012420587037368343,
      "incr_op_margin_yoy": 0.34142350695391327,
      "rev_growth_yoy": 0.07502844001407678,
      "rev_growth_yoy_accel": 0.04875990066369125,
      "op_leverage_ratio": 0.4666611707932707,
      "fcf_margin_change": -0.13154300422123677
    },
    {
      "date": "2023-06-30T00:00:00",
      "quarter_label": "2023-06 (Q2)",
      "revenue": 262194000,
      "gross_profit": 38401000,
      "operating_income": 15944000,
      "net_income": 10140000,
      "opex": 22457000,
      "cogs": 223793000,
      "rd": null,
      "sga": 22457000,
      "fcf": 5606000,
      "ocf": 11464000,
      "capex": -5858000,
      "gross_margin": 0.14646025462062442,
      "op_margin": 0.06080993462855748,
      "fcf_margin": 0.021381114747095663,
      "incr_op_margin_yoy": 0.8565006610841781,
      "rev_growth_yoy": 0.045226411107877645,
      "rev_growth_yoy_accel": -0.029802028906199138,
      "fcf_margin_change": 0.033801701784464004
    },
    {
      "date": "2023-09-30T00:00:00",
      "quarter_label": "2023-09 (Q3)",
      "revenue": 246687000,
      "gross_profit": 33924000,
      "operating_income": 12448000,
      "net_income": 7290000,
      "opex": 21476000,
      "cogs": 212763000,
      "rd": null,
      "sga": 21476000,
      "fcf": 12451000,
      "ocf": 18468000,
      "capex": -6017000,
      "gross_margin": 0.13751839375402838,
      "op_margin": 0.05046070526618752,
      "fcf_margin": 0.05047286642587571,
      "incr_op_margin_yoy": -0.6158730158730159,
      "rev_growth_yoy": -0.018793852322084866,
      "rev_growth_yoy_accel": -0.0640202634299625,
      "fcf_margin_change": 0.029091751678780045
    },
    {
      "date": "2023-12-31T00:00:00",
      "quarter_label": "2023-12 (Q4)",
      "revenue": 223089000,
      "gross_profit": 26189000,
      "operating_income": 5024000,
      "net_income": 23281000,
      "opex": 21165000,
      "cogs": 196900000,
      "rd": null,
      "sga": 21165000,
      "fcf": 3786000,
      "ocf": 8286000,
      "capex": -4500000,
      "gross_margin": 0.11739261012421051,
      "op_margin": 0.02252016011546961,
      "fcf_margin": 0.016970805373640117,
      "incr_op_margin_yoy": -0.7632936004734128,
      "rev_growth_yoy": -0.050353740454115906,
      "rev_growth_yoy_accel": -0.03155988813203104,
      "fcf_margin_change": -0.03350206105223559
    },
    {
      "date": "2024-03-31T00:00:00",
      "quarter_label": "2024-03 (Q1)",
      "revenue": 232068000,
      "gross_profit": 26665000,
      "operating_income": 6572000,
      "net_income": 2939000,
      "opex": 20093000,
      "cogs": 205403000,
      "rd": null,
      "sga": 20093000,
      "fcf": -7415000,
      "ocf": -2356000,
      "capex": -5059000,
      "gross_margin": 0.1149016667528483,
      "op_margin": 0.028319285726597376,
      "fcf_margin": -0.03195184170157023,
      "incr_op_margin_yoy": 0.26343787735387225,
      "rev_growth_yoy": -0.11663475556604457,
      "rev_growth_yoy_accel": -0.06628101511192866,
      "op_leverage_ratio": Infinity,
      "fcf_margin_change": -0.048922647075210345
    },
    {
      "date": "2024-06-30T00:00:00",
      "quarter_label": "2024-06 (Q2)",
      "revenue": 229906000,
      "gross_profit": 20979000,
      "operating_income": 760000,
      "net_income": -1601000,
      "opex": 20219000,
      "cogs": 208927000,
      "rd": null,
      "sga": 20219000,
      "fcf": 6381000,
      "ocf": 12588000,
      "capex": -6207000,
      "gross_margin": 0.09125033709429071,
      "op_margin": 0.003305698850834689,
      "fcf_margin": 0.027754821535758093,
      "incr_op_margin_yoy": 0.47026759167492566,
      "rev_growth_yoy": -0.12314545718056095,
      "rev_growth_yoy_accel": -0.00651070161451639,
      "fcf_margin_change": 0.05970666323732832
    },
    {
      "date": "2024-09-30T00:00:00",
      "quarter_label": "2024-09 (Q3)",
      "revenue": 171772000,
      "gross_profit": 16421000,
      "operating_income": -1060000,
      "net_income": 9514000,
      "opex": 17481000,
      "cogs": 155351000,
      "rd": null,
      "sga": 17481000,
      "fcf": -20348000,
      "ocf": -17067000,
      "capex": -3281000,
      "gross_margin": 0.09559765270241949,
      "op_margin": -0.00617097082178702,
      "fcf_margin": -0.11845935309596442,
      "incr_op_margin_yoy": 0.18031101915504238,
      "rev_growth_yoy": -0.3036844260135313,
      "rev_growth_yoy_accel": -0.18053896883297033,
      "fcf_margin_change": -0.1462141746317225
    },
    {
      "date": "2024-12-31T00:00:00",
      "quarter_label": "2024-12 (Q4)",
      "revenue": 163292000,
      "gross_profit": 13075000,
      "operating_income": -5271000,
      "net_income": -38719000,
      "opex": 18346000,
      "cogs": 150217000,
      "rd": null,
      "sga": 18346000,
      "fcf": -30590000,
      "ocf": -26617000,
      "capex": -3973000,
      "gross_margin": 0.08007128334517306,
      "op_margin": -0.032279597285843765,
      "fcf_margin": -0.18733312103471084,
      "incr_op_margin_yoy": 0.17216582771710956,
      "rev_growth_yoy": -0.26804100605587905,
      "rev_growth_yoy_accel": 0.035643419957652245,
      "fcf_margin_change": -0.06887376793874642
    },
    {
      "date": "2025-03-31T00:00:00",
      "quarter_label": "2025-03 (Q1)",
      "revenue": 169795000,
      "gross_profit": 17793000,
      "operating_income": 1408000,
      "net_income": -4312000,
      "opex": 16385000,
      "cogs": 152002000,
      "rd": null,
      "sga": 16385000,
      "fcf": 11366000,
      "ocf": 15172000,
      "capex": -3806000,
      "gross_margin": 0.10479107158632468,
      "op_margin": 0.008292352542772167,
      "fcf_margin": 0.06693954474513383,
      "incr_op_margin_yoy": 0.08292518426926597,
      "rev_growth_yoy": -0.26833945222951894,
      "rev_growth_yoy_accel": -0.000298446173639888,
      "op_leverage_ratio": Infinity,
      "fcf_margin_change": 0.25427266577984464
    },
    {
      "date": "2025-06-30T00:00:00",
      "quarter_label": "2025-06 (Q2)",
      "revenue": 171956000,
      "gross_profit": 19529000,
      "operating_income": 797000,
      "net_income": -4761000,
      "opex": 18732000,
      "cogs": 152427000,
      "rd": null,
      "sga": 18732000,
      "fcf": 17404000,
      "ocf": 18869000,
      "capex": -1465000,
      "gross_margin": 0.11356975040126543,
      "op_margin": 0.004634906604014981,
      "fcf_margin": 0.10121193793761195,
      "incr_op_margin_yoy": -0.000638481449525453,
      "rev_growth_yoy": -0.25205953737614506,
      "rev_growth_yoy_accel": 0.016279914853373878,
      "op_leverage_ratio": 0.08885118528040774,
      "fcf_margin_change": 0.034272393192478115
    },
    {
      "date": "2025-09-30T00:00:00",
      "quarter_label": "2025-09 (Q3)",
      "revenue": 152489000,
      "gross_profit": 16043000,
      "operating_income": -1061000,
      "net_income": -7080000,
      "opex": 17104000,
      "cogs": 136446000,
      "rd": null,
      "sga": 17104000,
      "fcf": -3504000,
      "ocf": -1686000,
      "capex": -1818000,
      "gross_margin": 0.10520758874410613,
      "op_margin": -0.006957878928971926,
      "fcf_margin": -0.02297870666080832,
      "incr_op_margin_yoy": 5.185915054711404e-05,
      "rev_growth_yoy": -0.11225927392124443,
      "rev_growth_yoy_accel": 0.13980026345490063,
      "fcf_margin_change": -0.12419064459842027
    }
  ],
  "signals": [
    {
      "quarter": "2025-09 (Q3)",
      "signal": "YoY REVENUE GROWTH ACCELERATION",
      "detail": "YoY growth: -11.2% vs prior quarter YoY: -25.2% (accel: +14.0%)",
      "severity": "MEDIUM"
    },
    {
      "quarter": "2025-03 (Q1)",
      "signal": "FCF TURNED POSITIVE",
      "detail": "FCF margin: -18.7% -> +6.7%",
      "severity": "HIGH"
    },
    {
      "quarter": "2025-03 (Q1)",
      "signal": "GROSS MARGIN INFLECTION",
      "detail": "GM: +9.6% -> +8.0% -> +10.5% (reversal +2.5%)",
      "severity": "MEDIUM"
    },
    {
      "quarter": "2025-03 (Q1)",
      "signal": "OP MARGIN TURNED POSITIVE (QoQ)",
      "detail": "Op margin: -3.2% -> +0.8%",
      "severity": "HIGH"
    },
    {
      "quarter": "2024-09 (Q3)",
      "signal": "YoY REVENUE GROWTH DECELERATION",
      "detail": "YoY growth: -30.4% vs prior quarter YoY: -12.3% (decel: -18.1%)",
      "severity": "WARNING"
    },
    {
      "quarter": "2024-06 (Q2)",
      "signal": "FCF TURNED POSITIVE",
      "detail": "FCF margin: -3.2% -> +2.8%",
      "severity": "HIGH"
    },
    {
      "quarter": "2024-06 (Q2)",
      "signal": "INCREMENTAL MARGIN (YoY)",
      "detail": "YoY Incr OPM: +47.0% vs year-ago OPM: +6.1%",
      "severity": "HIGH"
    },
    {
      "quarter": "2024-03 (Q1)",
      "signal": "YoY REVENUE GROWTH DECELERATION",
      "detail": "YoY growth: -11.7% vs prior quarter YoY: -5.0% (decel: -6.6%)",
      "severity": "WARNING"
    },
    {
      "quarter": "2024-03 (Q1)",
      "signal": "INCREMENTAL MARGIN (YoY)",
      "detail": "YoY Incr OPM: +26.3% vs year-ago OPM: +5.6%",
      "severity": "HIGH"
    },
    {
      "quarter": "2023-12 (Q4)",
      "signal": "OP MARGIN TURNED POSITIVE (YoY)",
      "detail": "Op margin: -1.7% (year-ago) -> +2.3%",
      "severity": "HIGH"
    },
    {
      "quarter": "2023-09 (Q3)",
      "signal": "YoY REVENUE GROWTH DECELERATION",
      "detail": "YoY growth: -1.9% vs prior quarter YoY: +4.5% (decel: -6.4%)",
      "severity": "WARNING"
    },
    {
      "quarter": "2023-06 (Q2)",
      "signal": "FCF TURNED POSITIVE",
      "detail": "FCF margin: -1.2% -> +2.1%",
      "severity": "HIGH"
    },
    {
      "quarter": "2023-06 (Q2)",
      "signal": "INCREMENTAL MARGIN (YoY)",
      "detail": "YoY Incr OPM: +85.7% vs year-ago OPM: +2.5%",
      "severity": "HIGH"
    },
    {
      "quarter": "2023-03 (Q1)",
      "signal": "GROSS MARGIN INFLECTION",
      "detail": "GM: +10.7% -> +5.3% -> +13.4% (reversal +8.1%)",
      "severity": "HIGH"
    },
    {
      "quarter": "2023-03 (Q1)",
      "signal": "INCREMENTAL MARGIN (YoY)",
      "detail": "YoY Incr OPM: +34.1% vs year-ago OPM: +3.4%",
      "severity": "HIGH"
    },
    {
      "quarter": "2023-03 (Q1)",
      "signal": "OP MARGIN TURNED POSITIVE (QoQ)",
      "detail": "Op margin: -1.7% -> +5.6%",
      "severity": "HIGH"
    },
    {
      "quarter": "2022-09 (Q3)",
      "signal": "FCF MARGIN EXPANSION",
      "detail": "FCF margin: +4.7% -> +13.7% (+8.9%)",
      "severity": "MEDIUM"
    },
    {
      "quarter": "2022-09 (Q3)",
      "signal": "YoY REVENUE GROWTH ACCELERATION",
      "detail": "YoY growth: +4.9% vs prior quarter YoY: -2.7% (accel: +7.7%)",
      "severity": "MEDIUM"
    },
    {
      "quarter": "2022-06 (Q2)",
      "signal": "FCF TURNED POSITIVE",
      "detail": "FCF margin: -10.2% -> +4.7%",
      "severity": "HIGH"
    },
    {
      "quarter": "2022-06 (Q2)",
      "signal": "INCREMENTAL MARGIN (YoY)",
      "detail": "YoY Incr OPM: +142.4% vs year-ago OPM: +6.3%",
      "severity": "HIGH"
    },
    {
      "quarter": "2022-03 (Q1)",
      "signal": "OPERATING LEVERAGE",
      "detail": "Rev growth +6.8% vs OpEx growth +0.7% (leverage: 9.3x)",
      "severity": "MEDIUM"
    },
    {
      "quarter": "2022-03 (Q1)",
      "signal": "YoY REVENUE GROWTH DECELERATION",
      "detail": "YoY growth: -0.3% vs prior quarter YoY: +6.0% (decel: -6.3%)",
      "severity": "WARNING"
    },
    {
      "quarter": "2021-09 (Q3)",
      "signal": "FCF MARGIN EXPANSION",
      "detail": "FCF margin: -5.7% -> -0.2% (+5.4%)",
      "severity": "MEDIUM"
    }
  ],
  "data_quality": {
    "n_quarters": 20,
    "coverage": {
      "revenue": [
        20,
        20
      ],
      "gross_profit": [
        20,
        20
      ],
      "op_income": [
        20,
        20
      ],
      "fcf": [
        20,
        20
      ]
    },
    "gaps": [],
    "warnings": []
  },
  "market_cap": null,
  "source": "SEC EDGAR",
  "last_updated": "2026-02-02T23:35:40.601982"
}