{
  "ticker": "CVGW",
  "name": "CALAVO GROWERS,\u00a0INC.",
  "quarters": [
    {
      "date": "2021-01-31T00:00:00",
      "quarter_label": "2021-01 (Q1)",
      "revenue": 220578000,
      "gross_profit": 17839000,
      "operating_income": 3719000,
      "net_income": 5277000,
      "opex": 14120000,
      "cogs": 202739000,
      "rd": null,
      "sga": 14174000,
      "fcf": 8397000,
      "ocf": 13165000,
      "capex": -4768000,
      "gross_margin": 0.08087388588163824,
      "op_margin": 0.016860248982219442,
      "fcf_margin": 0.03806816636291924
    },
    {
      "date": "2021-04-30T00:00:00",
      "quarter_label": "2021-04 (Q2)",
      "revenue": 276821000,
      "gross_profit": 22600000,
      "operating_income": 8971000,
      "net_income": 8841000,
      "opex": 13629000,
      "cogs": 254221000,
      "rd": null,
      "sga": 13683000,
      "fcf": -5633000,
      "ocf": -2742000,
      "capex": -2891000,
      "gross_margin": 0.08164120496638622,
      "op_margin": 0.03240722344041817,
      "fcf_margin": -0.020348889715736885,
      "op_leverage_ratio": Infinity,
      "fcf_margin_change": -0.05841705607865612
    },
    {
      "date": "2021-07-31T00:00:00",
      "quarter_label": "2021-07 (Q3)",
      "revenue": 285008000,
      "gross_profit": 7867000,
      "operating_income": -5808000,
      "net_income": -12981000,
      "opex": 13675000,
      "cogs": 277141000,
      "rd": null,
      "sga": 12387000,
      "fcf": -7000,
      "ocf": 1973000,
      "capex": -1980000,
      "gross_margin": 0.02760273395834503,
      "op_margin": -0.020378375343849998,
      "fcf_margin": -2.4560714085218662e-05,
      "op_leverage_ratio": 8.762578407676095,
      "fcf_margin_change": 0.020324329001651667
    },
    {
      "date": "2021-10-31T00:00:00",
      "quarter_label": "2021-10 (Q4)",
      "revenue": 273423000,
      "gross_profit": 9119000,
      "operating_income": -16749000,
      "net_income": -12955000,
      "opex": 25868000,
      "cogs": 264304000,
      "rd": null,
      "sga": 16305000,
      "fcf": -623000,
      "ocf": 1176000,
      "capex": -1799000,
      "gross_margin": 0.03335125428365573,
      "op_margin": -0.0612567340713839,
      "fcf_margin": -0.0022785208267044102,
      "fcf_margin_change": -0.0022539601126191915
    },
    {
      "date": "2022-01-31T00:00:00",
      "quarter_label": "2022-01 (Q1)",
      "revenue": 274092000,
      "gross_profit": 13228000,
      "operating_income": -2987000,
      "net_income": -4043000,
      "opex": 16215000,
      "cogs": 260864000,
      "rd": null,
      "sga": 15337000,
      "fcf": 344000,
      "ocf": 2388000,
      "capex": -2044000,
      "gross_margin": 0.048261167783080136,
      "op_margin": -0.010897800738438188,
      "fcf_margin": 0.0012550530478817332,
      "incr_op_margin_yoy": -0.12531300220503047,
      "rev_growth_yoy": 0.24260805701384544,
      "fcf_margin_change": 0.0035335738745861434
    },
    {
      "date": "2022-04-30T00:00:00",
      "quarter_label": "2022-04 (Q2)",
      "revenue": 331418000,
      "gross_profit": 21741000,
      "operating_income": 4407000,
      "net_income": -191000,
      "opex": 17334000,
      "cogs": 309677000,
      "rd": null,
      "sga": 16605000,
      "fcf": 17201000,
      "ocf": 18944000,
      "capex": -1743000,
      "gross_margin": 0.06559993723937746,
      "op_margin": 0.013297406900047675,
      "fcf_margin": 0.051901224435607,
      "incr_op_margin_yoy": -0.08359433668516585,
      "rev_growth_yoy": 0.19722853396238002,
      "rev_growth_yoy_accel": -0.04537952305146542,
      "op_leverage_ratio": 3.0306943963043427,
      "fcf_margin_change": 0.050646171387725265
    },
    {
      "date": "2022-07-31T00:00:00",
      "quarter_label": "2022-07 (Q3)",
      "revenue": 341991000,
      "gross_profit": 18514000,
      "operating_income": 1552000,
      "net_income": 1300000,
      "opex": 16962000,
      "cogs": 323477000,
      "rd": null,
      "sga": 16713000,
      "fcf": 16901000,
      "ocf": 20852000,
      "capex": -3951000,
      "gross_margin": 0.05413592755364907,
      "op_margin": 0.0045381311204096015,
      "fcf_margin": 0.04941942916626461,
      "incr_op_margin_yoy": 0.12916132881736658,
      "rev_growth_yoy": 0.19993473867400213,
      "rev_growth_yoy_accel": 0.002706204711622112,
      "op_leverage_ratio": Infinity,
      "fcf_margin_change": -0.0024817952693423906
    },
    {
      "date": "2022-10-31T00:00:00",
      "quarter_label": "2022-10 (Q4)",
      "revenue": 243572000,
      "gross_profit": 20361000,
      "operating_income": 3014000,
      "net_income": -3316000,
      "opex": 17347000,
      "cogs": 223211000,
      "rd": null,
      "sga": 17132000,
      "fcf": 6018000,
      "ocf": 8049000,
      "capex": -2031000,
      "gross_margin": 0.08359335227366035,
      "op_margin": 0.012374164518089106,
      "fcf_margin": 0.024707273414021316,
      "incr_op_margin_yoy": -0.6620548725335834,
      "rev_growth_yoy": -0.1091751608313858,
      "rev_growth_yoy_accel": -0.3091098995053879,
      "fcf_margin_change": -0.02471215575224329
    },
    {
      "date": "2023-01-31T00:00:00",
      "quarter_label": "2023-01 (Q1)",
      "revenue": 226204000,
      "gross_profit": 14432000,
      "operating_income": -3969000,
      "net_income": -3068000,
      "opex": 18401000,
      "cogs": 211772000,
      "rd": null,
      "sga": 16353000,
      "fcf": -11061000,
      "ocf": -5876000,
      "capex": -5185000,
      "gross_margin": 0.0638008169616806,
      "op_margin": -0.01754610882212516,
      "fcf_margin": -0.0488983395519089,
      "incr_op_margin_yoy": 0.020506181089208153,
      "rev_growth_yoy": -0.17471505917721059,
      "rev_growth_yoy_accel": -0.06553989834582478,
      "fcf_margin_change": -0.07360561296593021
    },
    {
      "date": "2023-04-30T00:00:00",
      "quarter_label": "2023-04 (Q2)",
      "revenue": 244689000,
      "gross_profit": 15037000,
      "operating_income": -3425000,
      "net_income": -3995000,
      "opex": 18462000,
      "cogs": 229652000,
      "rd": null,
      "sga": 18076000,
      "fcf": -1178000,
      "ocf": 2098000,
      "capex": -3276000,
      "gross_margin": 0.06145351854803444,
      "op_margin": -0.013997359914013298,
      "fcf_margin": -0.004814274446338004,
      "incr_op_margin_yoy": 0.09030428115163325,
      "rev_growth_yoy": -0.26169067461634554,
      "rev_growth_yoy_accel": -0.08697561543913496,
      "op_leverage_ratio": 24.650785624813928,
      "fcf_margin_change": 0.0440840651055709
    },
    {
      "date": "2023-07-31T00:00:00",
      "quarter_label": "2023-07 (Q3)",
      "revenue": 259875000,
      "gross_profit": 25025000,
      "operating_income": 8386000,
      "net_income": 6626000,
      "opex": 16639000,
      "cogs": 234850000,
      "rd": null,
      "sga": 17842000,
      "fcf": -17051000,
      "ocf": -15420000,
      "capex": -1631000,
      "gross_margin": 0.0962962962962963,
      "op_margin": 0.03226936026936027,
      "fcf_margin": -0.06561231361231361,
      "incr_op_margin_yoy": -0.08322373228116323,
      "rev_growth_yoy": -0.24011158188373377,
      "rev_growth_yoy_accel": 0.02157909273261177,
      "op_leverage_ratio": Infinity,
      "fcf_margin_change": -0.060798039165975606
    },
    {
      "date": "2023-10-31T00:00:00",
      "quarter_label": "2023-10 (Q4)",
      "revenue": 241180000,
      "gross_profit": 15462000,
      "operating_income": -564000,
      "net_income": -7907000,
      "opex": 16026000,
      "cogs": 225718000,
      "rd": null,
      "sga": 14129000,
      "fcf": 4130000,
      "ocf": 4732000,
      "capex": -602000,
      "gross_margin": 0.06410979351521685,
      "op_margin": -0.002338502363380048,
      "fcf_margin": 0.017124139646736876,
      "incr_op_margin_yoy": 1.495819397993311,
      "rev_growth_yoy": -0.009820504819930041,
      "rev_growth_yoy_accel": 0.23029107706380372,
      "fcf_margin_change": 0.08273645325905049
    },
    {
      "date": "2024-01-31T00:00:00",
      "quarter_label": "2024-01 (Q1)",
      "revenue": 127606000,
      "gross_profit": 12468000,
      "operating_income": -1378000,
      "net_income": -6267000,
      "opex": 13846000,
      "cogs": 115138000,
      "rd": null,
      "sga": 13463000,
      "fcf": -972000,
      "ocf": 58000,
      "capex": -1030000,
      "gross_margin": 0.09770700437283514,
      "op_margin": -0.010798865257119572,
      "fcf_margin": -0.007617196683541526,
      "incr_op_margin_yoy": -0.026278423497434027,
      "rev_growth_yoy": -0.4358808862796414,
      "rev_growth_yoy_accel": -0.42606038145971137,
      "fcf_margin_change": -0.0247413363302784
    },
    {
      "date": "2024-04-30T00:00:00",
      "quarter_label": "2024-04 (Q2)",
      "revenue": 184383000,
      "gross_profit": 20357000,
      "operating_income": 7135000,
      "net_income": 6062000,
      "opex": 13222000,
      "cogs": 164026000,
      "rd": null,
      "sga": 13020000,
      "fcf": 745000,
      "ocf": 2092000,
      "capex": -1347000,
      "gross_margin": 0.11040605695752863,
      "op_margin": 0.038696626044700436,
      "fcf_margin": 0.0040405026493765695,
      "incr_op_margin_yoy": -0.17510695453188738,
      "rev_growth_yoy": -0.24645979181736816,
      "rev_growth_yoy_accel": 0.18942109446227323,
      "op_leverage_ratio": Infinity,
      "fcf_margin_change": 0.011657699332918096
    },
    {
      "date": "2024-07-31T00:00:00",
      "quarter_label": "2024-07 (Q3)",
      "revenue": 179596000,
      "gross_profit": 20093000,
      "operating_income": 9358000,
      "net_income": -732000,
      "opex": 10735000,
      "cogs": 159503000,
      "rd": null,
      "sga": 10510000,
      "fcf": 11291000,
      "ocf": 11433000,
      "capex": -142000,
      "gross_margin": 0.11187888371678656,
      "op_margin": 0.05210583754649324,
      "fcf_margin": 0.06286888349406446,
      "incr_op_margin_yoy": -0.01210777413769479,
      "rev_growth_yoy": -0.3089139009139009,
      "rev_growth_yoy_accel": -0.06245410909653276,
      "fcf_margin_change": 0.05882838084468789
    },
    {
      "date": "2024-10-31T00:00:00",
      "quarter_label": "2024-10 (Q4)",
      "revenue": 169959000,
      "gross_profit": 16290000,
      "operating_income": 3012000,
      "net_income": -139000,
      "opex": 13278000,
      "cogs": 153669000,
      "rd": null,
      "sga": 13045000,
      "fcf": 10465000,
      "ocf": 10836000,
      "capex": -371000,
      "gross_margin": 0.09584664536741214,
      "op_margin": 0.017721921169223165,
      "fcf_margin": 0.06157367365070399,
      "incr_op_margin_yoy": -0.05020990999845551,
      "rev_growth_yoy": -0.29530226386930924,
      "rev_growth_yoy_accel": 0.013611637044591673,
      "fcf_margin_change": -0.0012952098433604634
    },
    {
      "date": "2025-01-31T00:00:00",
      "quarter_label": "2025-01 (Q1)",
      "revenue": 154385000,
      "gross_profit": 15728000,
      "operating_income": 5046000,
      "net_income": 4415000,
      "opex": 10682000,
      "cogs": 138657000,
      "rd": null,
      "sga": 10287000,
      "fcf": -4709000,
      "ocf": -4427000,
      "capex": -282000,
      "gross_margin": 0.10187518217443405,
      "op_margin": 0.032684522460083555,
      "fcf_margin": -0.0305016679081517,
      "incr_op_margin_yoy": 0.23988946562605026,
      "rev_growth_yoy": 0.20985690328041,
      "rev_growth_yoy_accel": 0.5051591671497193,
      "fcf_margin_change": -0.09207534155885569
    },
    {
      "date": "2025-04-30T00:00:00",
      "quarter_label": "2025-04 (Q2)",
      "revenue": 190546000,
      "gross_profit": 18089000,
      "operating_income": 7630000,
      "net_income": 6850000,
      "opex": 10459000,
      "cogs": 172457000,
      "rd": null,
      "sga": 10303000,
      "fcf": 15558000,
      "ocf": 15691000,
      "capex": -133000,
      "gross_margin": 0.09493245725441625,
      "op_margin": 0.040042824304892255,
      "fcf_margin": 0.08164957543060468,
      "incr_op_margin_yoy": 0.08031802693493428,
      "rev_growth_yoy": 0.03342499037329906,
      "rev_growth_yoy_accel": -0.17643191290711097,
      "op_leverage_ratio": Infinity,
      "fcf_margin_change": 0.11215124333875638
    },
    {
      "date": "2025-07-31T00:00:00",
      "quarter_label": "2025-07 (Q3)",
      "revenue": 178822000,
      "gross_profit": 18198000,
      "operating_income": 8659000,
      "net_income": 4714000,
      "opex": 9539000,
      "cogs": 160624000,
      "rd": null,
      "sga": 9232000,
      "fcf": 7319000,
      "ocf": 7970000,
      "capex": -651000,
      "gross_margin": 0.10176600194606927,
      "op_margin": 0.04842245361309011,
      "fcf_margin": 0.040928968471440876,
      "rev_growth_yoy": -0.004309672821220962,
      "rev_growth_yoy_accel": -0.03773466319452002,
      "fcf_margin_change": -0.0407206069591638
    },
    {
      "date": "2025-10-31T00:00:00",
      "quarter_label": "2025-10 (Q4)",
      "revenue": 124681000,
      "gross_profit": 11648000,
      "operating_income": -1724000,
      "net_income": 3817000,
      "opex": 13372000,
      "cogs": 113033000,
      "rd": null,
      "sga": 12267000,
      "fcf": 1223000,
      "ocf": 2308000,
      "capex": -1085000,
      "gross_margin": 0.09342241400052935,
      "op_margin": -0.013827287237028897,
      "fcf_margin": 0.009809032651326184,
      "incr_op_margin_yoy": 0.10459825964044349,
      "rev_growth_yoy": -0.26640542719126376,
      "rev_growth_yoy_accel": -0.2620957543700428,
      "fcf_margin_change": -0.031119935820114693
    }
  ],
  "signals": [
    {
      "quarter": "2025-10 (Q4)",
      "signal": "YoY REVENUE GROWTH DECELERATION",
      "detail": "YoY growth: -26.6% vs prior quarter YoY: -0.4% (decel: -26.2%)",
      "severity": "WARNING"
    },
    {
      "quarter": "2025-04 (Q2)",
      "signal": "FCF TURNED POSITIVE",
      "detail": "FCF margin: -3.1% -> +8.2%",
      "severity": "HIGH"
    },
    {
      "quarter": "2025-04 (Q2)",
      "signal": "YoY REVENUE GROWTH DECELERATION",
      "detail": "YoY growth: +3.3% vs prior quarter YoY: +21.0% (decel: -17.6%)",
      "severity": "WARNING"
    },
    {
      "quarter": "2025-01 (Q1)",
      "signal": "YoY REVENUE GROWTH ACCELERATION",
      "detail": "YoY growth: +21.0% vs prior quarter YoY: -29.5% (accel: +50.5%)",
      "severity": "HIGH"
    },
    {
      "quarter": "2025-01 (Q1)",
      "signal": "OP MARGIN TURNED POSITIVE (YoY)",
      "detail": "Op margin: -1.1% (year-ago) -> +3.3%",
      "severity": "HIGH"
    },
    {
      "quarter": "2024-10 (Q4)",
      "signal": "OP MARGIN TURNED POSITIVE (YoY)",
      "detail": "Op margin: -0.2% (year-ago) -> +1.8%",
      "severity": "HIGH"
    },
    {
      "quarter": "2024-07 (Q3)",
      "signal": "FCF MARGIN EXPANSION",
      "detail": "FCF margin: +0.4% -> +6.3% (+5.9%)",
      "severity": "MEDIUM"
    },
    {
      "quarter": "2024-07 (Q3)",
      "signal": "YoY REVENUE GROWTH DECELERATION",
      "detail": "YoY growth: -30.9% vs prior quarter YoY: -24.6% (decel: -6.2%)",
      "severity": "WARNING"
    },
    {
      "quarter": "2024-04 (Q2)",
      "signal": "FCF TURNED POSITIVE",
      "detail": "FCF margin: -0.8% -> +0.4%",
      "severity": "HIGH"
    },
    {
      "quarter": "2024-04 (Q2)",
      "signal": "YoY REVENUE GROWTH ACCELERATION",
      "detail": "YoY growth: -24.6% vs prior quarter YoY: -43.6% (accel: +18.9%)",
      "severity": "HIGH"
    },
    {
      "quarter": "2024-04 (Q2)",
      "signal": "OP MARGIN TURNED POSITIVE (YoY)",
      "detail": "Op margin: -1.4% (year-ago) -> +3.9%",
      "severity": "HIGH"
    },
    {
      "quarter": "2024-04 (Q2)",
      "signal": "OP MARGIN TURNED POSITIVE (QoQ)",
      "detail": "Op margin: -1.1% -> +3.9%",
      "severity": "HIGH"
    },
    {
      "quarter": "2024-01 (Q1)",
      "signal": "GROSS MARGIN INFLECTION",
      "detail": "GM: +9.6% -> +6.4% -> +9.8% (reversal +3.4%)",
      "severity": "MEDIUM"
    },
    {
      "quarter": "2024-01 (Q1)",
      "signal": "YoY REVENUE GROWTH DECELERATION",
      "detail": "YoY growth: -43.6% vs prior quarter YoY: -1.0% (decel: -42.6%)",
      "severity": "WARNING"
    },
    {
      "quarter": "2023-10 (Q4)",
      "signal": "FCF TURNED POSITIVE",
      "detail": "FCF margin: -6.6% -> +1.7%",
      "severity": "HIGH"
    },
    {
      "quarter": "2023-10 (Q4)",
      "signal": "YoY REVENUE GROWTH ACCELERATION",
      "detail": "YoY growth: -1.0% vs prior quarter YoY: -24.0% (accel: +23.0%)",
      "severity": "HIGH"
    },
    {
      "quarter": "2023-07 (Q3)",
      "signal": "GROSS MARGIN INFLECTION",
      "detail": "GM: +6.4% -> +6.1% -> +9.6% (reversal +3.5%)",
      "severity": "MEDIUM"
    },
    {
      "quarter": "2023-07 (Q3)",
      "signal": "OP MARGIN TURNED POSITIVE (QoQ)",
      "detail": "Op margin: -1.4% -> +3.2%",
      "severity": "HIGH"
    },
    {
      "quarter": "2023-04 (Q2)",
      "signal": "OPERATING LEVERAGE",
      "detail": "Rev growth +8.2% vs OpEx growth +0.3% (leverage: 24.7x)",
      "severity": "MEDIUM"
    },
    {
      "quarter": "2023-04 (Q2)",
      "signal": "YoY REVENUE GROWTH DECELERATION",
      "detail": "YoY growth: -26.2% vs prior quarter YoY: -17.5% (decel: -8.7%)",
      "severity": "WARNING"
    },
    {
      "quarter": "2023-01 (Q1)",
      "signal": "YoY REVENUE GROWTH DECELERATION",
      "detail": "YoY growth: -17.5% vs prior quarter YoY: -10.9% (decel: -6.6%)",
      "severity": "WARNING"
    },
    {
      "quarter": "2022-10 (Q4)",
      "signal": "GROSS MARGIN INFLECTION",
      "detail": "GM: +6.6% -> +5.4% -> +8.4% (reversal +2.9%)",
      "severity": "MEDIUM"
    },
    {
      "quarter": "2022-10 (Q4)",
      "signal": "YoY REVENUE GROWTH DECELERATION",
      "detail": "YoY growth: -10.9% vs prior quarter YoY: +20.0% (decel: -30.9%)",
      "severity": "WARNING"
    },
    {
      "quarter": "2022-10 (Q4)",
      "signal": "OP MARGIN TURNED POSITIVE (YoY)",
      "detail": "Op margin: -6.1% (year-ago) -> +1.2%",
      "severity": "HIGH"
    },
    {
      "quarter": "2022-07 (Q3)",
      "signal": "OP MARGIN TURNED POSITIVE (YoY)",
      "detail": "Op margin: -2.0% (year-ago) -> +0.5%",
      "severity": "HIGH"
    },
    {
      "quarter": "2022-04 (Q2)",
      "signal": "FCF MARGIN EXPANSION",
      "detail": "FCF margin: +0.1% -> +5.2% (+5.1%)",
      "severity": "MEDIUM"
    },
    {
      "quarter": "2022-04 (Q2)",
      "signal": "OPERATING LEVERAGE",
      "detail": "Rev growth +20.9% vs OpEx growth +6.9% (leverage: 3.0x)",
      "severity": "MEDIUM"
    },
    {
      "quarter": "2022-04 (Q2)",
      "signal": "OP MARGIN TURNED POSITIVE (QoQ)",
      "detail": "Op margin: -1.1% -> +1.3%",
      "severity": "HIGH"
    },
    {
      "quarter": "2022-01 (Q1)",
      "signal": "FCF TURNED POSITIVE",
      "detail": "FCF margin: -0.2% -> +0.1%",
      "severity": "HIGH"
    },
    {
      "quarter": "2021-07 (Q3)",
      "signal": "OPERATING LEVERAGE",
      "detail": "Rev growth +3.0% vs OpEx growth +0.3% (leverage: 8.8x)",
      "severity": "MEDIUM"
    }
  ],
  "data_quality": {
    "n_quarters": 20,
    "coverage": {
      "revenue": [
        20,
        20
      ],
      "gross_profit": [
        20,
        20
      ],
      "op_income": [
        20,
        20
      ],
      "fcf": [
        20,
        20
      ]
    },
    "gaps": [],
    "warnings": []
  },
  "market_cap": null,
  "source": "SEC EDGAR",
  "last_updated": "2026-02-02T22:30:10.745105",
  "sector": "Consumer Defensive",
  "industry": "Food Distribution"
}