{
  "ticker": "CVI",
  "name": "CVR Energy,\u00a0Inc",
  "sector": "Energy",
  "industry": "Oil & Gas Refining & Marketing",
  "quarters": [
    {
      "date": "2021-03-31T00:00:00",
      "quarter_label": "2021-03 (Q1)",
      "revenue": 1463000000,
      "gross_profit": -105000000,
      "operating_income": -135000000,
      "net_income": -39000000,
      "opex": 30000000,
      "cogs": 1568000000,
      "rd": null,
      "sga": 27000000,
      "fcf": 96000000,
      "ocf": 96000000,
      "capex": null,
      "gross_margin": -0.07177033492822966,
      "op_margin": -0.09227614490772386,
      "fcf_margin": 0.06561859193438141
    },
    {
      "date": "2021-06-30T00:00:00",
      "quarter_label": "2021-06 (Q2)",
      "revenue": 1783000000,
      "gross_profit": 38000000,
      "operating_income": 6000000,
      "net_income": -6000000,
      "opex": 32000000,
      "cogs": 1745000000,
      "rd": null,
      "sga": 28000000,
      "fcf": 147000000,
      "ocf": 147000000,
      "capex": null,
      "gross_margin": 0.02131239484015704,
      "op_margin": 0.0033651149747616375,
      "fcf_margin": 0.08244531688166012,
      "op_leverage_ratio": 3.2809295967190706,
      "fcf_margin_change": 0.016826724947278715
    },
    {
      "date": "2021-09-30T00:00:00",
      "quarter_label": "2021-09 (Q3)",
      "revenue": 1883000000,
      "gross_profit": 208000000,
      "operating_income": 175000000,
      "net_income": 84000000,
      "opex": 33000000,
      "cogs": 1675000000,
      "rd": null,
      "sga": 30000000,
      "fcf": 139000000,
      "ocf": 139000000,
      "capex": null,
      "gross_margin": 0.11046202867764206,
      "op_margin": 0.09293680297397769,
      "fcf_margin": 0.07381837493361657,
      "op_leverage_ratio": 1.79472798653954,
      "fcf_margin_change": -0.00862694194804356
    },
    {
      "date": "2021-12-31T00:00:00",
      "quarter_label": "2021-12 (Q4)",
      "revenue": 2113000000,
      "gross_profit": 78000000,
      "operating_income": 41000000,
      "net_income": -14000000,
      "opex": 37000000,
      "cogs": 2035000000,
      "rd": null,
      "sga": 34000000,
      "fcf": 14000000,
      "ocf": 14000000,
      "capex": null,
      "gross_margin": 0.036914339801230475,
      "op_margin": 0.019403691433980123,
      "fcf_margin": 0.006625650733554188,
      "op_leverage_ratio": 1.007700477960701,
      "fcf_margin_change": -0.06719272420006238
    },
    {
      "date": "2022-03-31T00:00:00",
      "quarter_label": "2022-03 (Q1)",
      "revenue": 2373000000,
      "gross_profit": 261000000,
      "operating_income": 220000000,
      "net_income": 94000000,
      "opex": 41000000,
      "cogs": 2112000000,
      "rd": null,
      "sga": 39000000,
      "fcf": 322000000,
      "ocf": 322000000,
      "capex": null,
      "gross_margin": 0.10998735777496839,
      "op_margin": 0.09270965023177413,
      "fcf_margin": 0.13569321533923304,
      "incr_op_margin_yoy": 0.3901098901098901,
      "rev_growth_yoy": 0.6220095693779905,
      "op_leverage_ratio": 1.138192143871273,
      "fcf_margin_change": 0.12906756460567884
    },
    {
      "date": "2022-06-30T00:00:00",
      "quarter_label": "2022-06 (Q2)",
      "revenue": 3144000000,
      "gross_profit": 441000000,
      "operating_income": 402000000,
      "net_income": 165000000,
      "opex": 39000000,
      "cogs": 2703000000,
      "rd": null,
      "sga": 37000000,
      "fcf": 390000000,
      "ocf": 390000000,
      "capex": null,
      "gross_margin": 0.14026717557251908,
      "op_margin": 0.12786259541984732,
      "fcf_margin": 0.12404580152671756,
      "incr_op_margin_yoy": 0.2909625275532697,
      "rev_growth_yoy": 0.7633202467750981,
      "rev_growth_yoy_accel": 0.14131067739710768,
      "op_leverage_ratio": null,
      "fcf_margin_change": -0.01164741381251548
    },
    {
      "date": "2022-09-30T00:00:00",
      "quarter_label": "2022-09 (Q3)",
      "revenue": 2699000000,
      "gross_profit": 140000000,
      "operating_income": 103000000,
      "net_income": 93000000,
      "opex": 37000000,
      "cogs": 2559000000,
      "rd": null,
      "sga": 35000000,
      "fcf": 156000000,
      "ocf": 156000000,
      "capex": null,
      "gross_margin": 0.051871063356798815,
      "op_margin": 0.0381622823267877,
      "fcf_margin": 0.057799184883290104,
      "incr_op_margin_yoy": -0.08823529411764706,
      "rev_growth_yoy": 0.43335103558151883,
      "rev_growth_yoy_accel": -0.3299692111935793,
      "fcf_margin_change": -0.06624661664342746
    },
    {
      "date": "2022-12-31T00:00:00",
      "quarter_label": "2022-12 (Q4)",
      "revenue": 2680000000,
      "gross_profit": 288000000,
      "operating_income": 237000000,
      "net_income": 112000000,
      "opex": 51000000,
      "cogs": 2392000000,
      "rd": null,
      "sga": 39000000,
      "fcf": 99000000,
      "ocf": 99000000,
      "capex": null,
      "gross_margin": 0.10746268656716418,
      "op_margin": 0.08843283582089552,
      "fcf_margin": 0.036940298507462686,
      "incr_op_margin_yoy": 0.345679012345679,
      "rev_growth_yoy": 0.26833885470894464,
      "rev_growth_yoy_accel": -0.1650121808725742,
      "fcf_margin_change": -0.020858886375827418
    },
    {
      "date": "2023-03-31T00:00:00",
      "quarter_label": "2023-03 (Q1)",
      "revenue": 2286000000,
      "gross_profit": 371000000,
      "operating_income": 330000000,
      "net_income": 195000000,
      "opex": 41000000,
      "cogs": 1915000000,
      "rd": null,
      "sga": 39000000,
      "fcf": 247000000,
      "ocf": 247000000,
      "capex": null,
      "gross_margin": 0.16229221347331582,
      "op_margin": 0.14435695538057744,
      "fcf_margin": 0.10804899387576553,
      "incr_op_margin_yoy": -1.264367816091954,
      "rev_growth_yoy": -0.03666245259165613,
      "rev_growth_yoy_accel": -0.30500130730060077,
      "fcf_margin_change": 0.07110869536830283
    },
    {
      "date": "2023-06-30T00:00:00",
      "quarter_label": "2023-06 (Q2)",
      "revenue": 2236000000,
      "gross_profit": 257000000,
      "operating_income": 224000000,
      "net_income": 130000000,
      "opex": 33000000,
      "cogs": 1979000000,
      "rd": null,
      "sga": 32000000,
      "fcf": 367000000,
      "ocf": 367000000,
      "capex": null,
      "gross_margin": 0.11493738819320215,
      "op_margin": 0.1001788908765653,
      "fcf_margin": 0.1641323792486583,
      "incr_op_margin_yoy": 0.1960352422907489,
      "rev_growth_yoy": -0.28880407124681934,
      "rev_growth_yoy_accel": -0.2521416186551632,
      "fcf_margin_change": 0.056083385372892786
    },
    {
      "date": "2023-09-30T00:00:00",
      "quarter_label": "2023-09 (Q3)",
      "revenue": 2522000000,
      "gross_profit": 485000000,
      "operating_income": 445000000,
      "net_income": 353000000,
      "opex": 40000000,
      "cogs": 2037000000,
      "rd": null,
      "sga": 38000000,
      "fcf": 370000000,
      "ocf": 370000000,
      "capex": null,
      "gross_margin": 0.19230769230769232,
      "op_margin": 0.17644726407613007,
      "fcf_margin": 0.14670896114195084,
      "incr_op_margin_yoy": -1.9322033898305084,
      "rev_growth_yoy": -0.06557984438680993,
      "rev_growth_yoy_accel": 0.22322422686000942,
      "op_leverage_ratio": 0.6029900332225914,
      "fcf_margin_change": -0.017423418106707472
    },
    {
      "date": "2023-12-31T00:00:00",
      "quarter_label": "2023-12 (Q4)",
      "revenue": 2202000000,
      "gross_profit": 159000000,
      "operating_income": 123000000,
      "net_income": 91000000,
      "opex": 36000000,
      "cogs": 2043000000,
      "rd": null,
      "sga": 32000000,
      "fcf": -36000000,
      "ocf": -36000000,
      "capex": null,
      "gross_margin": 0.07220708446866485,
      "op_margin": 0.055858310626702996,
      "fcf_margin": -0.01634877384196185,
      "incr_op_margin_yoy": 0.2384937238493724,
      "rev_growth_yoy": -0.1783582089552239,
      "rev_growth_yoy_accel": -0.11277836456841396,
      "fcf_margin_change": -0.16305773498391268
    },
    {
      "date": "2024-03-31T00:00:00",
      "quarter_label": "2024-03 (Q1)",
      "revenue": 1863000000,
      "gross_profit": 161000000,
      "operating_income": 123000000,
      "net_income": 82000000,
      "opex": 38000000,
      "cogs": 1702000000,
      "rd": null,
      "sga": 36000000,
      "fcf": 177000000,
      "ocf": 177000000,
      "capex": null,
      "gross_margin": 0.08641975308641975,
      "op_margin": 0.06602254428341385,
      "fcf_margin": 0.09500805152979067,
      "incr_op_margin_yoy": 0.48936170212765956,
      "rev_growth_yoy": -0.18503937007874016,
      "rev_growth_yoy_accel": -0.0066811611235162716,
      "fcf_margin_change": 0.11135682537175251
    },
    {
      "date": "2024-06-30T00:00:00",
      "quarter_label": "2024-06 (Q2)",
      "revenue": 1967000000,
      "gross_profit": 57000000,
      "operating_income": 27000000,
      "net_income": 21000000,
      "opex": 30000000,
      "cogs": 1910000000,
      "rd": null,
      "sga": 28000000,
      "fcf": 81000000,
      "ocf": 81000000,
      "capex": null,
      "gross_margin": 0.028978139298423997,
      "op_margin": 0.013726487036095577,
      "fcf_margin": 0.041179461108286734,
      "incr_op_margin_yoy": 0.7323420074349443,
      "rev_growth_yoy": -0.120304114490161,
      "rev_growth_yoy_accel": 0.06473525558857916,
      "op_leverage_ratio": null,
      "fcf_margin_change": -0.05382859042150393
    },
    {
      "date": "2024-09-30T00:00:00",
      "quarter_label": "2024-09 (Q3)",
      "revenue": 1833000000,
      "gross_profit": -71000000,
      "operating_income": -113000000,
      "net_income": -124000000,
      "opex": 42000000,
      "cogs": 1904000000,
      "rd": null,
      "sga": 40000000,
      "fcf": 48000000,
      "ocf": 48000000,
      "capex": null,
      "gross_margin": -0.03873431533006001,
      "op_margin": -0.06164757228587016,
      "fcf_margin": 0.02618657937806874,
      "incr_op_margin_yoy": 0.8098693759071117,
      "rev_growth_yoy": -0.27319587628865977,
      "rev_growth_yoy_accel": -0.15289176179849878,
      "fcf_margin_change": -0.014992881730217993
    },
    {
      "date": "2024-12-31T00:00:00",
      "quarter_label": "2024-12 (Q4)",
      "revenue": 1947000000,
      "gross_profit": 58000000,
      "operating_income": 21000000,
      "net_income": 29000000,
      "opex": 37000000,
      "cogs": 1889000000,
      "rd": null,
      "sga": 36000000,
      "fcf": 98000000,
      "ocf": 98000000,
      "capex": null,
      "gross_margin": 0.029789419619928096,
      "op_margin": 0.01078582434514638,
      "fcf_margin": 0.050333846944016436,
      "incr_op_margin_yoy": 0.4,
      "rev_growth_yoy": -0.11580381471389646,
      "rev_growth_yoy_accel": 0.15739206157476332,
      "op_leverage_ratio": null,
      "fcf_margin_change": 0.024147267565947695
    },
    {
      "date": "2025-03-31T00:00:00",
      "quarter_label": "2025-03 (Q1)",
      "revenue": 1646000000,
      "gross_profit": -91000000,
      "operating_income": -131000000,
      "net_income": -123000000,
      "opex": 40000000,
      "cogs": 1737000000,
      "rd": null,
      "sga": 37000000,
      "fcf": -195000000,
      "ocf": -195000000,
      "capex": null,
      "gross_margin": -0.05528554070473876,
      "op_margin": -0.0795868772782503,
      "fcf_margin": -0.11846901579586877,
      "incr_op_margin_yoy": 1.1705069124423964,
      "rev_growth_yoy": -0.11647879763821793,
      "rev_growth_yoy_accel": -0.0006749829243214711,
      "fcf_margin_change": -0.1688028627398852
    },
    {
      "date": "2025-06-30T00:00:00",
      "quarter_label": "2025-06 (Q2)",
      "revenue": 1761000000,
      "gross_profit": -66000000,
      "operating_income": -103000000,
      "net_income": -114000000,
      "opex": 37000000,
      "cogs": 1827000000,
      "rd": null,
      "sga": 36000000,
      "fcf": 176000000,
      "ocf": 176000000,
      "capex": null,
      "gross_margin": -0.03747870528109029,
      "op_margin": -0.05848949460533787,
      "fcf_margin": 0.09994321408290743,
      "incr_op_margin_yoy": 0.6310679611650486,
      "rev_growth_yoy": -0.10472801220132182,
      "rev_growth_yoy_accel": 0.011750785436896116,
      "op_leverage_ratio": null,
      "fcf_margin_change": 0.2184122298787762
    },
    {
      "date": "2025-09-30T00:00:00",
      "quarter_label": "2025-09 (Q3)",
      "revenue": 1944000000,
      "gross_profit": 560000000,
      "operating_income": 512000000,
      "net_income": 374000000,
      "opex": 48000000,
      "cogs": 1384000000,
      "rd": null,
      "sga": 42000000,
      "fcf": 163000000,
      "ocf": 163000000,
      "capex": null,
      "gross_margin": 0.2880658436213992,
      "op_margin": 0.26337448559670784,
      "fcf_margin": 0.08384773662551441,
      "incr_op_margin_yoy": 5.63063063063063,
      "rev_growth_yoy": 0.060556464811783964,
      "rev_growth_yoy_accel": 0.16528447701310578,
      "op_leverage_ratio": 0.3495431314852098,
      "fcf_margin_change": -0.016095477457393023
    },
    {
      "date": "2025-12-31T00:00:00",
      "quarter_label": "2025-12 (Q4)",
      "revenue": 1810000000,
      "gross_profit": -57000000,
      "operating_income": -95000000,
      "net_income": -110000000,
      "opex": 38000000,
      "cogs": 1867000000,
      "rd": null,
      "sga": 33000000,
      "fcf": 0,
      "ocf": 0,
      "capex": null,
      "gross_margin": -0.03149171270718232,
      "op_margin": -0.052486187845303865,
      "fcf_margin": 0.0,
      "incr_op_margin_yoy": 0.8467153284671532,
      "rev_growth_yoy": -0.07036466358500257,
      "rev_growth_yoy_accel": -0.13092112839678655,
      "fcf_margin_change": -0.08384773662551441
    }
  ],
  "signals": [
    {
      "quarter": "2025-12 (Q4)",
      "signal": "YoY REVENUE GROWTH DECELERATION",
      "detail": "YoY growth: -7.0% vs prior quarter YoY: +6.1% (decel: -13.1%)",
      "severity": "WARNING"
    },
    {
      "quarter": "2025-09 (Q3)",
      "signal": "YoY REVENUE GROWTH ACCELERATION",
      "detail": "YoY growth: +6.1% vs prior quarter YoY: -10.5% (accel: +16.5%)",
      "severity": "HIGH"
    },
    {
      "quarter": "2025-09 (Q3)",
      "signal": "OP MARGIN TURNED POSITIVE (YoY)",
      "detail": "Op margin: -6.2% (year-ago) -> +26.3%",
      "severity": "HIGH"
    },
    {
      "quarter": "2025-09 (Q3)",
      "signal": "OP MARGIN TURNED POSITIVE (QoQ)",
      "detail": "Op margin: -5.8% -> +26.3%",
      "severity": "HIGH"
    },
    {
      "quarter": "2025-06 (Q2)",
      "signal": "FCF TURNED POSITIVE",
      "detail": "FCF margin: -11.8% -> +10.0%",
      "severity": "HIGH"
    },
    {
      "quarter": "2024-12 (Q4)",
      "signal": "GROSS MARGIN INFLECTION",
      "detail": "GM: +2.9% -> -3.9% -> +3.0% (reversal +6.9%)",
      "severity": "HIGH"
    },
    {
      "quarter": "2024-12 (Q4)",
      "signal": "YoY REVENUE GROWTH ACCELERATION",
      "detail": "YoY growth: -11.6% vs prior quarter YoY: -27.3% (accel: +15.7%)",
      "severity": "HIGH"
    },
    {
      "quarter": "2024-12 (Q4)",
      "signal": "INCREMENTAL MARGIN (YoY)",
      "detail": "YoY Incr OPM: +40.0% vs year-ago OPM: +5.6%",
      "severity": "HIGH"
    },
    {
      "quarter": "2024-12 (Q4)",
      "signal": "OP MARGIN TURNED POSITIVE (QoQ)",
      "detail": "Op margin: -6.2% -> +1.1%",
      "severity": "HIGH"
    },
    {
      "quarter": "2024-09 (Q3)",
      "signal": "YoY REVENUE GROWTH DECELERATION",
      "detail": "YoY growth: -27.3% vs prior quarter YoY: -12.0% (decel: -15.3%)",
      "severity": "WARNING"
    },
    {
      "quarter": "2024-06 (Q2)",
      "signal": "YoY REVENUE GROWTH ACCELERATION",
      "detail": "YoY growth: -12.0% vs prior quarter YoY: -18.5% (accel: +6.5%)",
      "severity": "MEDIUM"
    },
    {
      "quarter": "2024-06 (Q2)",
      "signal": "INCREMENTAL MARGIN (YoY)",
      "detail": "YoY Incr OPM: +73.2% vs year-ago OPM: +10.0%",
      "severity": "HIGH"
    },
    {
      "quarter": "2024-03 (Q1)",
      "signal": "FCF TURNED POSITIVE",
      "detail": "FCF margin: -1.6% -> +9.5%",
      "severity": "HIGH"
    },
    {
      "quarter": "2024-03 (Q1)",
      "signal": "INCREMENTAL MARGIN (YoY)",
      "detail": "YoY Incr OPM: +48.9% vs year-ago OPM: +14.4%",
      "severity": "HIGH"
    },
    {
      "quarter": "2023-12 (Q4)",
      "signal": "YoY REVENUE GROWTH DECELERATION",
      "detail": "YoY growth: -17.8% vs prior quarter YoY: -6.6% (decel: -11.3%)",
      "severity": "WARNING"
    },
    {
      "quarter": "2023-12 (Q4)",
      "signal": "INCREMENTAL MARGIN (YoY)",
      "detail": "YoY Incr OPM: +23.8% vs year-ago OPM: +8.8%",
      "severity": "MEDIUM"
    },
    {
      "quarter": "2023-09 (Q3)",
      "signal": "GROSS MARGIN INFLECTION",
      "detail": "GM: +16.2% -> +11.5% -> +19.2% (reversal +7.7%)",
      "severity": "HIGH"
    },
    {
      "quarter": "2023-09 (Q3)",
      "signal": "YoY REVENUE GROWTH ACCELERATION",
      "detail": "YoY growth: -6.6% vs prior quarter YoY: -28.9% (accel: +22.3%)",
      "severity": "HIGH"
    },
    {
      "quarter": "2023-06 (Q2)",
      "signal": "FCF MARGIN EXPANSION",
      "detail": "FCF margin: +10.8% -> +16.4% (+5.6%)",
      "severity": "MEDIUM"
    },
    {
      "quarter": "2023-06 (Q2)",
      "signal": "YoY REVENUE GROWTH DECELERATION",
      "detail": "YoY growth: -28.9% vs prior quarter YoY: -3.7% (decel: -25.2%)",
      "severity": "WARNING"
    },
    {
      "quarter": "2023-03 (Q1)",
      "signal": "FCF MARGIN EXPANSION",
      "detail": "FCF margin: +3.7% -> +10.8% (+7.1%)",
      "severity": "MEDIUM"
    },
    {
      "quarter": "2023-03 (Q1)",
      "signal": "YoY REVENUE GROWTH DECELERATION",
      "detail": "YoY growth: -3.7% vs prior quarter YoY: +26.8% (decel: -30.5%)",
      "severity": "WARNING"
    },
    {
      "quarter": "2022-12 (Q4)",
      "signal": "GROSS MARGIN INFLECTION",
      "detail": "GM: +14.0% -> +5.2% -> +10.7% (reversal +5.6%)",
      "severity": "HIGH"
    },
    {
      "quarter": "2022-12 (Q4)",
      "signal": "YoY REVENUE GROWTH DECELERATION",
      "detail": "YoY growth: +26.8% vs prior quarter YoY: +43.3% (decel: -16.5%)",
      "severity": "WARNING"
    },
    {
      "quarter": "2022-12 (Q4)",
      "signal": "INCREMENTAL MARGIN (YoY)",
      "detail": "YoY Incr OPM: +34.6% vs year-ago OPM: +1.9%",
      "severity": "HIGH"
    },
    {
      "quarter": "2022-09 (Q3)",
      "signal": "YoY REVENUE GROWTH DECELERATION",
      "detail": "YoY growth: +43.3% vs prior quarter YoY: +76.3% (decel: -33.0%)",
      "severity": "WARNING"
    },
    {
      "quarter": "2022-06 (Q2)",
      "signal": "YoY REVENUE GROWTH ACCELERATION",
      "detail": "YoY growth: +76.3% vs prior quarter YoY: +62.2% (accel: +14.1%)",
      "severity": "MEDIUM"
    },
    {
      "quarter": "2022-06 (Q2)",
      "signal": "INCREMENTAL MARGIN (YoY)",
      "detail": "YoY Incr OPM: +29.1% vs year-ago OPM: +0.3%",
      "severity": "HIGH"
    },
    {
      "quarter": "2022-03 (Q1)",
      "signal": "FCF MARGIN EXPANSION",
      "detail": "FCF margin: +0.7% -> +13.6% (+12.9%)",
      "severity": "MEDIUM"
    },
    {
      "quarter": "2022-03 (Q1)",
      "signal": "GROSS MARGIN INFLECTION",
      "detail": "GM: +11.0% -> +3.7% -> +11.0% (reversal +7.3%)",
      "severity": "HIGH"
    },
    {
      "quarter": "2022-03 (Q1)",
      "signal": "OP MARGIN TURNED POSITIVE (YoY)",
      "detail": "Op margin: -9.2% (year-ago) -> +9.3%",
      "severity": "HIGH"
    },
    {
      "quarter": "2021-09 (Q3)",
      "signal": "OPERATING LEVERAGE",
      "detail": "Rev growth +5.6% vs OpEx growth +3.1% (leverage: 1.8x)",
      "severity": "MEDIUM"
    },
    {
      "quarter": "2021-06 (Q2)",
      "signal": "OPERATING LEVERAGE",
      "detail": "Rev growth +21.9% vs OpEx growth +6.7% (leverage: 3.3x)",
      "severity": "MEDIUM"
    },
    {
      "quarter": "2021-06 (Q2)",
      "signal": "OP MARGIN TURNED POSITIVE (QoQ)",
      "detail": "Op margin: -9.2% -> +0.3%",
      "severity": "HIGH"
    }
  ],
  "data_quality": {
    "n_quarters": 20,
    "coverage": {
      "revenue": [
        20,
        20
      ],
      "gross_profit": [
        20,
        20
      ],
      "op_income": [
        20,
        20
      ],
      "fcf": [
        20,
        20
      ]
    },
    "gaps": [],
    "warnings": []
  },
  "market_cap": null,
  "source": "SEC EDGAR",
  "last_updated": "2026-02-24T10:29:53.618768"
}