{
  "ticker": "CVLT",
  "name": "Commvault Systems, Inc",
  "quarters": [
    {
      "date": "2021-03-31T00:00:00",
      "quarter_label": "2021-03 (Q1)",
      "revenue": 191341000,
      "gross_profit": 161730000,
      "operating_income": 10338000,
      "net_income": 6261000,
      "opex": 151392000,
      "cogs": 29611000,
      "rd": 35577000,
      "sga": null,
      "fcf": 62526000,
      "ocf": 64708000,
      "capex": -2182000,
      "gross_margin": 0.8452448769474394,
      "op_margin": 0.05402919395215871,
      "fcf_margin": 0.3267778468806999
    },
    {
      "date": "2021-06-30T00:00:00",
      "quarter_label": "2021-06 (Q2)",
      "revenue": 183421000,
      "gross_profit": 158146000,
      "operating_income": 15494000,
      "net_income": 13897000,
      "opex": 142652000,
      "cogs": 25275000,
      "rd": 36135000,
      "sga": null,
      "fcf": 35769000,
      "ocf": 37211000,
      "capex": -1442000,
      "gross_margin": 0.8622022560121251,
      "op_margin": 0.08447233413840291,
      "fcf_margin": 0.19501038594272194,
      "fcf_margin_change": -0.13176746093797795
    },
    {
      "date": "2021-09-30T00:00:00",
      "quarter_label": "2021-09 (Q3)",
      "revenue": 177840000,
      "gross_profit": 151266000,
      "operating_income": 2266000,
      "net_income": 1731000,
      "opex": 149000000,
      "cogs": 26574000,
      "rd": 37726000,
      "sga": null,
      "fcf": 25508000,
      "ocf": 26059000,
      "capex": -551000,
      "gross_margin": 0.8505735492577597,
      "op_margin": 0.012741790373369321,
      "fcf_margin": 0.1434322986954566,
      "fcf_margin_change": -0.05157808724726534
    },
    {
      "date": "2021-12-31T00:00:00",
      "quarter_label": "2021-12 (Q4)",
      "revenue": 202381000,
      "gross_profit": 172418000,
      "operating_income": 12361000,
      "net_income": 10008000,
      "opex": 160057000,
      "cogs": 29963000,
      "rd": 39257000,
      "sga": null,
      "fcf": 25459000,
      "ocf": 26794000,
      "capex": -1335000,
      "gross_margin": 0.851947564247632,
      "op_margin": 0.06107786798167812,
      "fcf_margin": 0.12579738216532185,
      "op_leverage_ratio": 1.859566717444318,
      "fcf_margin_change": -0.017634916530134742
    },
    {
      "date": "2022-03-31T00:00:00",
      "quarter_label": "2022-03 (Q1)",
      "revenue": 205949000,
      "gross_profit": 173902000,
      "operating_income": 11445000,
      "net_income": 7988000,
      "opex": 162457000,
      "cogs": 32047000,
      "rd": 40497000,
      "sga": null,
      "fcf": 86533000,
      "ocf": 87116000,
      "capex": -583000,
      "gross_margin": 0.8443935148993197,
      "op_margin": 0.055572010546300295,
      "fcf_margin": 0.42016712875517725,
      "incr_op_margin_yoy": 0.07578039430449068,
      "rev_growth_yoy": 0.07634537292059726,
      "op_leverage_ratio": 1.1757596151153846,
      "fcf_margin_change": 0.2943697465898554
    },
    {
      "date": "2022-06-30T00:00:00",
      "quarter_label": "2022-06 (Q2)",
      "revenue": 197981000,
      "gross_profit": 164224000,
      "operating_income": 7449000,
      "net_income": 3511000,
      "opex": 156775000,
      "cogs": 33757000,
      "rd": 40113000,
      "sga": null,
      "fcf": 21566000,
      "ocf": 22433000,
      "capex": -867000,
      "gross_margin": 0.8294937392982155,
      "op_margin": 0.037624822583985335,
      "fcf_margin": 0.10892964476389148,
      "incr_op_margin_yoy": -0.5525412087912088,
      "rev_growth_yoy": 0.07938022363851467,
      "rev_growth_yoy_accel": 0.0030348507179174117,
      "fcf_margin_change": -0.31123748399128576
    },
    {
      "date": "2022-09-30T00:00:00",
      "quarter_label": "2022-09 (Q3)",
      "revenue": 188057000,
      "gross_profit": 155755000,
      "operating_income": 9313000,
      "net_income": 4518000,
      "opex": 146442000,
      "cogs": 32302000,
      "rd": 37053000,
      "sga": null,
      "fcf": 49330000,
      "ocf": 49844000,
      "capex": -514000,
      "gross_margin": 0.828232929377795,
      "op_margin": 0.04952221932711891,
      "fcf_margin": 0.26231408562297603,
      "incr_op_margin_yoy": 0.6897327982773809,
      "rev_growth_yoy": 0.05745051731893837,
      "rev_growth_yoy_accel": -0.021929706319576303,
      "fcf_margin_change": 0.15338444085908454
    },
    {
      "date": "2022-12-31T00:00:00",
      "quarter_label": "2022-12 (Q4)",
      "revenue": 195074000,
      "gross_profit": 160536000,
      "operating_income": 5018000,
      "net_income": -310000,
      "opex": 155518000,
      "cogs": 34538000,
      "rd": 32505000,
      "sga": null,
      "fcf": 29373000,
      "ocf": 30178000,
      "capex": -805000,
      "gross_margin": 0.8229492397756749,
      "op_margin": 0.025723571567712766,
      "fcf_margin": 0.1505736284691963,
      "incr_op_margin_yoy": 1.004926782537293,
      "rev_growth_yoy": -0.03610516797525459,
      "rev_growth_yoy_accel": -0.09355568529419296,
      "op_leverage_ratio": 0.6020507990773022,
      "fcf_margin_change": -0.11174045715377973
    },
    {
      "date": "2023-03-31T00:00:00",
      "quarter_label": "2023-03 (Q1)",
      "revenue": 203478000,
      "gross_profit": 168673000,
      "operating_income": -37665000,
      "net_income": -43493000,
      "opex": 206338000,
      "cogs": 34805000,
      "rd": 32176000,
      "sga": null,
      "fcf": 66778000,
      "ocf": 67833000,
      "capex": -1055000,
      "gross_margin": 0.8289495670293594,
      "op_margin": -0.18510600654616224,
      "fcf_margin": 0.3281828993797855,
      "incr_op_margin_yoy": 19.874544718737354,
      "rev_growth_yoy": -0.0119981160384367,
      "rev_growth_yoy_accel": 0.02410705193681789,
      "op_leverage_ratio": 0.13183558669066733,
      "fcf_margin_change": 0.1776092709105892
    },
    {
      "date": "2023-06-30T00:00:00",
      "quarter_label": "2023-06 (Q2)",
      "revenue": 198150000,
      "gross_profit": 162600000,
      "operating_income": 18480000,
      "net_income": 12629000,
      "opex": 144120000,
      "cogs": 35550000,
      "rd": 31431000,
      "sga": null,
      "fcf": 37890000,
      "ocf": 39037000,
      "capex": -1147000,
      "gross_margin": 0.8205904617713853,
      "op_margin": 0.09326267978803937,
      "fcf_margin": 0.19121877365632098,
      "rev_growth_yoy": 0.0008536172663033321,
      "rev_growth_yoy_accel": 0.012851733304740032,
      "fcf_margin_change": -0.13696412572346453
    },
    {
      "date": "2023-09-30T00:00:00",
      "quarter_label": "2023-09 (Q3)",
      "revenue": 200997000,
      "gross_profit": 163144000,
      "operating_income": 17634000,
      "net_income": 13017000,
      "opex": 145510000,
      "cogs": 37853000,
      "rd": 31261000,
      "sga": null,
      "fcf": 40071000,
      "ocf": 40337000,
      "capex": -266000,
      "gross_margin": 0.8116738060767076,
      "op_margin": 0.0877326527261601,
      "fcf_margin": 0.19936118449529097,
      "incr_op_margin_yoy": 0.6430448222565688,
      "rev_growth_yoy": 0.0688089249536045,
      "rev_growth_yoy_accel": 0.06795530768730117,
      "op_leverage_ratio": 1.4897138095730833,
      "fcf_margin_change": 0.008142410838969993
    },
    {
      "date": "2023-12-31T00:00:00",
      "quarter_label": "2023-12 (Q4)",
      "revenue": 216808000,
      "gross_profit": 177747000,
      "operating_income": 21051000,
      "net_income": 17140000,
      "opex": 156696000,
      "cogs": 39061000,
      "rd": 34392000,
      "sga": null,
      "fcf": 42625000,
      "ocf": 44439000,
      "capex": -1814000,
      "gross_margin": 0.8198359839120327,
      "op_margin": 0.09709512564112026,
      "fcf_margin": 0.1966025238921073,
      "incr_op_margin_yoy": 0.737692095334499,
      "rev_growth_yoy": 0.11141413002245301,
      "rev_growth_yoy_accel": 0.04260520506884852,
      "op_leverage_ratio": 1.023264220957045,
      "fcf_margin_change": -0.002758660603183666
    },
    {
      "date": "2024-03-31T00:00:00",
      "quarter_label": "2024-03 (Q1)",
      "revenue": 223292000,
      "gross_profit": 184146000,
      "operating_income": 18190000,
      "net_income": 126120000,
      "opex": 165956000,
      "cogs": 39146000,
      "rd": 35244000,
      "sga": null,
      "fcf": 79126000,
      "ocf": 79985000,
      "capex": -859000,
      "gross_margin": 0.8246869569890547,
      "op_margin": 0.0814628378983573,
      "fcf_margin": 0.35436110563746126,
      "incr_op_margin_yoy": 2.8189663874028463,
      "rev_growth_yoy": 0.09737662056831697,
      "rev_growth_yoy_accel": -0.014037509454136038,
      "op_leverage_ratio": 0.5060747003270623,
      "fcf_margin_change": 0.15775858174535395
    },
    {
      "date": "2024-06-30T00:00:00",
      "quarter_label": "2024-06 (Q2)",
      "revenue": 224672000,
      "gross_profit": 184884000,
      "operating_income": 18428000,
      "net_income": 18527000,
      "opex": 166456000,
      "cogs": 39788000,
      "rd": 33104000,
      "sga": null,
      "fcf": 43829000,
      "ocf": 44692000,
      "capex": -863000,
      "gross_margin": 0.8229062811565304,
      "op_margin": 0.08202179176755447,
      "fcf_margin": 0.19507993875516308,
      "incr_op_margin_yoy": -0.0019606364527562023,
      "rev_growth_yoy": 0.13384809487761798,
      "rev_growth_yoy_accel": 0.036471474309301005,
      "fcf_margin_change": -0.15928116688229818
    },
    {
      "date": "2024-09-30T00:00:00",
      "quarter_label": "2024-09 (Q3)",
      "revenue": 233278000,
      "gross_profit": 190416000,
      "operating_income": 14968000,
      "net_income": 15565000,
      "opex": 175448000,
      "cogs": 42862000,
      "rd": 33839000,
      "sga": null,
      "fcf": 53741000,
      "ocf": 55589000,
      "capex": -1848000,
      "gross_margin": 0.816262142165142,
      "op_margin": 0.06416378741244352,
      "fcf_margin": 0.23037320278808976,
      "incr_op_margin_yoy": -0.0825872804436046,
      "rev_growth_yoy": 0.16060438713015618,
      "rev_growth_yoy_accel": 0.0267562922525382,
      "op_leverage_ratio": 0.7090805066371805,
      "fcf_margin_change": 0.03529326403292668
    },
    {
      "date": "2024-12-31T00:00:00",
      "quarter_label": "2024-12 (Q4)",
      "revenue": 262630000,
      "gross_profit": 214011000,
      "operating_income": 13615000,
      "net_income": 11021000,
      "opex": 200396000,
      "cogs": 48619000,
      "rd": 40010000,
      "sga": null,
      "fcf": 29884000,
      "ocf": 30146000,
      "capex": -262000,
      "gross_margin": 0.8148764421429388,
      "op_margin": 0.051840993032022234,
      "fcf_margin": 0.11378745764002589,
      "incr_op_margin_yoy": -0.16228012744969667,
      "rev_growth_yoy": 0.21134828973100622,
      "rev_growth_yoy_accel": 0.050743902600850044,
      "op_leverage_ratio": 0.8848641537879273,
      "fcf_margin_change": -0.11658574514806387
    },
    {
      "date": "2025-03-31T00:00:00",
      "quarter_label": "2025-03 (Q1)",
      "revenue": 275039000,
      "gross_profit": 227273000,
      "operating_income": 26727000,
      "net_income": 30993000,
      "opex": 200546000,
      "cogs": 47766000,
      "rd": 39333000,
      "sga": null,
      "fcf": 76172000,
      "ocf": 76955000,
      "capex": -783000,
      "gross_margin": 0.8263300840971644,
      "op_margin": 0.097175309683354,
      "fcf_margin": 0.27694981438995925,
      "incr_op_margin_yoy": 0.16497574738632192,
      "rev_growth_yoy": 0.23174587535603605,
      "rev_growth_yoy_accel": 0.02039758562502983,
      "op_leverage_ratio": Infinity,
      "fcf_margin_change": 0.16316235674993335
    },
    {
      "date": "2025-06-30T00:00:00",
      "quarter_label": "2025-06 (Q2)",
      "revenue": 281978000,
      "gross_profit": 231201000,
      "operating_income": 25091000,
      "net_income": 23496000,
      "opex": 206110000,
      "cogs": 50777000,
      "rd": 40062000,
      "sga": null,
      "fcf": 29802000,
      "ocf": 31681000,
      "capex": -1879000,
      "gross_margin": 0.8199256679599117,
      "op_margin": 0.0889821191724177,
      "fcf_margin": 0.10568909631247828,
      "incr_op_margin_yoy": 0.11627054758664014,
      "rev_growth_yoy": 0.2550651616578835,
      "rev_growth_yoy_accel": 0.02331928630184746,
      "op_leverage_ratio": 0.9093466893704943,
      "fcf_margin_change": -0.17126071807748097
    },
    {
      "date": "2025-09-30T00:00:00",
      "quarter_label": "2025-09 (Q3)",
      "revenue": 276188000,
      "gross_profit": 221144000,
      "operating_income": 12491000,
      "net_income": 14730000,
      "opex": 208653000,
      "cogs": 55044000,
      "rd": 39859000,
      "sga": null,
      "fcf": 73582000,
      "ocf": 76769000,
      "capex": -3187000,
      "gross_margin": 0.8007009718018162,
      "op_margin": 0.04522643996118586,
      "fcf_margin": 0.2664199747997741,
      "incr_op_margin_yoy": -0.05772547191796784,
      "rev_growth_yoy": 0.18394362091581717,
      "rev_growth_yoy_accel": -0.07112154074206634,
      "fcf_margin_change": 0.1607308784872958
    },
    {
      "date": "2025-12-31T00:00:00",
      "quarter_label": "2025-12 (Q4)",
      "revenue": 313832000,
      "gross_profit": 254537000,
      "operating_income": 19770000,
      "net_income": 17782000,
      "opex": 234767000,
      "cogs": 59295000,
      "rd": 42230000,
      "sga": null,
      "fcf": 1926000,
      "ocf": 4045000,
      "capex": -2119000,
      "gross_margin": 0.8110613321777257,
      "op_margin": 0.0629954880318132,
      "fcf_margin": 0.0061370414744194345,
      "incr_op_margin_yoy": 0.12021014804109215,
      "rev_growth_yoy": 0.1949586871263755,
      "rev_growth_yoy_accel": 0.011015066210558339,
      "op_leverage_ratio": 1.0890358917289074,
      "fcf_margin_change": -0.2602829333253546
    }
  ],
  "signals": [
    {
      "quarter": "2025-09 (Q3)",
      "signal": "FCF MARGIN EXPANSION",
      "detail": "FCF margin: +10.6% -> +26.6% (+16.1%)",
      "severity": "MEDIUM"
    },
    {
      "quarter": "2025-09 (Q3)",
      "signal": "YoY REVENUE GROWTH DECELERATION",
      "detail": "YoY growth: +18.4% vs prior quarter YoY: +25.5% (decel: -7.1%)",
      "severity": "WARNING"
    },
    {
      "quarter": "2025-03 (Q1)",
      "signal": "FCF MARGIN EXPANSION",
      "detail": "FCF margin: +11.4% -> +27.7% (+16.3%)",
      "severity": "MEDIUM"
    },
    {
      "quarter": "2025-03 (Q1)",
      "signal": "OPERATING LEVERAGE",
      "detail": "Rev growth +4.7% vs OpEx growth +0.1% (leverage: 63.1x)",
      "severity": "MEDIUM"
    },
    {
      "quarter": "2024-12 (Q4)",
      "signal": "YoY REVENUE GROWTH ACCELERATION",
      "detail": "YoY growth: +21.1% vs prior quarter YoY: +16.1% (accel: +5.1%)",
      "severity": "MEDIUM"
    },
    {
      "quarter": "2024-03 (Q1)",
      "signal": "FCF MARGIN EXPANSION",
      "detail": "FCF margin: +19.7% -> +35.4% (+15.8%)",
      "severity": "MEDIUM"
    },
    {
      "quarter": "2024-03 (Q1)",
      "signal": "OP MARGIN TURNED POSITIVE (YoY)",
      "detail": "Op margin: -18.5% (year-ago) -> +8.1%",
      "severity": "HIGH"
    },
    {
      "quarter": "2023-12 (Q4)",
      "signal": "INCREMENTAL MARGIN (YoY)",
      "detail": "YoY Incr OPM: +73.8% vs year-ago OPM: +2.6%",
      "severity": "HIGH"
    },
    {
      "quarter": "2023-09 (Q3)",
      "signal": "YoY REVENUE GROWTH ACCELERATION",
      "detail": "YoY growth: +6.9% vs prior quarter YoY: +0.1% (accel: +6.8%)",
      "severity": "MEDIUM"
    },
    {
      "quarter": "2023-09 (Q3)",
      "signal": "INCREMENTAL MARGIN (YoY)",
      "detail": "YoY Incr OPM: +64.3% vs year-ago OPM: +5.0%",
      "severity": "HIGH"
    },
    {
      "quarter": "2023-06 (Q2)",
      "signal": "OP MARGIN TURNED POSITIVE (QoQ)",
      "detail": "Op margin: -18.5% -> +9.3%",
      "severity": "HIGH"
    },
    {
      "quarter": "2023-03 (Q1)",
      "signal": "FCF MARGIN EXPANSION",
      "detail": "FCF margin: +15.1% -> +32.8% (+17.8%)",
      "severity": "MEDIUM"
    },
    {
      "quarter": "2022-12 (Q4)",
      "signal": "YoY REVENUE GROWTH DECELERATION",
      "detail": "YoY growth: -3.6% vs prior quarter YoY: +5.7% (decel: -9.4%)",
      "severity": "WARNING"
    },
    {
      "quarter": "2022-12 (Q4)",
      "signal": "INCREMENTAL MARGIN (YoY)",
      "detail": "YoY Incr OPM: +100.5% vs year-ago OPM: +6.1%",
      "severity": "HIGH"
    },
    {
      "quarter": "2022-09 (Q3)",
      "signal": "FCF MARGIN EXPANSION",
      "detail": "FCF margin: +10.9% -> +26.2% (+15.3%)",
      "severity": "MEDIUM"
    },
    {
      "quarter": "2022-09 (Q3)",
      "signal": "INCREMENTAL MARGIN (YoY)",
      "detail": "YoY Incr OPM: +69.0% vs year-ago OPM: +1.3%",
      "severity": "HIGH"
    },
    {
      "quarter": "2022-03 (Q1)",
      "signal": "FCF MARGIN EXPANSION",
      "detail": "FCF margin: +12.6% -> +42.0% (+29.4%)",
      "severity": "MEDIUM"
    },
    {
      "quarter": "2021-12 (Q4)",
      "signal": "OPERATING LEVERAGE",
      "detail": "Rev growth +13.8% vs OpEx growth +7.4% (leverage: 1.9x)",
      "severity": "MEDIUM"
    }
  ],
  "data_quality": {
    "n_quarters": 20,
    "coverage": {
      "revenue": [
        20,
        20
      ],
      "gross_profit": [
        20,
        20
      ],
      "op_income": [
        20,
        20
      ],
      "fcf": [
        20,
        20
      ]
    },
    "gaps": [],
    "warnings": []
  },
  "market_cap": null,
  "source": "SEC EDGAR",
  "last_updated": "2026-02-02T21:13:21.289731"
}