{
  "ticker": "CVNA",
  "name": "CARVANA CO.",
  "quarters": [
    {
      "date": "2020-12-31T00:00:00",
      "quarter_label": "2020-12 (Q4)",
      "revenue": 1826406000,
      "gross_profit": 243864000,
      "operating_income": null,
      "net_income": -63338000,
      "opex": null,
      "cogs": 1582542000,
      "rd": null,
      "sga": 342674000,
      "fcf": -251000000,
      "ocf": -161000000,
      "capex": -90000000,
      "gross_margin": 0.1335212433599101,
      "op_margin": null,
      "fcf_margin": -0.13742837025283536
    },
    {
      "date": "2021-03-31T00:00:00",
      "quarter_label": "2021-03 (Q1)",
      "revenue": 2245000000,
      "gross_profit": 338000000,
      "operating_income": null,
      "net_income": -36000000,
      "opex": null,
      "cogs": 1907000000,
      "rd": null,
      "sga": 397000000,
      "fcf": -614000000,
      "ocf": -532000000,
      "capex": -82000000,
      "gross_margin": 0.15055679287305124,
      "op_margin": null,
      "fcf_margin": -0.2734966592427617,
      "fcf_margin_change": -0.13606828898992632
    },
    {
      "date": "2021-06-30T00:00:00",
      "quarter_label": "2021-06 (Q2)",
      "revenue": 3336000000,
      "gross_profit": 552000000,
      "operating_income": null,
      "net_income": 22000000,
      "opex": null,
      "cogs": 2784000000,
      "rd": null,
      "sga": 470000000,
      "fcf": -719000000,
      "ocf": -607000000,
      "capex": -112000000,
      "gross_margin": 0.16546762589928057,
      "op_margin": null,
      "fcf_margin": -0.21552757793764987,
      "fcf_margin_change": 0.0579690813051118
    },
    {
      "date": "2021-09-30T00:00:00",
      "quarter_label": "2021-09 (Q3)",
      "revenue": 3480000000,
      "gross_profit": 523000000,
      "operating_income": null,
      "net_income": -32000000,
      "opex": null,
      "cogs": 2957000000,
      "rd": null,
      "sga": 546000000,
      "fcf": -479000000,
      "ocf": -283000000,
      "capex": -196000000,
      "gross_margin": 0.1502873563218391,
      "op_margin": null,
      "fcf_margin": -0.13764367816091955,
      "fcf_margin_change": 0.07788389977673033
    },
    {
      "date": "2021-12-31T00:00:00",
      "quarter_label": "2021-12 (Q4)",
      "revenue": 3753000000,
      "gross_profit": 516000000,
      "operating_income": null,
      "net_income": -89000000,
      "opex": null,
      "cogs": 3237000000,
      "rd": null,
      "sga": 620000000,
      "fcf": -1339000000,
      "ocf": -1172000000,
      "capex": -167000000,
      "gross_margin": 0.1374900079936051,
      "op_margin": null,
      "fcf_margin": -0.35678124167332803,
      "rev_growth_yoy": 1.0548552731429923,
      "fcf_margin_change": -0.21913756351240848
    },
    {
      "date": "2022-03-31T00:00:00",
      "quarter_label": "2022-03 (Q1)",
      "revenue": 3497000000,
      "gross_profit": 298000000,
      "operating_income": null,
      "net_income": -260000000,
      "opex": null,
      "cogs": 3199000000,
      "rd": null,
      "sga": 727000000,
      "fcf": -813000000,
      "ocf": -593000000,
      "capex": -220000000,
      "gross_margin": 0.0852158993422934,
      "op_margin": null,
      "fcf_margin": -0.23248498713182728,
      "rev_growth_yoy": 0.5576837416481069,
      "rev_growth_yoy_accel": -0.49717153149488547,
      "fcf_margin_change": 0.12429625454150076
    },
    {
      "date": "2022-06-30T00:00:00",
      "quarter_label": "2022-06 (Q2)",
      "revenue": 3884000000,
      "gross_profit": 396000000,
      "operating_income": null,
      "net_income": -238000000,
      "opex": null,
      "cogs": 3488000000,
      "rd": null,
      "sga": 721000000,
      "fcf": -35000000,
      "ocf": 106000000,
      "capex": -141000000,
      "gross_margin": 0.101956745623069,
      "op_margin": null,
      "fcf_margin": -0.009011328527291453,
      "rev_growth_yoy": 0.1642685851318945,
      "rev_growth_yoy_accel": -0.3934151565162124,
      "fcf_margin_change": 0.22347365860453583
    },
    {
      "date": "2022-09-30T00:00:00",
      "quarter_label": "2022-09 (Q3)",
      "revenue": 3386000000,
      "gross_profit": 359000000,
      "operating_income": null,
      "net_income": -283000000,
      "opex": null,
      "cogs": 3027000000,
      "rd": null,
      "sga": 656000000,
      "fcf": -188000000,
      "ocf": -98000000,
      "capex": -90000000,
      "gross_margin": 0.10602480803307737,
      "op_margin": null,
      "fcf_margin": -0.055522740696987594,
      "rev_growth_yoy": -0.027011494252873563,
      "rev_growth_yoy_accel": -0.19128007938476804,
      "fcf_margin_change": -0.04651141216969614
    },
    {
      "date": "2022-12-31T00:00:00",
      "quarter_label": "2022-12 (Q4)",
      "revenue": 2837000000,
      "gross_profit": 193000000,
      "operating_income": null,
      "net_income": -806000000,
      "opex": null,
      "cogs": 2644000000,
      "rd": null,
      "sga": 632000000,
      "fcf": -800000000,
      "ocf": -739000000,
      "capex": -61000000,
      "gross_margin": 0.06802960874162849,
      "op_margin": null,
      "fcf_margin": -0.28198801550934083,
      "rev_growth_yoy": -0.24407140953903544,
      "rev_growth_yoy_accel": -0.2170599152861619,
      "fcf_margin_change": -0.22646527481235323
    },
    {
      "date": "2023-03-31T00:00:00",
      "quarter_label": "2023-03 (Q1)",
      "revenue": 2606000000,
      "gross_profit": 341000000,
      "operating_income": -132000000,
      "net_income": -160000000,
      "opex": 473000000,
      "cogs": 2265000000,
      "rd": null,
      "sga": 472000000,
      "fcf": -98000000,
      "ocf": -66000000,
      "capex": -32000000,
      "gross_margin": 0.1308518802762855,
      "op_margin": -0.05065234075211052,
      "fcf_margin": -0.03760552570990023,
      "rev_growth_yoy": -0.2547898198455819,
      "rev_growth_yoy_accel": -0.010718410306546466,
      "fcf_margin_change": 0.2443824897994406
    },
    {
      "date": "2023-06-30T00:00:00",
      "quarter_label": "2023-06 (Q2)",
      "revenue": 2968000000,
      "gross_profit": 499000000,
      "operating_income": 42000000,
      "net_income": -58000000,
      "opex": 457000000,
      "cogs": 2469000000,
      "rd": null,
      "sga": 452000000,
      "fcf": 491000000,
      "ocf": 509000000,
      "capex": -18000000,
      "gross_margin": 0.1681266846361186,
      "op_margin": 0.014150943396226415,
      "fcf_margin": 0.1654312668463612,
      "rev_growth_yoy": -0.23583934088568487,
      "rev_growth_yoy_accel": 0.018950478959897044,
      "op_leverage_ratio": Infinity,
      "fcf_margin_change": 0.20303679255626142
    },
    {
      "date": "2023-09-30T00:00:00",
      "quarter_label": "2023-09 (Q3)",
      "revenue": 2773000000,
      "gross_profit": 482000000,
      "operating_income": 48000000,
      "net_income": 782000000,
      "opex": 434000000,
      "cogs": 2291000000,
      "rd": null,
      "sga": 433000000,
      "fcf": 580000000,
      "ocf": 599000000,
      "capex": -19000000,
      "gross_margin": 0.1738189686260368,
      "op_margin": 0.01730977280923188,
      "fcf_margin": 0.20915975477821855,
      "rev_growth_yoy": -0.18103957471943297,
      "rev_growth_yoy_accel": 0.0547997661662519,
      "fcf_margin_change": 0.04372848793185735
    },
    {
      "date": "2023-12-31T00:00:00",
      "quarter_label": "2023-12 (Q4)",
      "revenue": 2424000000,
      "gross_profit": 402000000,
      "operating_income": -38000000,
      "net_income": -114000000,
      "opex": 440000000,
      "cogs": 2022000000,
      "rd": null,
      "sga": 439000000,
      "fcf": -257000000,
      "ocf": -239000000,
      "capex": -18000000,
      "gross_margin": 0.16584158415841585,
      "op_margin": -0.015676567656765675,
      "fcf_margin": -0.10602310231023103,
      "rev_growth_yoy": -0.1455763130066972,
      "rev_growth_yoy_accel": 0.035463261712735755,
      "fcf_margin_change": -0.31518285708844956
    },
    {
      "date": "2024-03-31T00:00:00",
      "quarter_label": "2024-03 (Q1)",
      "revenue": 3061000000,
      "gross_profit": 591000000,
      "operating_income": 134000000,
      "net_income": 28000000,
      "opex": 457000000,
      "cogs": 2470000000,
      "rd": null,
      "sga": 456000000,
      "fcf": 83000000,
      "ocf": 101000000,
      "capex": -18000000,
      "gross_margin": 0.19307415877164325,
      "op_margin": 0.0437765436131983,
      "fcf_margin": 0.02711532179026462,
      "incr_op_margin_yoy": 0.5846153846153846,
      "rev_growth_yoy": 0.17459708365310822,
      "rev_growth_yoy_accel": 0.32017339665980543,
      "op_leverage_ratio": 6.801591923898272,
      "fcf_margin_change": 0.13313842410049564
    },
    {
      "date": "2024-06-30T00:00:00",
      "quarter_label": "2024-06 (Q2)",
      "revenue": 3410000000,
      "gross_profit": 715000000,
      "operating_income": 259000000,
      "net_income": 18000000,
      "opex": 456000000,
      "cogs": 2695000000,
      "rd": null,
      "sga": 455000000,
      "fcf": 332000000,
      "ocf": 354000000,
      "capex": -22000000,
      "gross_margin": 0.20967741935483872,
      "op_margin": 0.07595307917888564,
      "fcf_margin": 0.09736070381231672,
      "incr_op_margin_yoy": 0.49095022624434387,
      "rev_growth_yoy": 0.14892183288409702,
      "rev_growth_yoy_accel": -0.0256752507690112,
      "op_leverage_ratio": Infinity,
      "fcf_margin_change": 0.0702453820220521
    },
    {
      "date": "2024-09-30T00:00:00",
      "quarter_label": "2024-09 (Q3)",
      "revenue": 3655000000,
      "gross_profit": 807000000,
      "operating_income": 337000000,
      "net_income": 85000000,
      "opex": 470000000,
      "cogs": 2848000000,
      "rd": null,
      "sga": 469000000,
      "fcf": 376000000,
      "ocf": 403000000,
      "capex": -27000000,
      "gross_margin": 0.2207934336525308,
      "op_margin": 0.09220246238030096,
      "fcf_margin": 0.10287277701778386,
      "incr_op_margin_yoy": 0.3276643990929705,
      "rev_growth_yoy": 0.3180670753696358,
      "rev_growth_yoy_accel": 0.16914524248553878,
      "op_leverage_ratio": 2.340175953079179,
      "fcf_margin_change": 0.005512073205467136
    },
    {
      "date": "2024-12-31T00:00:00",
      "quarter_label": "2024-12 (Q4)",
      "revenue": 3547000000,
      "gross_profit": 763000000,
      "operating_income": 260000000,
      "net_income": 79000000,
      "opex": 503000000,
      "cogs": 2784000000,
      "rd": null,
      "sga": 494000000,
      "fcf": 36000000,
      "ocf": 60000000,
      "capex": -24000000,
      "gross_margin": 0.21511136171412462,
      "op_margin": 0.07330138144911193,
      "fcf_margin": 0.010149422046800112,
      "incr_op_margin_yoy": 0.2653606411398041,
      "rev_growth_yoy": 0.46328382838283827,
      "rev_growth_yoy_accel": 0.14521675301320247,
      "fcf_margin_change": -0.09272335497098375
    },
    {
      "date": "2025-03-31T00:00:00",
      "quarter_label": "2025-03 (Q1)",
      "revenue": 4232000000,
      "gross_profit": 929000000,
      "operating_income": 394000000,
      "net_income": 216000000,
      "opex": 535000000,
      "cogs": 3303000000,
      "rd": null,
      "sga": 535000000,
      "fcf": 205000000,
      "ocf": 232000000,
      "capex": -27000000,
      "gross_margin": 0.21951795841209829,
      "op_margin": 0.09310018903591682,
      "fcf_margin": 0.048440453686200376,
      "incr_op_margin_yoy": 0.2220324508966695,
      "rev_growth_yoy": 0.3825547206795165,
      "rev_growth_yoy_accel": -0.08072910770332176,
      "op_leverage_ratio": 3.035619890047928,
      "fcf_margin_change": 0.038291031639400265
    },
    {
      "date": "2025-06-30T00:00:00",
      "quarter_label": "2025-06 (Q2)",
      "revenue": 4840000000,
      "gross_profit": 1064000000,
      "operating_income": 511000000,
      "net_income": 183000000,
      "opex": 553000000,
      "cogs": 3776000000,
      "rd": null,
      "sga": 551000000,
      "fcf": -2000000,
      "ocf": 29000000,
      "capex": -31000000,
      "gross_margin": 0.21983471074380165,
      "op_margin": 0.10557851239669422,
      "fcf_margin": -0.00041322314049586776,
      "incr_op_margin_yoy": 0.17622377622377622,
      "rev_growth_yoy": 0.41935483870967744,
      "rev_growth_yoy_accel": 0.03680011803016092,
      "op_leverage_ratio": 4.270111321151019,
      "fcf_margin_change": -0.048853676826696245
    },
    {
      "date": "2025-09-30T00:00:00",
      "quarter_label": "2025-09 (Q3)",
      "revenue": 5647000000,
      "gross_profit": 1148000000,
      "operating_income": 552000000,
      "net_income": 151000000,
      "opex": 596000000,
      "cogs": 4499000000,
      "rd": null,
      "sga": 595000000,
      "fcf": 307000000,
      "ocf": 345000000,
      "capex": -38000000,
      "gross_margin": 0.20329378431025324,
      "op_margin": 0.09775101823977334,
      "fcf_margin": 0.054365149636975384,
      "incr_op_margin_yoy": 0.10793172690763052,
      "rev_growth_yoy": 0.5450068399452804,
      "rev_growth_yoy_accel": 0.125652001235603,
      "op_leverage_ratio": 2.1442965596771093,
      "fcf_margin_change": 0.05477837277747125
    }
  ],
  "signals": [
    {
      "quarter": "2025-09 (Q3)",
      "signal": "FCF TURNED POSITIVE",
      "detail": "FCF margin: -0.0% -> +5.4%",
      "severity": "HIGH"
    },
    {
      "quarter": "2025-09 (Q3)",
      "signal": "OPERATING LEVERAGE",
      "detail": "Rev growth +16.7% vs OpEx growth +7.8% (leverage: 2.1x)",
      "severity": "MEDIUM"
    },
    {
      "quarter": "2025-09 (Q3)",
      "signal": "YoY REVENUE GROWTH ACCELERATION",
      "detail": "YoY growth: +54.5% vs prior quarter YoY: +41.9% (accel: +12.6%)",
      "severity": "MEDIUM"
    },
    {
      "quarter": "2025-06 (Q2)",
      "signal": "OPERATING LEVERAGE",
      "detail": "Rev growth +14.4% vs OpEx growth +3.4% (leverage: 4.3x)",
      "severity": "MEDIUM"
    },
    {
      "quarter": "2025-06 (Q2)",
      "signal": "INCREMENTAL MARGIN (YoY)",
      "detail": "YoY Incr OPM: +17.6% vs year-ago OPM: +7.6%",
      "severity": "MEDIUM"
    },
    {
      "quarter": "2025-03 (Q1)",
      "signal": "OPERATING LEVERAGE",
      "detail": "Rev growth +19.3% vs OpEx growth +6.4% (leverage: 3.0x)",
      "severity": "MEDIUM"
    },
    {
      "quarter": "2025-03 (Q1)",
      "signal": "YoY REVENUE GROWTH DECELERATION",
      "detail": "YoY growth: +38.3% vs prior quarter YoY: +46.3% (decel: -8.1%)",
      "severity": "WARNING"
    },
    {
      "quarter": "2025-03 (Q1)",
      "signal": "INCREMENTAL MARGIN (YoY)",
      "detail": "YoY Incr OPM: +22.2% vs year-ago OPM: +4.4%",
      "severity": "MEDIUM"
    },
    {
      "quarter": "2024-12 (Q4)",
      "signal": "YoY REVENUE GROWTH ACCELERATION",
      "detail": "YoY growth: +46.3% vs prior quarter YoY: +31.8% (accel: +14.5%)",
      "severity": "MEDIUM"
    },
    {
      "quarter": "2024-12 (Q4)",
      "signal": "OP MARGIN TURNED POSITIVE (YoY)",
      "detail": "Op margin: -1.6% (year-ago) -> +7.3%",
      "severity": "HIGH"
    },
    {
      "quarter": "2024-09 (Q3)",
      "signal": "OPERATING LEVERAGE",
      "detail": "Rev growth +7.2% vs OpEx growth +3.1% (leverage: 2.3x)",
      "severity": "MEDIUM"
    },
    {
      "quarter": "2024-09 (Q3)",
      "signal": "YoY REVENUE GROWTH ACCELERATION",
      "detail": "YoY growth: +31.8% vs prior quarter YoY: +14.9% (accel: +16.9%)",
      "severity": "HIGH"
    },
    {
      "quarter": "2024-09 (Q3)",
      "signal": "INCREMENTAL MARGIN (YoY)",
      "detail": "YoY Incr OPM: +32.8% vs year-ago OPM: +1.7%",
      "severity": "HIGH"
    },
    {
      "quarter": "2024-06 (Q2)",
      "signal": "FCF MARGIN EXPANSION",
      "detail": "FCF margin: +2.7% -> +9.7% (+7.0%)",
      "severity": "MEDIUM"
    },
    {
      "quarter": "2024-06 (Q2)",
      "signal": "INCREMENTAL MARGIN (YoY)",
      "detail": "YoY Incr OPM: +49.1% vs year-ago OPM: +1.4%",
      "severity": "HIGH"
    },
    {
      "quarter": "2024-03 (Q1)",
      "signal": "FCF TURNED POSITIVE",
      "detail": "FCF margin: -10.6% -> +2.7%",
      "severity": "HIGH"
    },
    {
      "quarter": "2024-03 (Q1)",
      "signal": "OPERATING LEVERAGE",
      "detail": "Rev growth +26.3% vs OpEx growth +3.9% (leverage: 6.8x)",
      "severity": "MEDIUM"
    },
    {
      "quarter": "2024-03 (Q1)",
      "signal": "GROSS MARGIN INFLECTION",
      "detail": "GM: +17.4% -> +16.6% -> +19.3% (reversal +2.7%)",
      "severity": "MEDIUM"
    },
    {
      "quarter": "2024-03 (Q1)",
      "signal": "YoY REVENUE GROWTH ACCELERATION",
      "detail": "YoY growth: +17.5% vs prior quarter YoY: -14.6% (accel: +32.0%)",
      "severity": "HIGH"
    },
    {
      "quarter": "2024-03 (Q1)",
      "signal": "OP MARGIN TURNED POSITIVE (YoY)",
      "detail": "Op margin: -5.1% (year-ago) -> +4.4%",
      "severity": "HIGH"
    },
    {
      "quarter": "2024-03 (Q1)",
      "signal": "OP MARGIN TURNED POSITIVE (QoQ)",
      "detail": "Op margin: -1.6% -> +4.4%",
      "severity": "HIGH"
    },
    {
      "quarter": "2023-09 (Q3)",
      "signal": "YoY REVENUE GROWTH ACCELERATION",
      "detail": "YoY growth: -18.1% vs prior quarter YoY: -23.6% (accel: +5.5%)",
      "severity": "MEDIUM"
    },
    {
      "quarter": "2023-06 (Q2)",
      "signal": "FCF TURNED POSITIVE",
      "detail": "FCF margin: -3.8% -> +16.5%",
      "severity": "HIGH"
    },
    {
      "quarter": "2023-06 (Q2)",
      "signal": "OP MARGIN TURNED POSITIVE (QoQ)",
      "detail": "Op margin: -5.1% -> +1.4%",
      "severity": "HIGH"
    },
    {
      "quarter": "2023-03 (Q1)",
      "signal": "FCF MARGIN EXPANSION",
      "detail": "FCF margin: -28.2% -> -3.8% (+24.4%)",
      "severity": "MEDIUM"
    },
    {
      "quarter": "2023-03 (Q1)",
      "signal": "GROSS MARGIN INFLECTION",
      "detail": "GM: +10.6% -> +6.8% -> +13.1% (reversal +6.3%)",
      "severity": "HIGH"
    },
    {
      "quarter": "2022-12 (Q4)",
      "signal": "YoY REVENUE GROWTH DECELERATION",
      "detail": "YoY growth: -24.4% vs prior quarter YoY: -2.7% (decel: -21.7%)",
      "severity": "WARNING"
    },
    {
      "quarter": "2022-09 (Q3)",
      "signal": "YoY REVENUE GROWTH DECELERATION",
      "detail": "YoY growth: -2.7% vs prior quarter YoY: +16.4% (decel: -19.1%)",
      "severity": "WARNING"
    },
    {
      "quarter": "2022-06 (Q2)",
      "signal": "FCF MARGIN EXPANSION",
      "detail": "FCF margin: -23.2% -> -0.9% (+22.3%)",
      "severity": "MEDIUM"
    },
    {
      "quarter": "2022-06 (Q2)",
      "signal": "YoY REVENUE GROWTH DECELERATION",
      "detail": "YoY growth: +16.4% vs prior quarter YoY: +55.8% (decel: -39.3%)",
      "severity": "WARNING"
    },
    {
      "quarter": "2022-03 (Q1)",
      "signal": "FCF MARGIN EXPANSION",
      "detail": "FCF margin: -35.7% -> -23.2% (+12.4%)",
      "severity": "MEDIUM"
    },
    {
      "quarter": "2022-03 (Q1)",
      "signal": "YoY REVENUE GROWTH DECELERATION",
      "detail": "YoY growth: +55.8% vs prior quarter YoY: +105.5% (decel: -49.7%)",
      "severity": "WARNING"
    },
    {
      "quarter": "2021-09 (Q3)",
      "signal": "FCF MARGIN EXPANSION",
      "detail": "FCF margin: -21.6% -> -13.8% (+7.8%)",
      "severity": "MEDIUM"
    },
    {
      "quarter": "2021-06 (Q2)",
      "signal": "FCF MARGIN EXPANSION",
      "detail": "FCF margin: -27.3% -> -21.6% (+5.8%)",
      "severity": "MEDIUM"
    }
  ],
  "data_quality": {
    "n_quarters": 20,
    "coverage": {
      "revenue": [
        20,
        20
      ],
      "gross_profit": [
        20,
        20
      ],
      "op_income": [
        11,
        20
      ],
      "fcf": [
        20,
        20
      ]
    },
    "gaps": [],
    "warnings": [
      "op_income: 11/20Q"
    ]
  },
  "market_cap": null,
  "source": "SEC EDGAR",
  "last_updated": "2026-02-02T19:50:01.979499",
  "sector": "Consumer Cyclical",
  "industry": "Auto & Truck Dealerships"
}