{
  "ticker": "CVR",
  "name": "Chicago Rivet & Machine Co.",
  "quarters": [
    {
      "date": "2020-12-31T00:00:00",
      "quarter_label": "2020-12 (Q4)",
      "revenue": 8265419,
      "gross_profit": 1894132,
      "operating_income": 654668,
      "net_income": 464263,
      "opex": 1239464,
      "cogs": 6371287,
      "rd": null,
      "sga": 1239464,
      "fcf": 371992,
      "ocf": 371992,
      "capex": null,
      "gross_margin": 0.2291634580170709,
      "op_margin": 0.07920566398388273,
      "fcf_margin": 0.045005824871068245
    },
    {
      "date": "2021-03-31T00:00:00",
      "quarter_label": "2021-03 (Q1)",
      "revenue": 9304949,
      "gross_profit": 2034437,
      "operating_income": 672236,
      "net_income": 540128,
      "opex": 1362201,
      "cogs": 7270512,
      "rd": null,
      "sga": 1362201,
      "fcf": -905953,
      "ocf": -905953,
      "capex": null,
      "gross_margin": 0.218640317104371,
      "op_margin": 0.07224499564694013,
      "fcf_margin": -0.09736248957409653,
      "op_leverage_ratio": 1.2700785063291435,
      "fcf_margin_change": -0.1423683144451648
    },
    {
      "date": "2021-06-30T00:00:00",
      "quarter_label": "2021-06 (Q2)",
      "revenue": 8364390,
      "gross_profit": 1677077,
      "operating_income": 392329,
      "net_income": 319507,
      "opex": 1284748,
      "cogs": 6687313,
      "rd": null,
      "sga": 1284748,
      "fcf": 605817,
      "ocf": 605817,
      "capex": null,
      "gross_margin": 0.20050200911243976,
      "op_margin": 0.0469046756547698,
      "fcf_margin": 0.07242811490138551,
      "fcf_margin_change": 0.16979060447548205
    },
    {
      "date": "2021-09-30T00:00:00",
      "quarter_label": "2021-09 (Q3)",
      "revenue": 8555731,
      "gross_profit": 1486031,
      "operating_income": 195985,
      "net_income": 172659,
      "opex": 1290046,
      "cogs": 7069700,
      "rd": null,
      "sga": 1290046,
      "fcf": -166851,
      "ocf": -166851,
      "capex": null,
      "gross_margin": 0.17368837332543532,
      "op_margin": 0.022906867922799348,
      "fcf_margin": -0.01950166502429775,
      "op_leverage_ratio": 5.547275836376751,
      "fcf_margin_change": -0.09192977992568326
    },
    {
      "date": "2021-12-31T00:00:00",
      "quarter_label": "2021-12 (Q4)",
      "revenue": 7749488,
      "gross_profit": 1267547,
      "operating_income": 98365,
      "net_income": 81178,
      "opex": 1169182,
      "cogs": 6481941,
      "rd": null,
      "sga": 1169182,
      "fcf": -542496,
      "ocf": -542496,
      "capex": null,
      "gross_margin": 0.16356525747249367,
      "op_margin": 0.012693096627803024,
      "fcf_margin": -0.0700041086585333,
      "rev_growth_yoy": -0.062420429018782954,
      "fcf_margin_change": -0.05050244363423556
    },
    {
      "date": "2022-03-31T00:00:00",
      "quarter_label": "2022-03 (Q1)",
      "revenue": 9197696,
      "gross_profit": 1856222,
      "operating_income": 560558,
      "net_income": 447313,
      "opex": 1295664,
      "cogs": 7341474,
      "rd": null,
      "sga": 1295664,
      "fcf": -388394,
      "ocf": -388394,
      "capex": null,
      "gross_margin": 0.20181380206521285,
      "op_margin": 0.06094548025940409,
      "fcf_margin": -0.04222731431871634,
      "rev_growth_yoy": -0.011526446840278221,
      "rev_growth_yoy_accel": 0.05089398217850473,
      "op_leverage_ratio": 1.7274732397698307,
      "fcf_margin_change": 0.027776794339816967
    },
    {
      "date": "2022-06-30T00:00:00",
      "quarter_label": "2022-06 (Q2)",
      "revenue": 9023398,
      "gross_profit": 1446377,
      "operating_income": 182456,
      "net_income": 153904,
      "opex": 1263921,
      "cogs": 7577021,
      "rd": null,
      "sga": 1263921,
      "fcf": -149027,
      "ocf": -149027,
      "capex": null,
      "gross_margin": 0.16029183241169237,
      "op_margin": 0.020220320548866404,
      "fcf_margin": -0.016515618617288078,
      "rev_growth_yoy": 0.07878733535858562,
      "rev_growth_yoy_accel": 0.09031378219886384,
      "fcf_margin_change": 0.025711695701428262
    },
    {
      "date": "2022-09-30T00:00:00",
      "quarter_label": "2022-09 (Q3)",
      "revenue": 8567785,
      "gross_profit": 1119908,
      "operating_income": 4607917,
      "net_income": 3579060,
      "opex": -3488009,
      "cogs": 7447877,
      "rd": null,
      "sga": 1250385,
      "fcf": 124679,
      "ocf": 124679,
      "capex": null,
      "gross_margin": 0.13071149661201817,
      "op_margin": 0.5378189345320874,
      "fcf_margin": 0.014552069175405313,
      "rev_growth_yoy": 0.001408880199716424,
      "rev_growth_yoy_accel": -0.0773784551588692,
      "fcf_margin_change": 0.03106768779269339
    },
    {
      "date": "2022-12-31T00:00:00",
      "quarter_label": "2022-12 (Q4)",
      "revenue": 6857154,
      "gross_profit": -607184,
      "operating_income": -1789735,
      "net_income": -1312648,
      "opex": 1182551,
      "cogs": 7464338,
      "rd": null,
      "sga": 1182551,
      "fcf": -852212,
      "ocf": -852212,
      "capex": null,
      "gross_margin": -0.08854752277694215,
      "op_margin": -0.2610025967041137,
      "fcf_margin": -0.12428071471050527,
      "rev_growth_yoy": -0.11514747813016808,
      "rev_growth_yoy_accel": -0.11655635832988451,
      "fcf_margin_change": -0.13883278388591058
    },
    {
      "date": "2023-03-31T00:00:00",
      "quarter_label": "2023-03 (Q1)",
      "revenue": 8729725,
      "gross_profit": 477503,
      "operating_income": -780192,
      "net_income": -583137,
      "opex": 1257695,
      "cogs": 8252222,
      "rd": null,
      "sga": 1257695,
      "fcf": -1651410,
      "ocf": -1651410,
      "capex": null,
      "gross_margin": 0.05469851570353018,
      "op_margin": -0.08937188743058916,
      "fcf_margin": -0.18917090744553808,
      "rev_growth_yoy": -0.05087915495358838,
      "rev_growth_yoy_accel": 0.06426832317657971,
      "op_leverage_ratio": 4.297540325759575,
      "fcf_margin_change": -0.06489019273503281
    },
    {
      "date": "2023-06-30T00:00:00",
      "quarter_label": "2023-06 (Q2)",
      "revenue": 8050931,
      "gross_profit": -329036,
      "operating_income": -1688501,
      "net_income": -1311506,
      "opex": 1359465,
      "cogs": 8379967,
      "rd": null,
      "sga": 1359465,
      "fcf": -712678,
      "ocf": -712678,
      "capex": null,
      "gross_margin": -0.04086931064245862,
      "op_margin": -0.2097274215863979,
      "fcf_margin": -0.08852119090326324,
      "rev_growth_yoy": -0.10777170640151304,
      "rev_growth_yoy_accel": -0.05689255144792466,
      "fcf_margin_change": 0.10064971654227484
    },
    {
      "date": "2023-09-30T00:00:00",
      "quarter_label": "2023-09 (Q3)",
      "revenue": 7946172,
      "gross_profit": 41153,
      "operating_income": -1232022,
      "net_income": -964042,
      "opex": 1273175,
      "cogs": 7905019,
      "rd": null,
      "sga": 1273175,
      "fcf": -558572,
      "ocf": -368958,
      "capex": -189614,
      "gross_margin": 0.005178971711158531,
      "op_margin": -0.1550459768552707,
      "fcf_margin": -0.07029447638435211,
      "rev_growth_yoy": -0.07255235746461892,
      "rev_growth_yoy_accel": 0.035219348936894115,
      "fcf_margin_change": 0.018226714518911127
    },
    {
      "date": "2023-12-31T00:00:00",
      "quarter_label": "2023-12 (Q4)",
      "revenue": 6780894,
      "gross_profit": -789210,
      "operating_income": -2136531,
      "net_income": -1542899,
      "opex": 1347321,
      "cogs": 7570104,
      "rd": null,
      "sga": 1347321,
      "fcf": 672905,
      "ocf": 801410,
      "capex": -128505,
      "gross_margin": -0.11638730822219018,
      "op_margin": -0.31508102029024493,
      "fcf_margin": 0.0992354400466959,
      "rev_growth_yoy": -0.011121231927998116,
      "rev_growth_yoy_accel": 0.061431125536620806,
      "fcf_margin_change": 0.16952991643104803
    },
    {
      "date": "2024-03-31T00:00:00",
      "quarter_label": "2024-03 (Q1)",
      "revenue": 7853181,
      "gross_profit": 744562,
      "operating_income": -903303,
      "net_income": -698004,
      "opex": 1647865,
      "cogs": 7108619,
      "rd": null,
      "sga": 1647865,
      "fcf": -398759,
      "ocf": -398759,
      "capex": null,
      "gross_margin": 0.09481024313587068,
      "op_margin": -0.11502383556421276,
      "fcf_margin": -0.05077674893778712,
      "rev_growth_yoy": -0.10040911941670556,
      "rev_growth_yoy_accel": -0.08928788748870745,
      "op_leverage_ratio": 0.7089034698157947,
      "fcf_margin_change": -0.15001218898448304
    },
    {
      "date": "2024-06-30T00:00:00",
      "quarter_label": "2024-06 (Q2)",
      "revenue": 8059477,
      "gross_profit": 1415446,
      "operating_income": 107559,
      "net_income": 142141,
      "opex": 1307887,
      "cogs": 6644031,
      "rd": null,
      "sga": 1307887,
      "fcf": 363541,
      "ocf": 363541,
      "capex": null,
      "gross_margin": 0.1756250436597809,
      "op_margin": 0.013345655059255085,
      "fcf_margin": 0.04510726936747881,
      "rev_growth_yoy": 0.0010614921429583735,
      "rev_growth_yoy_accel": 0.10147061155966394,
      "op_leverage_ratio": Infinity,
      "fcf_margin_change": 0.09588401830526594
    },
    {
      "date": "2024-09-30T00:00:00",
      "quarter_label": "2024-09 (Q3)",
      "revenue": 6969921,
      "gross_profit": 694987,
      "operating_income": -823571,
      "net_income": -1446621,
      "opex": 1518558,
      "cogs": 6274934,
      "rd": null,
      "sga": 808105,
      "fcf": -368909,
      "ocf": -58177,
      "capex": -310732,
      "gross_margin": 0.09971232098613457,
      "op_margin": -0.11816073668553775,
      "fcf_margin": -0.05292872042595605,
      "rev_growth_yoy": -0.12285802522271101,
      "rev_growth_yoy_accel": -0.12391951736566939,
      "fcf_margin_change": -0.09803598979343486
    },
    {
      "date": "2024-12-31T00:00:00",
      "quarter_label": "2024-12 (Q4)",
      "revenue": 4104048,
      "gross_profit": -1794815,
      "operating_income": -3544739,
      "net_income": -3613130,
      "opex": 1749924,
      "cogs": 5898863,
      "rd": null,
      "sga": 3835841,
      "fcf": -2058,
      "ocf": -60056,
      "capex": 57998,
      "gross_margin": -0.4373279747215432,
      "op_margin": -0.8637177245490306,
      "fcf_margin": -0.000501456123320195,
      "incr_op_margin_yoy": 0.5260698598275731,
      "rev_growth_yoy": -0.39476299142856386,
      "rev_growth_yoy_accel": -0.27190496620585286,
      "fcf_margin_change": 0.052427264302635855
    },
    {
      "date": "2025-03-31T00:00:00",
      "quarter_label": "2025-03 (Q1)",
      "revenue": 7245635,
      "gross_profit": 1657741,
      "operating_income": 70174,
      "net_income": 401022,
      "opex": 1587567,
      "cogs": 5587894,
      "rd": null,
      "sga": 1587567,
      "fcf": -2010548,
      "ocf": -2010548,
      "capex": null,
      "gross_margin": 0.2287916794042206,
      "op_margin": 0.009685003453803565,
      "fcf_margin": -0.2774840300401552,
      "rev_growth_yoy": -0.07736304562444186,
      "rev_growth_yoy_accel": 0.317399945804122,
      "op_leverage_ratio": Infinity,
      "fcf_margin_change": -0.276982573916835
    },
    {
      "date": "2025-06-30T00:00:00",
      "quarter_label": "2025-06 (Q2)",
      "revenue": 7298077,
      "gross_profit": 975062,
      "operating_income": -417431,
      "net_income": -394980,
      "opex": 1392493,
      "cogs": 6323015,
      "rd": null,
      "sga": 1392493,
      "fcf": 28189,
      "ocf": 28189,
      "capex": null,
      "gross_margin": 0.13360533192510848,
      "op_margin": -0.05719739597156895,
      "fcf_margin": 0.003862524333464829,
      "rev_growth_yoy": -0.09447263141268347,
      "rev_growth_yoy_accel": -0.017109585788241607,
      "fcf_margin_change": 0.28134655437362005
    },
    {
      "date": "2025-09-30T00:00:00",
      "quarter_label": "2025-09 (Q3)",
      "revenue": 7360284,
      "gross_profit": 1329496,
      "operating_income": 64570,
      "net_income": 67572,
      "opex": 1264926,
      "cogs": 6030788,
      "rd": null,
      "sga": 1264926,
      "fcf": 637988,
      "ocf": 637988,
      "capex": null,
      "gross_margin": 0.18063107347488222,
      "op_margin": 0.008772759312004809,
      "fcf_margin": 0.08667980746395113,
      "rev_growth_yoy": 0.05600680409433622,
      "rev_growth_yoy_accel": 0.1504794355070197,
      "fcf_margin_change": 0.0828172831304863
    }
  ],
  "signals": [
    {
      "quarter": "2025-09 (Q3)",
      "signal": "FCF MARGIN EXPANSION",
      "detail": "FCF margin: +0.4% -> +8.7% (+8.3%)",
      "severity": "MEDIUM"
    },
    {
      "quarter": "2025-09 (Q3)",
      "signal": "GROSS MARGIN INFLECTION",
      "detail": "GM: +22.9% -> +13.4% -> +18.1% (reversal +4.7%)",
      "severity": "MEDIUM"
    },
    {
      "quarter": "2025-09 (Q3)",
      "signal": "YoY REVENUE GROWTH ACCELERATION",
      "detail": "YoY growth: +5.6% vs prior quarter YoY: -9.4% (accel: +15.0%)",
      "severity": "HIGH"
    },
    {
      "quarter": "2025-09 (Q3)",
      "signal": "OP MARGIN TURNED POSITIVE (YoY)",
      "detail": "Op margin: -11.8% (year-ago) -> +0.9%",
      "severity": "HIGH"
    },
    {
      "quarter": "2025-09 (Q3)",
      "signal": "OP MARGIN TURNED POSITIVE (QoQ)",
      "detail": "Op margin: -5.7% -> +0.9%",
      "severity": "HIGH"
    },
    {
      "quarter": "2025-06 (Q2)",
      "signal": "FCF TURNED POSITIVE",
      "detail": "FCF margin: -27.7% -> +0.4%",
      "severity": "HIGH"
    },
    {
      "quarter": "2025-03 (Q1)",
      "signal": "GROSS MARGIN INFLECTION",
      "detail": "GM: +10.0% -> -43.7% -> +22.9% (reversal +66.6%)",
      "severity": "HIGH"
    },
    {
      "quarter": "2025-03 (Q1)",
      "signal": "YoY REVENUE GROWTH ACCELERATION",
      "detail": "YoY growth: -7.7% vs prior quarter YoY: -39.5% (accel: +31.7%)",
      "severity": "HIGH"
    },
    {
      "quarter": "2025-03 (Q1)",
      "signal": "OP MARGIN TURNED POSITIVE (YoY)",
      "detail": "Op margin: -11.5% (year-ago) -> +1.0%",
      "severity": "HIGH"
    },
    {
      "quarter": "2025-03 (Q1)",
      "signal": "OP MARGIN TURNED POSITIVE (QoQ)",
      "detail": "Op margin: -86.4% -> +1.0%",
      "severity": "HIGH"
    },
    {
      "quarter": "2024-12 (Q4)",
      "signal": "FCF MARGIN EXPANSION",
      "detail": "FCF margin: -5.3% -> -0.1% (+5.2%)",
      "severity": "MEDIUM"
    },
    {
      "quarter": "2024-12 (Q4)",
      "signal": "YoY REVENUE GROWTH DECELERATION",
      "detail": "YoY growth: -39.5% vs prior quarter YoY: -12.3% (decel: -27.2%)",
      "severity": "WARNING"
    },
    {
      "quarter": "2024-09 (Q3)",
      "signal": "YoY REVENUE GROWTH DECELERATION",
      "detail": "YoY growth: -12.3% vs prior quarter YoY: +0.1% (decel: -12.4%)",
      "severity": "WARNING"
    },
    {
      "quarter": "2024-06 (Q2)",
      "signal": "FCF TURNED POSITIVE",
      "detail": "FCF margin: -5.1% -> +4.5%",
      "severity": "HIGH"
    },
    {
      "quarter": "2024-06 (Q2)",
      "signal": "YoY REVENUE GROWTH ACCELERATION",
      "detail": "YoY growth: +0.1% vs prior quarter YoY: -10.0% (accel: +10.1%)",
      "severity": "MEDIUM"
    },
    {
      "quarter": "2024-06 (Q2)",
      "signal": "OP MARGIN TURNED POSITIVE (YoY)",
      "detail": "Op margin: -21.0% (year-ago) -> +1.3%",
      "severity": "HIGH"
    },
    {
      "quarter": "2024-06 (Q2)",
      "signal": "OP MARGIN TURNED POSITIVE (QoQ)",
      "detail": "Op margin: -11.5% -> +1.3%",
      "severity": "HIGH"
    },
    {
      "quarter": "2024-03 (Q1)",
      "signal": "GROSS MARGIN INFLECTION",
      "detail": "GM: +0.5% -> -11.6% -> +9.5% (reversal +21.1%)",
      "severity": "HIGH"
    },
    {
      "quarter": "2024-03 (Q1)",
      "signal": "YoY REVENUE GROWTH DECELERATION",
      "detail": "YoY growth: -10.0% vs prior quarter YoY: -1.1% (decel: -8.9%)",
      "severity": "WARNING"
    },
    {
      "quarter": "2023-12 (Q4)",
      "signal": "FCF TURNED POSITIVE",
      "detail": "FCF margin: -7.0% -> +9.9%",
      "severity": "HIGH"
    },
    {
      "quarter": "2023-12 (Q4)",
      "signal": "YoY REVENUE GROWTH ACCELERATION",
      "detail": "YoY growth: -1.1% vs prior quarter YoY: -7.3% (accel: +6.1%)",
      "severity": "MEDIUM"
    },
    {
      "quarter": "2023-09 (Q3)",
      "signal": "GROSS MARGIN INFLECTION",
      "detail": "GM: +5.5% -> -4.1% -> +0.5% (reversal +4.6%)",
      "severity": "MEDIUM"
    },
    {
      "quarter": "2023-06 (Q2)",
      "signal": "FCF MARGIN EXPANSION",
      "detail": "FCF margin: -18.9% -> -8.9% (+10.1%)",
      "severity": "MEDIUM"
    },
    {
      "quarter": "2023-06 (Q2)",
      "signal": "YoY REVENUE GROWTH DECELERATION",
      "detail": "YoY growth: -10.8% vs prior quarter YoY: -5.1% (decel: -5.7%)",
      "severity": "WARNING"
    },
    {
      "quarter": "2023-03 (Q1)",
      "signal": "OPERATING LEVERAGE",
      "detail": "Rev growth +27.3% vs OpEx growth +6.4% (leverage: 4.3x)",
      "severity": "MEDIUM"
    },
    {
      "quarter": "2023-03 (Q1)",
      "signal": "GROSS MARGIN INFLECTION",
      "detail": "GM: +13.1% -> -8.9% -> +5.5% (reversal +14.3%)",
      "severity": "HIGH"
    },
    {
      "quarter": "2023-03 (Q1)",
      "signal": "YoY REVENUE GROWTH ACCELERATION",
      "detail": "YoY growth: -5.1% vs prior quarter YoY: -11.5% (accel: +6.4%)",
      "severity": "MEDIUM"
    },
    {
      "quarter": "2022-12 (Q4)",
      "signal": "YoY REVENUE GROWTH DECELERATION",
      "detail": "YoY growth: -11.5% vs prior quarter YoY: +0.1% (decel: -11.7%)",
      "severity": "WARNING"
    },
    {
      "quarter": "2022-09 (Q3)",
      "signal": "FCF TURNED POSITIVE",
      "detail": "FCF margin: -1.7% -> +1.5%",
      "severity": "HIGH"
    },
    {
      "quarter": "2022-09 (Q3)",
      "signal": "YoY REVENUE GROWTH DECELERATION",
      "detail": "YoY growth: +0.1% vs prior quarter YoY: +7.9% (decel: -7.7%)",
      "severity": "WARNING"
    },
    {
      "quarter": "2022-06 (Q2)",
      "signal": "YoY REVENUE GROWTH ACCELERATION",
      "detail": "YoY growth: +7.9% vs prior quarter YoY: -1.2% (accel: +9.0%)",
      "severity": "MEDIUM"
    },
    {
      "quarter": "2022-03 (Q1)",
      "signal": "OPERATING LEVERAGE",
      "detail": "Rev growth +18.7% vs OpEx growth +10.8% (leverage: 1.7x)",
      "severity": "MEDIUM"
    },
    {
      "quarter": "2022-03 (Q1)",
      "signal": "GROSS MARGIN INFLECTION",
      "detail": "GM: +17.4% -> +16.4% -> +20.2% (reversal +3.8%)",
      "severity": "MEDIUM"
    },
    {
      "quarter": "2022-03 (Q1)",
      "signal": "YoY REVENUE GROWTH ACCELERATION",
      "detail": "YoY growth: -1.2% vs prior quarter YoY: -6.2% (accel: +5.1%)",
      "severity": "MEDIUM"
    },
    {
      "quarter": "2021-09 (Q3)",
      "signal": "OPERATING LEVERAGE",
      "detail": "Rev growth +2.3% vs OpEx growth +0.4% (leverage: 5.5x)",
      "severity": "MEDIUM"
    },
    {
      "quarter": "2021-06 (Q2)",
      "signal": "FCF TURNED POSITIVE",
      "detail": "FCF margin: -9.7% -> +7.2%",
      "severity": "HIGH"
    }
  ],
  "data_quality": {
    "n_quarters": 20,
    "coverage": {
      "revenue": [
        20,
        20
      ],
      "gross_profit": [
        20,
        20
      ],
      "op_income": [
        20,
        20
      ],
      "fcf": [
        20,
        20
      ]
    },
    "gaps": [],
    "warnings": []
  },
  "market_cap": null,
  "source": "SEC EDGAR",
  "last_updated": "2026-02-03T00:06:10.856251",
  "sector": "Industrials",
  "industry": "Tools & Accessories"
}