{
  "ticker": "CVRX",
  "name": "CVRx, Inc.",
  "quarters": [
    {
      "date": "2020-12-31T00:00:00",
      "quarter_label": "2020-12 (Q4)",
      "revenue": 2088000,
      "gross_profit": 1637000,
      "operating_income": -2135000,
      "net_income": -3402000,
      "opex": 3772000,
      "cogs": 451000,
      "rd": 510000,
      "sga": 3262000,
      "fcf": -4185000,
      "ocf": -4084000,
      "capex": -101000,
      "gross_margin": 0.7840038314176245,
      "op_margin": -1.0225095785440612,
      "fcf_margin": -2.0043103448275863
    },
    {
      "date": "2021-03-31T00:00:00",
      "quarter_label": "2021-03 (Q1)",
      "revenue": 2860000,
      "gross_profit": 1993000,
      "operating_income": -4217000,
      "net_income": -8627000,
      "opex": 6210000,
      "cogs": 867000,
      "rd": 1750000,
      "sga": 4460000,
      "fcf": -5139000,
      "ocf": -5038000,
      "capex": -101000,
      "gross_margin": 0.6968531468531468,
      "op_margin": -1.4744755244755245,
      "fcf_margin": -1.7968531468531468,
      "op_leverage_ratio": 0.5720378804308538,
      "fcf_margin_change": 0.2074571979744395
    },
    {
      "date": "2021-06-30T00:00:00",
      "quarter_label": "2021-06 (Q2)",
      "revenue": 3123000,
      "gross_profit": 2210000,
      "operating_income": -5672000,
      "net_income": -17748000,
      "opex": 7882000,
      "cogs": 913000,
      "rd": 2255000,
      "sga": 5627000,
      "fcf": -6843000,
      "ocf": -6464000,
      "capex": -379000,
      "gross_margin": 0.7076528978546269,
      "op_margin": -1.8162023695164906,
      "fcf_margin": -2.1911623439000962,
      "op_leverage_ratio": 0.3415427276073209,
      "fcf_margin_change": -0.39430919704694944
    },
    {
      "date": "2021-09-30T00:00:00",
      "quarter_label": "2021-09 (Q3)",
      "revenue": 3395000,
      "gross_profit": 2519000,
      "operating_income": -7291000,
      "net_income": -6133000,
      "opex": 9810000,
      "cogs": 876000,
      "rd": 1699000,
      "sga": 8111000,
      "fcf": -9380000,
      "ocf": -9215000,
      "capex": -165000,
      "gross_margin": 0.7419734904270987,
      "op_margin": -2.1475699558173784,
      "fcf_margin": -2.7628865979381443,
      "op_leverage_ratio": 0.35606256884073856,
      "fcf_margin_change": -0.571724254038048
    },
    {
      "date": "2021-12-31T00:00:00",
      "quarter_label": "2021-12 (Q4)",
      "revenue": 3658000,
      "gross_profit": 2674000,
      "operating_income": -8788000,
      "net_income": -10570000,
      "opex": 11462000,
      "cogs": 984000,
      "rd": 1797000,
      "sga": 9665000,
      "fcf": -7553000,
      "ocf": -7015000,
      "capex": -538000,
      "gross_margin": 0.7310005467468562,
      "op_margin": -2.4024056861673047,
      "fcf_margin": -2.0647895024603606,
      "incr_op_margin_yoy": -4.2375796178343945,
      "rev_growth_yoy": 0.7519157088122606,
      "op_leverage_ratio": 0.46001811523141495,
      "fcf_margin_change": 0.6980970954777836
    },
    {
      "date": "2022-03-31T00:00:00",
      "quarter_label": "2022-03 (Q1)",
      "revenue": 4076000,
      "gross_profit": 3127000,
      "operating_income": -9908000,
      "net_income": -9991000,
      "opex": 13035000,
      "cogs": 949000,
      "rd": 2258000,
      "sga": 10777000,
      "fcf": -10937000,
      "ocf": -10644000,
      "capex": -293000,
      "gross_margin": 0.7671736997055937,
      "op_margin": -2.4308145240431798,
      "fcf_margin": -2.6832679097154073,
      "incr_op_margin_yoy": -4.6800986842105265,
      "rev_growth_yoy": 0.4251748251748252,
      "rev_growth_yoy_accel": -0.32674088363743536,
      "op_leverage_ratio": 0.8326534045506161,
      "fcf_margin_change": -0.6184784072550467
    },
    {
      "date": "2022-06-30T00:00:00",
      "quarter_label": "2022-06 (Q2)",
      "revenue": 5031000,
      "gross_profit": 3830000,
      "operating_income": -11014000,
      "net_income": -11071000,
      "opex": 14844000,
      "cogs": 1201000,
      "rd": 2355000,
      "sga": 12489000,
      "fcf": -10145000,
      "ocf": -10096000,
      "capex": -49000,
      "gross_margin": 0.761280063605645,
      "op_margin": -2.189226793877957,
      "fcf_margin": -2.0164977141721327,
      "incr_op_margin_yoy": -2.79979035639413,
      "rev_growth_yoy": 0.6109510086455331,
      "rev_growth_yoy_accel": 0.1857761834707079,
      "op_leverage_ratio": 1.6882690733444325,
      "fcf_margin_change": 0.6667701955432745
    },
    {
      "date": "2022-09-30T00:00:00",
      "quarter_label": "2022-09 (Q3)",
      "revenue": 6186000,
      "gross_profit": 4846000,
      "operating_income": -10126000,
      "net_income": -9830000,
      "opex": 14972000,
      "cogs": 1340000,
      "rd": 2293000,
      "sga": 12679000,
      "fcf": -11360000,
      "ocf": -11096000,
      "capex": -264000,
      "gross_margin": 0.783381829938571,
      "op_margin": -1.6369220821209183,
      "fcf_margin": -1.8364047849983836,
      "incr_op_margin_yoy": -1.0157649587961304,
      "rev_growth_yoy": 0.8220913107511045,
      "rev_growth_yoy_accel": 0.21114030210557144,
      "op_leverage_ratio": 26.623714221824688,
      "fcf_margin_change": 0.1800929291737492
    },
    {
      "date": "2022-12-31T00:00:00",
      "quarter_label": "2022-12 (Q4)",
      "revenue": 7176000,
      "gross_profit": 5667000,
      "operating_income": -11479000,
      "net_income": -10536000,
      "opex": 17146000,
      "cogs": 1509000,
      "rd": 3046000,
      "sga": 14100000,
      "fcf": -10920000,
      "ocf": -10841000,
      "capex": -79000,
      "gross_margin": 0.7897157190635451,
      "op_margin": -1.5996376811594204,
      "fcf_margin": -1.5217391304347827,
      "incr_op_margin_yoy": -0.7649232518476407,
      "rev_growth_yoy": 0.9617277200656096,
      "rev_growth_yoy_accel": 0.13963640931450505,
      "op_leverage_ratio": 1.102162315059289,
      "fcf_margin_change": 0.31466565456360085
    },
    {
      "date": "2023-03-31T00:00:00",
      "quarter_label": "2023-03 (Q1)",
      "revenue": 7979000,
      "gross_profit": 6651000,
      "operating_income": -12162000,
      "net_income": -11374000,
      "opex": 18813000,
      "cogs": 1328000,
      "rd": 3416000,
      "sga": 15397000,
      "fcf": -10489000,
      "ocf": -10249000,
      "capex": -240000,
      "gross_margin": 0.8335631031457577,
      "op_margin": -1.5242511592931445,
      "fcf_margin": -1.3145757613736058,
      "incr_op_margin_yoy": -0.5775044837304637,
      "rev_growth_yoy": 0.9575564278704612,
      "rev_growth_yoy_accel": -0.004171292195148335,
      "op_leverage_ratio": 1.1509602761721902,
      "fcf_margin_change": 0.20716336906117694
    },
    {
      "date": "2023-06-30T00:00:00",
      "quarter_label": "2023-06 (Q2)",
      "revenue": 9500000,
      "gross_profit": 7983000,
      "operating_income": -11752000,
      "net_income": -11651000,
      "opex": 19735000,
      "cogs": 1517000,
      "rd": 3280000,
      "sga": 16455000,
      "fcf": -12951000,
      "ocf": -12808000,
      "capex": -143000,
      "gross_margin": 0.8403157894736842,
      "op_margin": -1.2370526315789474,
      "fcf_margin": -1.3632631578947367,
      "incr_op_margin_yoy": -0.1651376146788991,
      "rev_growth_yoy": 0.8882925859670046,
      "rev_growth_yoy_accel": -0.06926384190345669,
      "op_leverage_ratio": 3.8896263483400975,
      "fcf_margin_change": -0.048687396521130966
    },
    {
      "date": "2023-09-30T00:00:00",
      "quarter_label": "2023-09 (Q3)",
      "revenue": 10511000,
      "gross_profit": 8820000,
      "operating_income": -9528000,
      "net_income": -9011000,
      "opex": 18348000,
      "cogs": 1691000,
      "rd": 2696000,
      "sga": 15652000,
      "fcf": -8164000,
      "ocf": -8125000,
      "capex": -39000,
      "gross_margin": 0.8391209209399677,
      "op_margin": -0.9064789268385501,
      "fcf_margin": -0.7767101132147274,
      "incr_op_margin_yoy": 0.1382658959537572,
      "rev_growth_yoy": 0.699159392175881,
      "rev_growth_yoy_accel": -0.1891331937911236,
      "op_leverage_ratio": Infinity,
      "fcf_margin_change": 0.5865530446800094
    },
    {
      "date": "2023-12-31T00:00:00",
      "quarter_label": "2023-12 (Q4)",
      "revenue": 11305000,
      "gross_profit": 9585000,
      "operating_income": -9661000,
      "net_income": -9163000,
      "opex": 19246000,
      "cogs": 1720000,
      "rd": 2241000,
      "sga": 17005000,
      "fcf": -8008000,
      "ocf": -7839000,
      "capex": -169000,
      "gross_margin": 0.8478549314462627,
      "op_margin": -0.854577620521893,
      "fcf_margin": -0.708359133126935,
      "incr_op_margin_yoy": 0.44030031484620974,
      "rev_growth_yoy": 0.5753901895206243,
      "rev_growth_yoy_accel": -0.1237692026552567,
      "op_leverage_ratio": 1.5434368364545024,
      "fcf_margin_change": 0.06835098008779239
    },
    {
      "date": "2024-03-31T00:00:00",
      "quarter_label": "2024-03 (Q1)",
      "revenue": 10770000,
      "gross_profit": 9155000,
      "operating_income": -22232000,
      "net_income": -22186000,
      "opex": 31387000,
      "cogs": 1615000,
      "rd": 3057000,
      "sga": 28330000,
      "fcf": -11813000,
      "ocf": -10896000,
      "capex": -917000,
      "gross_margin": 0.8500464252553389,
      "op_margin": -2.0642525533890437,
      "fcf_margin": -1.0968430826369544,
      "incr_op_margin_yoy": -3.6080257972053027,
      "rev_growth_yoy": 0.3497932071688181,
      "rev_growth_yoy_accel": -0.22559698235180614,
      "fcf_margin_change": -0.3884839495100194
    },
    {
      "date": "2024-06-30T00:00:00",
      "quarter_label": "2024-06 (Q2)",
      "revenue": 11807000,
      "gross_profit": 9907000,
      "operating_income": -13973000,
      "net_income": -14029000,
      "opex": 23880000,
      "cogs": 1900000,
      "rd": 2765000,
      "sga": 21115000,
      "fcf": -10185000,
      "ocf": -9830000,
      "capex": -355000,
      "gross_margin": 0.8390785127466757,
      "op_margin": -1.1834504954687897,
      "fcf_margin": -0.8626238671974252,
      "incr_op_margin_yoy": -0.9627221499783268,
      "rev_growth_yoy": 0.2428421052631579,
      "rev_growth_yoy_accel": -0.10695110190566023,
      "op_leverage_ratio": Infinity,
      "fcf_margin_change": 0.23421921543952917
    },
    {
      "date": "2024-09-30T00:00:00",
      "quarter_label": "2024-09 (Q3)",
      "revenue": 13373000,
      "gross_profit": 11125000,
      "operating_income": -13011000,
      "net_income": -13099000,
      "opex": 24136000,
      "cogs": 2248000,
      "rd": 2504000,
      "sga": 21632000,
      "fcf": -10447000,
      "ocf": -10410000,
      "capex": -37000,
      "gross_margin": 0.8319000972107978,
      "op_margin": -0.9729305316682868,
      "fcf_margin": -0.7812009272414566,
      "incr_op_margin_yoy": -1.2169811320754718,
      "rev_growth_yoy": 0.27228617638664254,
      "rev_growth_yoy_accel": 0.029444071123484655,
      "op_leverage_ratio": 12.372189167443041,
      "fcf_margin_change": 0.08142293995596861
    },
    {
      "date": "2024-12-31T00:00:00",
      "quarter_label": "2024-12 (Q4)",
      "revenue": 15342000,
      "gross_profit": 12771000,
      "operating_income": -10274000,
      "net_income": -10651000,
      "opex": 23045000,
      "cogs": 2571000,
      "rd": 2805000,
      "sga": 20240000,
      "fcf": -8060000,
      "ocf": -8008000,
      "capex": -52000,
      "gross_margin": 0.8324208056315995,
      "op_margin": -0.6696649719723634,
      "fcf_margin": -0.525355233998175,
      "incr_op_margin_yoy": -0.1518454297745851,
      "rev_growth_yoy": 0.3570986289252543,
      "rev_growth_yoy_accel": 0.08481245253861175,
      "op_leverage_ratio": Infinity,
      "fcf_margin_change": 0.25584569324328166
    },
    {
      "date": "2025-03-31T00:00:00",
      "quarter_label": "2025-03 (Q1)",
      "revenue": 12348000,
      "gross_profit": 10312000,
      "operating_income": -13437000,
      "net_income": -13766000,
      "opex": 23749000,
      "cogs": 2036000,
      "rd": 2517000,
      "sga": 21232000,
      "fcf": -12881000,
      "ocf": -12767000,
      "capex": -114000,
      "gross_margin": 0.8351149983803045,
      "op_margin": -1.088192419825073,
      "fcf_margin": -1.0431648850016197,
      "incr_op_margin_yoy": 5.573510773130545,
      "rev_growth_yoy": 0.14651810584958216,
      "rev_growth_yoy_accel": -0.21058052307567213,
      "fcf_margin_change": -0.5178096510034448
    },
    {
      "date": "2025-06-30T00:00:00",
      "quarter_label": "2025-06 (Q2)",
      "revenue": 13589000,
      "gross_profit": 11450000,
      "operating_income": -14376000,
      "net_income": -14736000,
      "opex": 25826000,
      "cogs": 2139000,
      "rd": 2469000,
      "sga": 23357000,
      "fcf": -8039000,
      "ocf": -7936000,
      "capex": -103000,
      "gross_margin": 0.8425932739715947,
      "op_margin": -1.057914489660755,
      "fcf_margin": -0.5915814261535065,
      "incr_op_margin_yoy": -0.22615039281705948,
      "rev_growth_yoy": 0.1509274159396968,
      "rev_growth_yoy_accel": 0.004409310090114638,
      "op_leverage_ratio": 1.1491692373581481,
      "fcf_margin_change": 0.45158345884811324
    },
    {
      "date": "2025-09-30T00:00:00",
      "quarter_label": "2025-09 (Q3)",
      "revenue": 14690000,
      "gross_profit": 12753000,
      "operating_income": -12268000,
      "net_income": -12870000,
      "opex": 25021000,
      "cogs": 1937000,
      "rd": 3146000,
      "sga": 21875000,
      "fcf": -10004000,
      "ocf": -9709000,
      "capex": -295000,
      "gross_margin": 0.868141592920354,
      "op_margin": -0.8351259360108918,
      "fcf_margin": -0.6810074880871341,
      "incr_op_margin_yoy": 0.5641609719058466,
      "rev_growth_yoy": 0.09848201600239288,
      "rev_growth_yoy_accel": -0.05244539993730392,
      "op_leverage_ratio": Infinity,
      "fcf_margin_change": -0.08942606193362757
    }
  ],
  "signals": [
    {
      "quarter": "2025-09 (Q3)",
      "signal": "YoY REVENUE GROWTH DECELERATION",
      "detail": "YoY growth: +9.8% vs prior quarter YoY: +15.1% (decel: -5.2%)",
      "severity": "WARNING"
    },
    {
      "quarter": "2025-06 (Q2)",
      "signal": "FCF MARGIN EXPANSION",
      "detail": "FCF margin: -104.3% -> -59.2% (+45.2%)",
      "severity": "MEDIUM"
    },
    {
      "quarter": "2025-03 (Q1)",
      "signal": "YoY REVENUE GROWTH DECELERATION",
      "detail": "YoY growth: +14.7% vs prior quarter YoY: +35.7% (decel: -21.1%)",
      "severity": "WARNING"
    },
    {
      "quarter": "2024-12 (Q4)",
      "signal": "FCF MARGIN EXPANSION",
      "detail": "FCF margin: -78.1% -> -52.5% (+25.6%)",
      "severity": "MEDIUM"
    },
    {
      "quarter": "2024-12 (Q4)",
      "signal": "YoY REVENUE GROWTH ACCELERATION",
      "detail": "YoY growth: +35.7% vs prior quarter YoY: +27.2% (accel: +8.5%)",
      "severity": "MEDIUM"
    },
    {
      "quarter": "2024-09 (Q3)",
      "signal": "FCF MARGIN EXPANSION",
      "detail": "FCF margin: -86.3% -> -78.1% (+8.1%)",
      "severity": "MEDIUM"
    },
    {
      "quarter": "2024-09 (Q3)",
      "signal": "OPERATING LEVERAGE",
      "detail": "Rev growth +13.3% vs OpEx growth +1.1% (leverage: 12.4x)",
      "severity": "MEDIUM"
    },
    {
      "quarter": "2024-06 (Q2)",
      "signal": "FCF MARGIN EXPANSION",
      "detail": "FCF margin: -109.7% -> -86.3% (+23.4%)",
      "severity": "MEDIUM"
    },
    {
      "quarter": "2024-06 (Q2)",
      "signal": "YoY REVENUE GROWTH DECELERATION",
      "detail": "YoY growth: +24.3% vs prior quarter YoY: +35.0% (decel: -10.7%)",
      "severity": "WARNING"
    },
    {
      "quarter": "2024-03 (Q1)",
      "signal": "YoY REVENUE GROWTH DECELERATION",
      "detail": "YoY growth: +35.0% vs prior quarter YoY: +57.5% (decel: -22.6%)",
      "severity": "WARNING"
    },
    {
      "quarter": "2023-12 (Q4)",
      "signal": "FCF MARGIN EXPANSION",
      "detail": "FCF margin: -77.7% -> -70.8% (+6.8%)",
      "severity": "MEDIUM"
    },
    {
      "quarter": "2023-12 (Q4)",
      "signal": "OPERATING LEVERAGE",
      "detail": "Rev growth +7.6% vs OpEx growth +4.9% (leverage: 1.5x)",
      "severity": "MEDIUM"
    },
    {
      "quarter": "2023-12 (Q4)",
      "signal": "YoY REVENUE GROWTH DECELERATION",
      "detail": "YoY growth: +57.5% vs prior quarter YoY: +69.9% (decel: -12.4%)",
      "severity": "WARNING"
    },
    {
      "quarter": "2023-09 (Q3)",
      "signal": "FCF MARGIN EXPANSION",
      "detail": "FCF margin: -136.3% -> -77.7% (+58.7%)",
      "severity": "MEDIUM"
    },
    {
      "quarter": "2023-09 (Q3)",
      "signal": "YoY REVENUE GROWTH DECELERATION",
      "detail": "YoY growth: +69.9% vs prior quarter YoY: +88.8% (decel: -18.9%)",
      "severity": "WARNING"
    },
    {
      "quarter": "2023-06 (Q2)",
      "signal": "OPERATING LEVERAGE",
      "detail": "Rev growth +19.1% vs OpEx growth +4.9% (leverage: 3.9x)",
      "severity": "MEDIUM"
    },
    {
      "quarter": "2023-06 (Q2)",
      "signal": "YoY REVENUE GROWTH DECELERATION",
      "detail": "YoY growth: +88.8% vs prior quarter YoY: +95.8% (decel: -6.9%)",
      "severity": "WARNING"
    },
    {
      "quarter": "2023-03 (Q1)",
      "signal": "FCF MARGIN EXPANSION",
      "detail": "FCF margin: -152.2% -> -131.5% (+20.7%)",
      "severity": "MEDIUM"
    },
    {
      "quarter": "2022-12 (Q4)",
      "signal": "FCF MARGIN EXPANSION",
      "detail": "FCF margin: -183.6% -> -152.2% (+31.5%)",
      "severity": "MEDIUM"
    },
    {
      "quarter": "2022-12 (Q4)",
      "signal": "YoY REVENUE GROWTH ACCELERATION",
      "detail": "YoY growth: +96.2% vs prior quarter YoY: +82.2% (accel: +14.0%)",
      "severity": "MEDIUM"
    },
    {
      "quarter": "2022-09 (Q3)",
      "signal": "FCF MARGIN EXPANSION",
      "detail": "FCF margin: -201.6% -> -183.6% (+18.0%)",
      "severity": "MEDIUM"
    },
    {
      "quarter": "2022-09 (Q3)",
      "signal": "OPERATING LEVERAGE",
      "detail": "Rev growth +23.0% vs OpEx growth +0.9% (leverage: 26.6x)",
      "severity": "MEDIUM"
    },
    {
      "quarter": "2022-09 (Q3)",
      "signal": "GROSS MARGIN INFLECTION",
      "detail": "GM: +76.7% -> +76.1% -> +78.3% (reversal +2.2%)",
      "severity": "MEDIUM"
    },
    {
      "quarter": "2022-09 (Q3)",
      "signal": "YoY REVENUE GROWTH ACCELERATION",
      "detail": "YoY growth: +82.2% vs prior quarter YoY: +61.1% (accel: +21.1%)",
      "severity": "HIGH"
    },
    {
      "quarter": "2022-06 (Q2)",
      "signal": "FCF MARGIN EXPANSION",
      "detail": "FCF margin: -268.3% -> -201.6% (+66.7%)",
      "severity": "MEDIUM"
    },
    {
      "quarter": "2022-06 (Q2)",
      "signal": "OPERATING LEVERAGE",
      "detail": "Rev growth +23.4% vs OpEx growth +13.9% (leverage: 1.7x)",
      "severity": "MEDIUM"
    },
    {
      "quarter": "2022-06 (Q2)",
      "signal": "YoY REVENUE GROWTH ACCELERATION",
      "detail": "YoY growth: +61.1% vs prior quarter YoY: +42.5% (accel: +18.6%)",
      "severity": "HIGH"
    },
    {
      "quarter": "2022-03 (Q1)",
      "signal": "GROSS MARGIN INFLECTION",
      "detail": "GM: +74.2% -> +73.1% -> +76.7% (reversal +3.6%)",
      "severity": "MEDIUM"
    },
    {
      "quarter": "2022-03 (Q1)",
      "signal": "YoY REVENUE GROWTH DECELERATION",
      "detail": "YoY growth: +42.5% vs prior quarter YoY: +75.2% (decel: -32.7%)",
      "severity": "WARNING"
    },
    {
      "quarter": "2021-12 (Q4)",
      "signal": "FCF MARGIN EXPANSION",
      "detail": "FCF margin: -276.3% -> -206.5% (+69.8%)",
      "severity": "MEDIUM"
    },
    {
      "quarter": "2021-03 (Q1)",
      "signal": "FCF MARGIN EXPANSION",
      "detail": "FCF margin: -200.4% -> -179.7% (+20.7%)",
      "severity": "MEDIUM"
    }
  ],
  "data_quality": {
    "n_quarters": 20,
    "coverage": {
      "revenue": [
        20,
        20
      ],
      "gross_profit": [
        20,
        20
      ],
      "op_income": [
        20,
        20
      ],
      "fcf": [
        20,
        20
      ]
    },
    "gaps": [],
    "warnings": []
  },
  "market_cap": null,
  "source": "SEC EDGAR",
  "last_updated": "2026-02-02T23:01:48.146480",
  "sector": "Healthcare",
  "industry": "Medical Devices"
}