{
  "ticker": "CVU",
  "name": "CPI AEROSTRUCTURES, INC.",
  "quarters": [
    {
      "date": "2020-12-31T00:00:00",
      "quarter_label": "2020-12 (Q4)",
      "revenue": 25408818,
      "gross_profit": 4633823,
      "operating_income": 1546639,
      "net_income": 223398,
      "opex": 3087184,
      "cogs": 20774995,
      "rd": null,
      "sga": 3087184,
      "fcf": 1546022,
      "ocf": 1680922,
      "capex": -134900,
      "gross_margin": 0.18237066360190388,
      "op_margin": 0.060870167199434465,
      "fcf_margin": 0.06084588429103629
    },
    {
      "date": "2021-03-31T00:00:00",
      "quarter_label": "2021-03 (Q1)",
      "revenue": 30818746,
      "gross_profit": 4920088,
      "operating_income": 1529282,
      "net_income": 1232543,
      "opex": 3390806,
      "cogs": 25898658,
      "rd": null,
      "sga": 3390806,
      "fcf": -4877678,
      "ocf": -4877678,
      "capex": null,
      "gross_margin": 0.15964595055230346,
      "op_margin": 0.04962181134819697,
      "fcf_margin": -0.15826984005124672,
      "op_leverage_ratio": 2.164892325001543,
      "fcf_margin_change": -0.21911572434228302
    },
    {
      "date": "2021-06-30T00:00:00",
      "quarter_label": "2021-06 (Q2)",
      "revenue": 22301190,
      "gross_profit": 3596602,
      "operating_income": 918914,
      "net_income": 623151,
      "opex": 2677688,
      "cogs": 18704588,
      "rd": null,
      "sga": 2677688,
      "fcf": 2391047,
      "ocf": 2391047,
      "capex": null,
      "gross_margin": 0.1612739947957934,
      "op_margin": 0.04120470701339256,
      "fcf_margin": 0.10721611716684178,
      "fcf_margin_change": 0.2654859572180885
    },
    {
      "date": "2021-09-30T00:00:00",
      "quarter_label": "2021-09 (Q3)",
      "revenue": 23898748,
      "gross_profit": 3651984,
      "operating_income": 886135,
      "net_income": 5425255,
      "opex": 2765849,
      "cogs": 20246764,
      "rd": null,
      "sga": 2765849,
      "fcf": 1165945,
      "ocf": 1173298,
      "capex": -7353,
      "gross_margin": 0.15281068280229576,
      "op_margin": 0.03707872060912982,
      "fcf_margin": 0.04878686532030883,
      "op_leverage_ratio": 2.175765375291532,
      "fcf_margin_change": -0.05842925184653295
    },
    {
      "date": "2021-12-31T00:00:00",
      "quarter_label": "2021-12 (Q4)",
      "revenue": 26350860,
      "gross_profit": 2836418,
      "operating_income": -153160,
      "net_income": -460576,
      "opex": 2989578,
      "cogs": 23514442,
      "rd": null,
      "sga": 2989578,
      "fcf": 4102485,
      "ocf": 4112368,
      "capex": -9883,
      "gross_margin": 0.10764043374675437,
      "op_margin": -0.005812334018699959,
      "fcf_margin": 0.1556869491166512,
      "rev_growth_yoy": 0.03707539642339915,
      "op_leverage_ratio": 1.2684441144304428,
      "fcf_margin_change": 0.10690008379634239
    },
    {
      "date": "2022-03-31T00:00:00",
      "quarter_label": "2022-03 (Q1)",
      "revenue": 20135097,
      "gross_profit": 3434609,
      "operating_income": 296952,
      "net_income": -32931,
      "opex": 3137657,
      "cogs": 16700488,
      "rd": null,
      "sga": 3137657,
      "fcf": -2470933,
      "ocf": -2445616,
      "capex": -25317,
      "gross_margin": 0.1705782197125745,
      "op_margin": 0.014747979609931851,
      "fcf_margin": -0.1227177102747506,
      "incr_op_margin_yoy": 0.11534729379447041,
      "rev_growth_yoy": -0.3466607304528225,
      "rev_growth_yoy_accel": -0.3837361268762216,
      "fcf_margin_change": -0.2784046593914018
    },
    {
      "date": "2022-06-30T00:00:00",
      "quarter_label": "2022-06 (Q2)",
      "revenue": 18925406,
      "gross_profit": 3659690,
      "operating_income": 962298,
      "net_income": 517636,
      "opex": 2697392,
      "cogs": 15265716,
      "rd": null,
      "sga": 2697392,
      "fcf": 349009,
      "ocf": 349009,
      "capex": null,
      "gross_margin": 0.19337445125351604,
      "op_margin": 0.05084688804034112,
      "fcf_margin": 0.01844129526204088,
      "incr_op_margin_yoy": -0.012851533154964892,
      "rev_growth_yoy": -0.15137237071205617,
      "rev_growth_yoy_accel": 0.1952883597407663,
      "fcf_margin_change": 0.14115900553679148
    },
    {
      "date": "2022-09-30T00:00:00",
      "quarter_label": "2022-09 (Q3)",
      "revenue": 20196913,
      "gross_profit": 5327813,
      "operating_income": 2583548,
      "net_income": 1858752,
      "opex": 2744265,
      "cogs": 14869100,
      "rd": null,
      "sga": 2744265,
      "fcf": 2904062,
      "ocf": 2904062,
      "capex": null,
      "gross_margin": 0.26379343219431606,
      "op_margin": 0.12791796449289058,
      "fcf_margin": 0.14378741939424108,
      "incr_op_margin_yoy": -0.4585328627559035,
      "rev_growth_yoy": -0.1548966079729365,
      "rev_growth_yoy_accel": -0.0035242372608803307,
      "op_leverage_ratio": 3.8662939073345934,
      "fcf_margin_change": 0.1253461241322002
    },
    {
      "date": "2022-12-31T00:00:00",
      "quarter_label": "2022-12 (Q4)",
      "revenue": 24078348,
      "gross_profit": 3882150,
      "operating_income": 1051397,
      "net_income": 6832768,
      "opex": 2830753,
      "cogs": 20196198,
      "rd": null,
      "sga": 2830753,
      "fcf": 121402,
      "ocf": 136874,
      "capex": -15472,
      "gross_margin": 0.16122991494266967,
      "op_margin": 0.04366566178045105,
      "fcf_margin": 0.005041957197395768,
      "incr_op_margin_yoy": -0.5300552868367692,
      "rev_growth_yoy": -0.08624052497717342,
      "rev_growth_yoy_accel": 0.06865608299576308,
      "op_leverage_ratio": 6.097860928425705,
      "fcf_margin_change": -0.1387454621968453
    },
    {
      "date": "2023-03-31T00:00:00",
      "quarter_label": "2023-03 (Q1)",
      "revenue": 22016668,
      "gross_profit": 4662516,
      "operating_income": 1793458,
      "net_income": 983305,
      "opex": 2869058,
      "cogs": 17354152,
      "rd": null,
      "sga": 2869058,
      "fcf": 849193,
      "ocf": 892718,
      "capex": -43525,
      "gross_margin": 0.2117720992113793,
      "op_margin": 0.0814591018041422,
      "fcf_margin": 0.038570459435551284,
      "incr_op_margin_yoy": 0.79534920553091,
      "rev_growth_yoy": 0.09344732732104544,
      "rev_growth_yoy_accel": 0.17968785229821888,
      "fcf_margin_change": 0.03352850223815552
    },
    {
      "date": "2023-06-30T00:00:00",
      "quarter_label": "2023-06 (Q2)",
      "revenue": 20547555,
      "gross_profit": 4604000,
      "operating_income": 1797520,
      "net_income": 1157076,
      "opex": 2806480,
      "cogs": 15943555,
      "rd": null,
      "sga": 2806480,
      "fcf": -33321,
      "ocf": -17581,
      "capex": -15740,
      "gross_margin": 0.2240655883388559,
      "op_margin": 0.08748096793024766,
      "fcf_margin": -0.0016216527951865805,
      "incr_op_margin_yoy": 0.5148861171199439,
      "rev_growth_yoy": 0.08571277149879902,
      "rev_growth_yoy_accel": -0.007734555822246414,
      "fcf_margin_change": -0.04019211223073786
    },
    {
      "date": "2023-09-30T00:00:00",
      "quarter_label": "2023-09 (Q3)",
      "revenue": 20399369,
      "gross_profit": 3706090,
      "operating_income": 1171025,
      "net_income": 301364,
      "opex": 2535065,
      "cogs": 16693279,
      "rd": null,
      "sga": 2535065,
      "fcf": -68698,
      "ocf": -35009,
      "capex": -33689,
      "gross_margin": 0.18167669794100003,
      "op_margin": 0.05740496188877215,
      "fcf_margin": -0.0033676531857431474,
      "rev_growth_yoy": 0.010024106159193734,
      "rev_growth_yoy_accel": -0.07568866533960529,
      "fcf_margin_change": -0.0017460003905565668
    },
    {
      "date": "2023-12-31T00:00:00",
      "quarter_label": "2023-12 (Q4)",
      "revenue": 23502729,
      "gross_profit": 4093022,
      "operating_income": 1545001,
      "net_income": 14759459,
      "opex": 2548021,
      "cogs": 19409707,
      "rd": null,
      "sga": 2548021,
      "fcf": 3040717,
      "ocf": 3088213,
      "capex": -47496,
      "gross_margin": 0.17415092519681438,
      "op_margin": 0.0657370895099033,
      "fcf_margin": 0.1293771884958551,
      "rev_growth_yoy": -0.02390608359012005,
      "rev_growth_yoy_accel": -0.033930189749313784,
      "op_leverage_ratio": 29.76689833243609,
      "fcf_margin_change": 0.13274484168159825
    },
    {
      "date": "2024-03-31T00:00:00",
      "quarter_label": "2024-03 (Q1)",
      "revenue": 19081143,
      "gross_profit": 3553749,
      "operating_income": 839845,
      "net_income": 168238,
      "opex": 2713904,
      "cogs": 15527394,
      "rd": null,
      "sga": 2713904,
      "fcf": -1007314,
      "ocf": -960539,
      "capex": -46775,
      "gross_margin": 0.1862440316075405,
      "op_margin": 0.04401439683146864,
      "fcf_margin": -0.05279107231678941,
      "incr_op_margin_yoy": 0.3248526243176263,
      "rev_growth_yoy": -0.13333193742123015,
      "rev_growth_yoy_accel": -0.10942585383111009,
      "fcf_margin_change": -0.18216826081264453
    },
    {
      "date": "2024-06-30T00:00:00",
      "quarter_label": "2024-06 (Q2)",
      "revenue": 20810334,
      "gross_profit": 5115424,
      "operating_income": 2339489,
      "net_income": 1409946,
      "opex": 2775935,
      "cogs": 15694910,
      "rd": null,
      "sga": 2775935,
      "fcf": -746931,
      "ocf": -591685,
      "capex": -155246,
      "gross_margin": 0.24581172027320658,
      "op_margin": 0.11241957961847225,
      "fcf_margin": -0.03589231196385411,
      "rev_growth_yoy": 0.012788820859708125,
      "rev_growth_yoy_accel": 0.14612075828093826,
      "op_leverage_ratio": 3.964827334527421,
      "fcf_margin_change": 0.016898760352935298
    },
    {
      "date": "2024-09-30T00:00:00",
      "quarter_label": "2024-09 (Q3)",
      "revenue": 19419879,
      "gross_profit": 4219669,
      "operating_income": 1477633,
      "net_income": 749677,
      "opex": 2742036,
      "cogs": 15200210,
      "rd": null,
      "sga": 2742036,
      "fcf": 586886,
      "ocf": 715147,
      "capex": -128261,
      "gross_margin": 0.217286060330242,
      "op_margin": 0.07608868211794728,
      "fcf_margin": 0.030220888605948574,
      "rev_growth_yoy": -0.048015700877806565,
      "rev_growth_yoy_accel": -0.06080452173751469,
      "fcf_margin_change": 0.06611320056980269
    },
    {
      "date": "2024-12-31T00:00:00",
      "quarter_label": "2024-12 (Q4)",
      "revenue": 21767508,
      "gross_profit": 4349219,
      "operating_income": 2074655,
      "net_income": 971473,
      "opex": 2274564,
      "cogs": 17418289,
      "rd": null,
      "sga": 2274564,
      "fcf": 4322440,
      "ocf": 4396012,
      "capex": -73572,
      "gross_margin": 0.19980325722172698,
      "op_margin": 0.0953097157469748,
      "fcf_margin": 0.1985730291221209,
      "incr_op_margin_yoy": -0.30523720033355983,
      "rev_growth_yoy": -0.0738306177125218,
      "rev_growth_yoy_accel": -0.02581491683471524,
      "op_leverage_ratio": Infinity,
      "fcf_margin_change": 0.16835214051617234
    },
    {
      "date": "2025-03-31T00:00:00",
      "quarter_label": "2025-03 (Q1)",
      "revenue": 15400608,
      "gross_profit": 1649475,
      "operating_income": -1186302,
      "net_income": -1323924,
      "opex": 2835777,
      "cogs": 13751133,
      "rd": null,
      "sga": 2835777,
      "fcf": -2781017,
      "ocf": -2721614,
      "capex": -59403,
      "gross_margin": 0.10710453769097947,
      "op_margin": -0.07702955623570186,
      "fcf_margin": -0.18057839015186933,
      "incr_op_margin_yoy": 0.5505033914906393,
      "rev_growth_yoy": -0.19288860211361553,
      "rev_growth_yoy_accel": -0.11905798440109372,
      "fcf_margin_change": -0.3791514192739902
    },
    {
      "date": "2025-06-30T00:00:00",
      "quarter_label": "2025-06 (Q2)",
      "revenue": 15179108,
      "gross_profit": 663382,
      "operating_income": -1990642,
      "net_income": -1324959,
      "opex": 2654024,
      "cogs": 14515726,
      "rd": null,
      "sga": 2654024,
      "fcf": -599795,
      "ocf": -596261,
      "capex": -3534,
      "gross_margin": 0.04370362211007393,
      "op_margin": -0.13114354282214738,
      "fcf_margin": -0.03951450902121521,
      "incr_op_margin_yoy": 0.7689499586768495,
      "rev_growth_yoy": -0.2705975790681687,
      "rev_growth_yoy_accel": -0.0777089769545532,
      "fcf_margin_change": 0.1410638811306541
    },
    {
      "date": "2025-09-30T00:00:00",
      "quarter_label": "2025-09 (Q3)",
      "revenue": 19269102,
      "gross_profit": 4306314,
      "operating_income": 1754959,
      "net_income": 1113692,
      "opex": 2551355,
      "cogs": 14962788,
      "rd": null,
      "sga": 2551355,
      "fcf": 211087,
      "ocf": 212050,
      "capex": -963,
      "gross_margin": 0.22348285872377446,
      "op_margin": 0.09107632519668016,
      "fcf_margin": 0.010954687976637416,
      "rev_growth_yoy": -0.007764054554613857,
      "rev_growth_yoy_accel": 0.26283352451355485,
      "op_leverage_ratio": Infinity,
      "fcf_margin_change": 0.05046919699785263
    }
  ],
  "signals": [
    {
      "quarter": "2025-09 (Q3)",
      "signal": "FCF TURNED POSITIVE",
      "detail": "FCF margin: -4.0% -> +1.1%",
      "severity": "HIGH"
    },
    {
      "quarter": "2025-09 (Q3)",
      "signal": "GROSS MARGIN INFLECTION",
      "detail": "GM: +10.7% -> +4.4% -> +22.3% (reversal +18.0%)",
      "severity": "HIGH"
    },
    {
      "quarter": "2025-09 (Q3)",
      "signal": "YoY REVENUE GROWTH ACCELERATION",
      "detail": "YoY growth: -0.8% vs prior quarter YoY: -27.1% (accel: +26.3%)",
      "severity": "HIGH"
    },
    {
      "quarter": "2025-09 (Q3)",
      "signal": "OP MARGIN TURNED POSITIVE (QoQ)",
      "detail": "Op margin: -13.1% -> +9.1%",
      "severity": "HIGH"
    },
    {
      "quarter": "2025-06 (Q2)",
      "signal": "FCF MARGIN EXPANSION",
      "detail": "FCF margin: -18.1% -> -4.0% (+14.1%)",
      "severity": "MEDIUM"
    },
    {
      "quarter": "2025-06 (Q2)",
      "signal": "YoY REVENUE GROWTH DECELERATION",
      "detail": "YoY growth: -27.1% vs prior quarter YoY: -19.3% (decel: -7.8%)",
      "severity": "WARNING"
    },
    {
      "quarter": "2025-03 (Q1)",
      "signal": "YoY REVENUE GROWTH DECELERATION",
      "detail": "YoY growth: -19.3% vs prior quarter YoY: -7.4% (decel: -11.9%)",
      "severity": "WARNING"
    },
    {
      "quarter": "2024-12 (Q4)",
      "signal": "FCF MARGIN EXPANSION",
      "detail": "FCF margin: +3.0% -> +19.9% (+16.8%)",
      "severity": "MEDIUM"
    },
    {
      "quarter": "2024-09 (Q3)",
      "signal": "FCF TURNED POSITIVE",
      "detail": "FCF margin: -3.6% -> +3.0%",
      "severity": "HIGH"
    },
    {
      "quarter": "2024-09 (Q3)",
      "signal": "YoY REVENUE GROWTH DECELERATION",
      "detail": "YoY growth: -4.8% vs prior quarter YoY: +1.3% (decel: -6.1%)",
      "severity": "WARNING"
    },
    {
      "quarter": "2024-06 (Q2)",
      "signal": "OPERATING LEVERAGE",
      "detail": "Rev growth +9.1% vs OpEx growth +2.3% (leverage: 4.0x)",
      "severity": "MEDIUM"
    },
    {
      "quarter": "2024-06 (Q2)",
      "signal": "YoY REVENUE GROWTH ACCELERATION",
      "detail": "YoY growth: +1.3% vs prior quarter YoY: -13.3% (accel: +14.6%)",
      "severity": "MEDIUM"
    },
    {
      "quarter": "2024-03 (Q1)",
      "signal": "YoY REVENUE GROWTH DECELERATION",
      "detail": "YoY growth: -13.3% vs prior quarter YoY: -2.4% (decel: -10.9%)",
      "severity": "WARNING"
    },
    {
      "quarter": "2024-03 (Q1)",
      "signal": "INCREMENTAL MARGIN (YoY)",
      "detail": "YoY Incr OPM: +32.5% vs year-ago OPM: +8.1%",
      "severity": "HIGH"
    },
    {
      "quarter": "2023-12 (Q4)",
      "signal": "FCF TURNED POSITIVE",
      "detail": "FCF margin: -0.3% -> +12.9%",
      "severity": "HIGH"
    },
    {
      "quarter": "2023-12 (Q4)",
      "signal": "OPERATING LEVERAGE",
      "detail": "Rev growth +15.2% vs OpEx growth +0.5% (leverage: 29.8x)",
      "severity": "MEDIUM"
    },
    {
      "quarter": "2023-09 (Q3)",
      "signal": "YoY REVENUE GROWTH DECELERATION",
      "detail": "YoY growth: +1.0% vs prior quarter YoY: +8.6% (decel: -7.6%)",
      "severity": "WARNING"
    },
    {
      "quarter": "2023-06 (Q2)",
      "signal": "INCREMENTAL MARGIN (YoY)",
      "detail": "YoY Incr OPM: +51.5% vs year-ago OPM: +5.1%",
      "severity": "HIGH"
    },
    {
      "quarter": "2023-03 (Q1)",
      "signal": "GROSS MARGIN INFLECTION",
      "detail": "GM: +26.4% -> +16.1% -> +21.2% (reversal +5.1%)",
      "severity": "HIGH"
    },
    {
      "quarter": "2023-03 (Q1)",
      "signal": "YoY REVENUE GROWTH ACCELERATION",
      "detail": "YoY growth: +9.3% vs prior quarter YoY: -8.6% (accel: +18.0%)",
      "severity": "HIGH"
    },
    {
      "quarter": "2023-03 (Q1)",
      "signal": "INCREMENTAL MARGIN (YoY)",
      "detail": "YoY Incr OPM: +79.5% vs year-ago OPM: +1.5%",
      "severity": "HIGH"
    },
    {
      "quarter": "2022-12 (Q4)",
      "signal": "OPERATING LEVERAGE",
      "detail": "Rev growth +19.2% vs OpEx growth +3.2% (leverage: 6.1x)",
      "severity": "MEDIUM"
    },
    {
      "quarter": "2022-12 (Q4)",
      "signal": "YoY REVENUE GROWTH ACCELERATION",
      "detail": "YoY growth: -8.6% vs prior quarter YoY: -15.5% (accel: +6.9%)",
      "severity": "MEDIUM"
    },
    {
      "quarter": "2022-12 (Q4)",
      "signal": "OP MARGIN TURNED POSITIVE (YoY)",
      "detail": "Op margin: -0.6% (year-ago) -> +4.4%",
      "severity": "HIGH"
    },
    {
      "quarter": "2022-09 (Q3)",
      "signal": "FCF MARGIN EXPANSION",
      "detail": "FCF margin: +1.8% -> +14.4% (+12.5%)",
      "severity": "MEDIUM"
    },
    {
      "quarter": "2022-09 (Q3)",
      "signal": "OPERATING LEVERAGE",
      "detail": "Rev growth +6.7% vs OpEx growth +1.7% (leverage: 3.9x)",
      "severity": "MEDIUM"
    },
    {
      "quarter": "2022-06 (Q2)",
      "signal": "FCF TURNED POSITIVE",
      "detail": "FCF margin: -12.3% -> +1.8%",
      "severity": "HIGH"
    },
    {
      "quarter": "2022-06 (Q2)",
      "signal": "YoY REVENUE GROWTH ACCELERATION",
      "detail": "YoY growth: -15.1% vs prior quarter YoY: -34.7% (accel: +19.5%)",
      "severity": "HIGH"
    },
    {
      "quarter": "2022-03 (Q1)",
      "signal": "GROSS MARGIN INFLECTION",
      "detail": "GM: +15.3% -> +10.8% -> +17.1% (reversal +6.3%)",
      "severity": "HIGH"
    },
    {
      "quarter": "2022-03 (Q1)",
      "signal": "YoY REVENUE GROWTH DECELERATION",
      "detail": "YoY growth: -34.7% vs prior quarter YoY: +3.7% (decel: -38.4%)",
      "severity": "WARNING"
    },
    {
      "quarter": "2022-03 (Q1)",
      "signal": "OP MARGIN TURNED POSITIVE (QoQ)",
      "detail": "Op margin: -0.6% -> +1.5%",
      "severity": "HIGH"
    },
    {
      "quarter": "2021-12 (Q4)",
      "signal": "FCF MARGIN EXPANSION",
      "detail": "FCF margin: +4.9% -> +15.6% (+10.7%)",
      "severity": "MEDIUM"
    },
    {
      "quarter": "2021-09 (Q3)",
      "signal": "OPERATING LEVERAGE",
      "detail": "Rev growth +7.2% vs OpEx growth +3.3% (leverage: 2.2x)",
      "severity": "MEDIUM"
    },
    {
      "quarter": "2021-06 (Q2)",
      "signal": "FCF TURNED POSITIVE",
      "detail": "FCF margin: -15.8% -> +10.7%",
      "severity": "HIGH"
    },
    {
      "quarter": "2021-03 (Q1)",
      "signal": "OPERATING LEVERAGE",
      "detail": "Rev growth +21.3% vs OpEx growth +9.8% (leverage: 2.2x)",
      "severity": "MEDIUM"
    }
  ],
  "data_quality": {
    "n_quarters": 20,
    "coverage": {
      "revenue": [
        20,
        20
      ],
      "gross_profit": [
        20,
        20
      ],
      "op_income": [
        20,
        20
      ],
      "fcf": [
        20,
        20
      ]
    },
    "gaps": [],
    "warnings": []
  },
  "market_cap": null,
  "source": "SEC EDGAR",
  "last_updated": "2026-02-02T23:37:46.669335",
  "sector": "Industrials",
  "industry": "Aerospace & Defense"
}