{
  "ticker": "CVV",
  "name": "CVD EQUIPMENT CORPORATION",
  "quarters": [
    {
      "date": "2020-12-31T00:00:00",
      "quarter_label": "2020-12 (Q4)",
      "revenue": 3171771,
      "gross_profit": -90424,
      "operating_income": -5407212,
      "net_income": -5307361,
      "opex": 5316788,
      "cogs": 3262195,
      "rd": 72486,
      "sga": null,
      "fcf": -318520,
      "ocf": 55756,
      "capex": -374276,
      "gross_margin": -0.028508993871247324,
      "op_margin": -1.7047926852222308,
      "fcf_margin": -0.10042339122212796
    },
    {
      "date": "2021-03-31T00:00:00",
      "quarter_label": "2021-03 (Q1)",
      "revenue": 3365860,
      "gross_profit": 318580,
      "operating_income": -1618787,
      "net_income": -1505550,
      "opex": 1937367,
      "cogs": 3047280,
      "rd": 100432,
      "sga": null,
      "fcf": -1598410,
      "ocf": -1571666,
      "capex": -26744,
      "gross_margin": 0.09465040138330175,
      "op_margin": -0.4809430576435146,
      "fcf_margin": -0.47488903281776423,
      "op_leverage_ratio": Infinity,
      "fcf_margin_change": -0.3744656415956363
    },
    {
      "date": "2021-06-30T00:00:00",
      "quarter_label": "2021-06 (Q2)",
      "revenue": 4034408,
      "gross_profit": 845662,
      "operating_income": -1082924,
      "net_income": 1470425,
      "opex": 1928586,
      "cogs": 3188746,
      "rd": 128512,
      "sga": null,
      "fcf": -370934,
      "ocf": -279207,
      "capex": -91727,
      "gross_margin": 0.209612414014646,
      "op_margin": -0.2684220336664016,
      "fcf_margin": -0.09194260967160485,
      "op_leverage_ratio": Infinity,
      "fcf_margin_change": 0.3829464231461594
    },
    {
      "date": "2021-09-30T00:00:00",
      "quarter_label": "2021-09 (Q3)",
      "revenue": 4329459,
      "gross_profit": 734215,
      "operating_income": -922324,
      "net_income": 5973404,
      "opex": 1656539,
      "cogs": 3595244,
      "rd": 138064,
      "sga": null,
      "fcf": -1818818,
      "ocf": -1724369,
      "capex": -94449,
      "gross_margin": 0.16958585356738567,
      "op_margin": -0.2130344692027341,
      "fcf_margin": -0.42010283501934076,
      "op_leverage_ratio": Infinity,
      "fcf_margin_change": -0.3281602253477359
    },
    {
      "date": "2021-12-31T00:00:00",
      "quarter_label": "2021-12 (Q4)",
      "revenue": 4717086,
      "gross_profit": 640382,
      "operating_income": -1183218,
      "net_income": -1191794,
      "opex": 1823600,
      "cogs": 4076704,
      "rd": 114178,
      "sga": null,
      "fcf": -720838,
      "ocf": -697758,
      "capex": -23080,
      "gross_margin": 0.1357579658289037,
      "op_margin": -0.25083663939983286,
      "fcf_margin": -0.15281425863340206,
      "incr_op_margin_yoy": 2.73341939992817,
      "rev_growth_yoy": 0.4872088810951358,
      "op_leverage_ratio": 0.8877833118107351,
      "fcf_margin_change": 0.2672885763859387
    },
    {
      "date": "2022-03-31T00:00:00",
      "quarter_label": "2022-03 (Q1)",
      "revenue": 4655727,
      "gross_profit": 769551,
      "operating_income": -1005988,
      "net_income": -997340,
      "opex": 1775539,
      "cogs": 3886176,
      "rd": 310207,
      "sga": null,
      "fcf": -1597000,
      "ocf": -1420000,
      "capex": -177000,
      "gross_margin": 0.16529126385632148,
      "op_margin": -0.21607538414516142,
      "fcf_margin": -0.34301839433454756,
      "incr_op_margin_yoy": 0.4750869663306372,
      "rev_growth_yoy": 0.38322063306257537,
      "rev_growth_yoy_accel": -0.10398824803256046,
      "fcf_margin_change": -0.1902041357011455
    },
    {
      "date": "2022-06-30T00:00:00",
      "quarter_label": "2022-06 (Q2)",
      "revenue": 5808588,
      "gross_profit": 1441116,
      "operating_income": -856845,
      "net_income": -839402,
      "opex": 2297961,
      "cogs": 4367472,
      "rd": 569194,
      "sga": null,
      "fcf": -1092000,
      "ocf": -809000,
      "capex": -283000,
      "gross_margin": 0.24810091540319265,
      "op_margin": -0.14751347487547747,
      "fcf_margin": -0.18799749612126046,
      "incr_op_margin_yoy": 0.127427318535887,
      "rev_growth_yoy": 0.4397621658493638,
      "rev_growth_yoy_accel": 0.05654153278678842,
      "op_leverage_ratio": 0.8415854140553759,
      "fcf_margin_change": 0.1550208982132871
    },
    {
      "date": "2022-09-30T00:00:00",
      "quarter_label": "2022-09 (Q3)",
      "revenue": 8119000,
      "gross_profit": 2419861,
      "operating_income": 122275,
      "net_income": 63538,
      "opex": 2297586,
      "cogs": 5698766,
      "rd": 518007,
      "sga": null,
      "fcf": -277000,
      "ocf": -99000,
      "capex": -178000,
      "gross_margin": 0.29804914398324917,
      "op_margin": 0.015060352260130559,
      "fcf_margin": -0.034117502155437865,
      "incr_op_margin_yoy": 0.27565317277211143,
      "rev_growth_yoy": 0.8752920399523358,
      "rev_growth_yoy_accel": 0.43552987410297206,
      "op_leverage_ratio": Infinity,
      "fcf_margin_change": 0.15387999396582258
    },
    {
      "date": "2022-12-31T00:00:00",
      "quarter_label": "2022-12 (Q4)",
      "revenue": 7234000,
      "gross_profit": 1999966,
      "operating_income": -221152,
      "net_income": 1549204,
      "opex": 2221118,
      "cogs": 5233587,
      "rd": 508592,
      "sga": null,
      "fcf": 2495000,
      "ocf": 2522000,
      "capex": -27000,
      "gross_margin": 0.2764675145147913,
      "op_margin": -0.030571191595244677,
      "fcf_margin": 0.344899087641692,
      "incr_op_margin_yoy": 0.3822403149253411,
      "rev_growth_yoy": 0.533573905584931,
      "rev_growth_yoy_accel": -0.34171813436740484,
      "fcf_margin_change": 0.3790165897971299
    },
    {
      "date": "2023-03-31T00:00:00",
      "quarter_label": "2023-03 (Q1)",
      "revenue": 8695000,
      "gross_profit": 2434000,
      "operating_income": -187000,
      "net_income": -40000,
      "opex": 2621000,
      "cogs": 6261000,
      "rd": 602000,
      "sga": null,
      "fcf": -3418000,
      "ocf": -3272000,
      "capex": -146000,
      "gross_margin": 0.27993099482461187,
      "op_margin": -0.021506612995974696,
      "fcf_margin": -0.3930994824611846,
      "incr_op_margin_yoy": 0.20275628807461143,
      "rev_growth_yoy": 0.8675923223161496,
      "rev_growth_yoy_accel": 0.33401841673121857,
      "op_leverage_ratio": 1.1217898020585135,
      "fcf_margin_change": -0.7379985701028766
    },
    {
      "date": "2023-06-30T00:00:00",
      "quarter_label": "2023-06 (Q2)",
      "revenue": 5069000,
      "gross_profit": 1388000,
      "operating_income": -1232000,
      "net_income": -1113000,
      "opex": 2620000,
      "cogs": 3681000,
      "rd": 559000,
      "sga": null,
      "fcf": 2361000,
      "ocf": 2439000,
      "capex": -78000,
      "gross_margin": 0.27382126652199645,
      "op_margin": -0.2430459656737029,
      "fcf_margin": 0.46577234168475046,
      "rev_growth_yoy": -0.12732664117337983,
      "rev_growth_yoy_accel": -0.9949189634895295,
      "fcf_margin_change": 0.858871824145935
    },
    {
      "date": "2023-09-30T00:00:00",
      "quarter_label": "2023-09 (Q3)",
      "revenue": 6234000,
      "gross_profit": 1598000,
      "operating_income": -990000,
      "net_income": -753000,
      "opex": 2588000,
      "cogs": 4636000,
      "rd": 704000,
      "sga": null,
      "fcf": 674000,
      "ocf": 757000,
      "capex": -83000,
      "gross_margin": 0.25633622072505613,
      "op_margin": -0.1588065447545717,
      "fcf_margin": 0.10811677895412256,
      "incr_op_margin_yoy": 0.5900663129973475,
      "rev_growth_yoy": -0.2321714496859219,
      "rev_growth_yoy_accel": -0.10484480851254208,
      "op_leverage_ratio": Infinity,
      "fcf_margin_change": -0.35765556273062793
    },
    {
      "date": "2023-12-31T00:00:00",
      "quarter_label": "2023-12 (Q4)",
      "revenue": 4111000,
      "gross_profit": -348000,
      "operating_income": -2471000,
      "net_income": -2274000,
      "opex": 2123000,
      "cogs": 4459000,
      "rd": 731000,
      "sga": null,
      "fcf": -240000,
      "ocf": -130000,
      "capex": -110000,
      "gross_margin": -0.08465093651179761,
      "op_margin": -0.6010702991972756,
      "fcf_margin": -0.058379956215032835,
      "incr_op_margin_yoy": 0.7204124239513289,
      "rev_growth_yoy": -0.4317113630080177,
      "rev_growth_yoy_accel": -0.1995399133220958,
      "fcf_margin_change": -0.1664967351691554
    },
    {
      "date": "2024-03-31T00:00:00",
      "quarter_label": "2024-03 (Q1)",
      "revenue": 4922000,
      "gross_profit": 859000,
      "operating_income": -1623000,
      "net_income": -1472000,
      "opex": 2482000,
      "cogs": 4063000,
      "rd": 746000,
      "sga": null,
      "fcf": -2113000,
      "ocf": -2043000,
      "capex": -70000,
      "gross_margin": 0.17452255180820805,
      "op_margin": -0.32974400650142216,
      "fcf_margin": -0.4292970337261276,
      "incr_op_margin_yoy": 0.3805989928438908,
      "rev_growth_yoy": -0.4339275445658424,
      "rev_growth_yoy_accel": -0.0022161815578247146,
      "op_leverage_ratio": 1.166618671693378,
      "fcf_margin_change": -0.37091707751109476
    },
    {
      "date": "2024-06-30T00:00:00",
      "quarter_label": "2024-06 (Q2)",
      "revenue": 6345000,
      "gross_profit": 1609000,
      "operating_income": -898000,
      "net_income": -761000,
      "opex": 2507000,
      "cogs": 4736000,
      "rd": 665000,
      "sga": null,
      "fcf": -1841000,
      "ocf": -1729000,
      "capex": -112000,
      "gross_margin": 0.253585500394011,
      "op_margin": -0.14152876280535856,
      "fcf_margin": -0.29014972419227736,
      "incr_op_margin_yoy": 0.2617554858934169,
      "rev_growth_yoy": 0.251726178733478,
      "rev_growth_yoy_accel": 0.6856537232993205,
      "op_leverage_ratio": 28.70285249898415,
      "fcf_margin_change": 0.13914730953385024
    },
    {
      "date": "2024-09-30T00:00:00",
      "quarter_label": "2024-09 (Q3)",
      "revenue": 8194000,
      "gross_profit": 1835000,
      "operating_income": 77000,
      "net_income": 203000,
      "opex": 1758000,
      "cogs": 6359000,
      "rd": 644000,
      "sga": null,
      "fcf": -5000,
      "ocf": 32000,
      "capex": -37000,
      "gross_margin": 0.223944349524042,
      "op_margin": 0.009397119843788137,
      "fcf_margin": -0.00061020258725897,
      "incr_op_margin_yoy": 0.5443877551020408,
      "rev_growth_yoy": 0.3144048764837985,
      "rev_growth_yoy_accel": 0.06267869775032048,
      "op_leverage_ratio": Infinity,
      "fcf_margin_change": 0.2895395216050184
    },
    {
      "date": "2024-12-31T00:00:00",
      "quarter_label": "2024-12 (Q4)",
      "revenue": 7414000,
      "gross_profit": 2027000,
      "operating_income": 35000,
      "net_income": 132000,
      "opex": 1992000,
      "cogs": 5387000,
      "rd": 572000,
      "sga": null,
      "fcf": 2364000,
      "ocf": 2251000,
      "capex": 113000,
      "gross_margin": 0.2734016725114648,
      "op_margin": 0.004720798489344483,
      "fcf_margin": 0.31885621796601027,
      "incr_op_margin_yoy": 0.7587042082954889,
      "rev_growth_yoy": 0.8034541474093895,
      "rev_growth_yoy_accel": 0.489049270925591,
      "fcf_margin_change": 0.31946642055326924
    },
    {
      "date": "2025-03-31T00:00:00",
      "quarter_label": "2025-03 (Q1)",
      "revenue": 8316000,
      "gross_profit": 2695000,
      "operating_income": 269000,
      "net_income": 360000,
      "opex": 2426000,
      "cogs": 5621000,
      "rd": 781000,
      "sga": null,
      "fcf": -2307000,
      "ocf": -2262000,
      "capex": -45000,
      "gross_margin": 0.32407407407407407,
      "op_margin": 0.03234728234728235,
      "fcf_margin": -0.2774170274170274,
      "incr_op_margin_yoy": 0.5574543311726576,
      "rev_growth_yoy": 0.6895570906135717,
      "rev_growth_yoy_accel": -0.11389705679581774,
      "op_leverage_ratio": 0.5584104801104897,
      "fcf_margin_change": -0.5962732453830377
    },
    {
      "date": "2025-06-30T00:00:00",
      "quarter_label": "2025-06 (Q2)",
      "revenue": 5111000,
      "gross_profit": 1073000,
      "operating_income": -1140000,
      "net_income": -1061000,
      "opex": 2213000,
      "cogs": 4038000,
      "rd": 686000,
      "sga": null,
      "fcf": -3174000,
      "ocf": -3170000,
      "capex": -4000,
      "gross_margin": 0.20993934650753276,
      "op_margin": -0.22304832713754646,
      "fcf_margin": -0.6210135002934847,
      "incr_op_margin_yoy": 0.19611021069692058,
      "rev_growth_yoy": -0.19448384554767534,
      "rev_growth_yoy_accel": -0.8840409361612471,
      "fcf_margin_change": -0.3435964728764573
    },
    {
      "date": "2025-09-30T00:00:00",
      "quarter_label": "2025-09 (Q3)",
      "revenue": 7408000,
      "gross_profit": 2421000,
      "operating_income": 308000,
      "net_income": 384000,
      "opex": 2113000,
      "cogs": 4987000,
      "rd": 594000,
      "sga": null,
      "fcf": 1357000,
      "ocf": 1357000,
      "capex": null,
      "gross_margin": 0.32680885529157666,
      "op_margin": 0.041576673866090715,
      "fcf_margin": 0.18318034557235421,
      "rev_growth_yoy": -0.09592384671711009,
      "rev_growth_yoy_accel": 0.09855999883056525,
      "op_leverage_ratio": Infinity,
      "fcf_margin_change": 0.8041938458658389
    }
  ],
  "signals": [
    {
      "quarter": "2025-09 (Q3)",
      "signal": "FCF TURNED POSITIVE",
      "detail": "FCF margin: -62.1% -> +18.3%",
      "severity": "HIGH"
    },
    {
      "quarter": "2025-09 (Q3)",
      "signal": "GROSS MARGIN INFLECTION",
      "detail": "GM: +32.4% -> +21.0% -> +32.7% (reversal +11.7%)",
      "severity": "HIGH"
    },
    {
      "quarter": "2025-09 (Q3)",
      "signal": "YoY REVENUE GROWTH ACCELERATION",
      "detail": "YoY growth: -9.6% vs prior quarter YoY: -19.4% (accel: +9.9%)",
      "severity": "MEDIUM"
    },
    {
      "quarter": "2025-09 (Q3)",
      "signal": "OP MARGIN TURNED POSITIVE (QoQ)",
      "detail": "Op margin: -22.3% -> +4.2%",
      "severity": "HIGH"
    },
    {
      "quarter": "2025-06 (Q2)",
      "signal": "YoY REVENUE GROWTH DECELERATION",
      "detail": "YoY growth: -19.4% vs prior quarter YoY: +69.0% (decel: -88.4%)",
      "severity": "WARNING"
    },
    {
      "quarter": "2025-03 (Q1)",
      "signal": "YoY REVENUE GROWTH DECELERATION",
      "detail": "YoY growth: +69.0% vs prior quarter YoY: +80.3% (decel: -11.4%)",
      "severity": "WARNING"
    },
    {
      "quarter": "2025-03 (Q1)",
      "signal": "OP MARGIN TURNED POSITIVE (YoY)",
      "detail": "Op margin: -33.0% (year-ago) -> +3.2%",
      "severity": "HIGH"
    },
    {
      "quarter": "2024-12 (Q4)",
      "signal": "FCF TURNED POSITIVE",
      "detail": "FCF margin: -0.1% -> +31.9%",
      "severity": "HIGH"
    },
    {
      "quarter": "2024-12 (Q4)",
      "signal": "GROSS MARGIN INFLECTION",
      "detail": "GM: +25.4% -> +22.4% -> +27.3% (reversal +4.9%)",
      "severity": "MEDIUM"
    },
    {
      "quarter": "2024-12 (Q4)",
      "signal": "YoY REVENUE GROWTH ACCELERATION",
      "detail": "YoY growth: +80.3% vs prior quarter YoY: +31.4% (accel: +48.9%)",
      "severity": "HIGH"
    },
    {
      "quarter": "2024-12 (Q4)",
      "signal": "OP MARGIN TURNED POSITIVE (YoY)",
      "detail": "Op margin: -60.1% (year-ago) -> +0.5%",
      "severity": "HIGH"
    },
    {
      "quarter": "2024-09 (Q3)",
      "signal": "FCF MARGIN EXPANSION",
      "detail": "FCF margin: -29.0% -> -0.1% (+29.0%)",
      "severity": "MEDIUM"
    },
    {
      "quarter": "2024-09 (Q3)",
      "signal": "YoY REVENUE GROWTH ACCELERATION",
      "detail": "YoY growth: +31.4% vs prior quarter YoY: +25.2% (accel: +6.3%)",
      "severity": "MEDIUM"
    },
    {
      "quarter": "2024-09 (Q3)",
      "signal": "OP MARGIN TURNED POSITIVE (YoY)",
      "detail": "Op margin: -15.9% (year-ago) -> +0.9%",
      "severity": "HIGH"
    },
    {
      "quarter": "2024-09 (Q3)",
      "signal": "OP MARGIN TURNED POSITIVE (QoQ)",
      "detail": "Op margin: -14.2% -> +0.9%",
      "severity": "HIGH"
    },
    {
      "quarter": "2024-06 (Q2)",
      "signal": "FCF MARGIN EXPANSION",
      "detail": "FCF margin: -42.9% -> -29.0% (+13.9%)",
      "severity": "MEDIUM"
    },
    {
      "quarter": "2024-06 (Q2)",
      "signal": "OPERATING LEVERAGE",
      "detail": "Rev growth +28.9% vs OpEx growth +1.0% (leverage: 28.7x)",
      "severity": "MEDIUM"
    },
    {
      "quarter": "2024-06 (Q2)",
      "signal": "YoY REVENUE GROWTH ACCELERATION",
      "detail": "YoY growth: +25.2% vs prior quarter YoY: -43.4% (accel: +68.6%)",
      "severity": "HIGH"
    },
    {
      "quarter": "2024-03 (Q1)",
      "signal": "GROSS MARGIN INFLECTION",
      "detail": "GM: +25.6% -> -8.5% -> +17.5% (reversal +25.9%)",
      "severity": "HIGH"
    },
    {
      "quarter": "2023-12 (Q4)",
      "signal": "YoY REVENUE GROWTH DECELERATION",
      "detail": "YoY growth: -43.2% vs prior quarter YoY: -23.2% (decel: -20.0%)",
      "severity": "WARNING"
    },
    {
      "quarter": "2023-09 (Q3)",
      "signal": "YoY REVENUE GROWTH DECELERATION",
      "detail": "YoY growth: -23.2% vs prior quarter YoY: -12.7% (decel: -10.5%)",
      "severity": "WARNING"
    },
    {
      "quarter": "2023-06 (Q2)",
      "signal": "FCF TURNED POSITIVE",
      "detail": "FCF margin: -39.3% -> +46.6%",
      "severity": "HIGH"
    },
    {
      "quarter": "2023-06 (Q2)",
      "signal": "YoY REVENUE GROWTH DECELERATION",
      "detail": "YoY growth: -12.7% vs prior quarter YoY: +86.8% (decel: -99.5%)",
      "severity": "WARNING"
    },
    {
      "quarter": "2023-03 (Q1)",
      "signal": "YoY REVENUE GROWTH ACCELERATION",
      "detail": "YoY growth: +86.8% vs prior quarter YoY: +53.4% (accel: +33.4%)",
      "severity": "HIGH"
    },
    {
      "quarter": "2022-12 (Q4)",
      "signal": "FCF TURNED POSITIVE",
      "detail": "FCF margin: -3.4% -> +34.5%",
      "severity": "HIGH"
    },
    {
      "quarter": "2022-12 (Q4)",
      "signal": "YoY REVENUE GROWTH DECELERATION",
      "detail": "YoY growth: +53.4% vs prior quarter YoY: +87.5% (decel: -34.2%)",
      "severity": "WARNING"
    },
    {
      "quarter": "2022-09 (Q3)",
      "signal": "FCF MARGIN EXPANSION",
      "detail": "FCF margin: -18.8% -> -3.4% (+15.4%)",
      "severity": "MEDIUM"
    },
    {
      "quarter": "2022-09 (Q3)",
      "signal": "YoY REVENUE GROWTH ACCELERATION",
      "detail": "YoY growth: +87.5% vs prior quarter YoY: +44.0% (accel: +43.6%)",
      "severity": "HIGH"
    },
    {
      "quarter": "2022-09 (Q3)",
      "signal": "OP MARGIN TURNED POSITIVE (YoY)",
      "detail": "Op margin: -21.3% (year-ago) -> +1.5%",
      "severity": "HIGH"
    },
    {
      "quarter": "2022-09 (Q3)",
      "signal": "OP MARGIN TURNED POSITIVE (QoQ)",
      "detail": "Op margin: -14.8% -> +1.5%",
      "severity": "HIGH"
    },
    {
      "quarter": "2022-06 (Q2)",
      "signal": "FCF MARGIN EXPANSION",
      "detail": "FCF margin: -34.3% -> -18.8% (+15.5%)",
      "severity": "MEDIUM"
    },
    {
      "quarter": "2022-06 (Q2)",
      "signal": "YoY REVENUE GROWTH ACCELERATION",
      "detail": "YoY growth: +44.0% vs prior quarter YoY: +38.3% (accel: +5.7%)",
      "severity": "MEDIUM"
    },
    {
      "quarter": "2022-03 (Q1)",
      "signal": "GROSS MARGIN INFLECTION",
      "detail": "GM: +17.0% -> +13.6% -> +16.5% (reversal +3.0%)",
      "severity": "MEDIUM"
    },
    {
      "quarter": "2022-03 (Q1)",
      "signal": "YoY REVENUE GROWTH DECELERATION",
      "detail": "YoY growth: +38.3% vs prior quarter YoY: +48.7% (decel: -10.4%)",
      "severity": "WARNING"
    },
    {
      "quarter": "2021-12 (Q4)",
      "signal": "FCF MARGIN EXPANSION",
      "detail": "FCF margin: -42.0% -> -15.3% (+26.7%)",
      "severity": "MEDIUM"
    },
    {
      "quarter": "2021-06 (Q2)",
      "signal": "FCF MARGIN EXPANSION",
      "detail": "FCF margin: -47.5% -> -9.2% (+38.3%)",
      "severity": "MEDIUM"
    }
  ],
  "data_quality": {
    "n_quarters": 20,
    "coverage": {
      "revenue": [
        20,
        20
      ],
      "gross_profit": [
        20,
        20
      ],
      "op_income": [
        20,
        20
      ],
      "fcf": [
        20,
        20
      ]
    },
    "gaps": [],
    "warnings": []
  },
  "market_cap": null,
  "source": "SEC EDGAR",
  "last_updated": "2026-02-02T23:45:18.236242",
  "sector": "Industrials",
  "industry": "Specialty Industrial Machinery"
}