{
  "ticker": "CW",
  "name": "CURTISS-WRIGHT CORPORATION",
  "sector": "Industrials",
  "industry": "Aerospace & Defense",
  "quarters": [
    {
      "date": "2021-03-31T00:00:00",
      "quarter_label": "2021-03 (Q1)",
      "revenue": 597059000,
      "gross_profit": 209757000,
      "operating_income": 85066000,
      "net_income": 59469000,
      "opex": 124691000,
      "cogs": 387302000,
      "rd": 21863000,
      "sga": null,
      "fcf": -35140000,
      "ocf": -26603000,
      "capex": -8537000,
      "gross_margin": 0.3513170390195944,
      "op_margin": 0.14247503178077878,
      "fcf_margin": -0.05885515501818078
    },
    {
      "date": "2021-06-30T00:00:00",
      "quarter_label": "2021-06 (Q2)",
      "revenue": 621495000,
      "gross_profit": 224719000,
      "operating_income": 94583000,
      "net_income": 61408000,
      "opex": 130136000,
      "cogs": 396776000,
      "rd": 23194000,
      "sga": null,
      "fcf": 65845000,
      "ocf": 75079000,
      "capex": -9234000,
      "gross_margin": 0.3615781301539031,
      "op_margin": 0.15218626054915968,
      "fcf_margin": 0.10594614598669337,
      "op_leverage_ratio": 0.9372384368939758,
      "fcf_margin_change": 0.16480130100487417
    },
    {
      "date": "2021-09-30T00:00:00",
      "quarter_label": "2021-09 (Q3)",
      "revenue": 620619000,
      "gross_profit": 237008000,
      "operating_income": 97669000,
      "net_income": 69703000,
      "opex": 139339000,
      "cogs": 383611000,
      "rd": 21618000,
      "sga": null,
      "fcf": 97198000,
      "ocf": 107285000,
      "capex": -10087000,
      "gross_margin": 0.38188969399905576,
      "op_margin": 0.1573735254640931,
      "fcf_margin": 0.1566146057403979,
      "fcf_margin_change": 0.05066845975370453
    },
    {
      "date": "2021-12-31T00:00:00",
      "quarter_label": "2021-12 (Q4)",
      "revenue": 661588000,
      "gross_profit": 261872000,
      "operating_income": 105365000,
      "net_income": 76579000,
      "opex": 156507000,
      "cogs": 404886000,
      "rd": 21814000,
      "sga": null,
      "fcf": 218657000,
      "ocf": 231907000,
      "capex": -13250000,
      "gross_margin": 0.39582338252809907,
      "op_margin": 0.15926074838116774,
      "fcf_margin": 0.33050327394088164,
      "op_leverage_ratio": 0.5357760314951588,
      "fcf_margin_change": 0.17388866820048374
    },
    {
      "date": "2022-03-31T00:00:00",
      "quarter_label": "2022-03 (Q1)",
      "revenue": 559461000,
      "gross_profit": 201402000,
      "operating_income": 60510000,
      "net_income": 40685000,
      "opex": 140892000,
      "cogs": 358059000,
      "rd": 20549000,
      "sga": null,
      "fcf": -135211000,
      "ocf": -124315000,
      "capex": -10896000,
      "gross_margin": 0.35999292175862124,
      "op_margin": 0.10815767318901585,
      "fcf_margin": -0.24168083208659763,
      "incr_op_margin_yoy": 0.6531198468003617,
      "rev_growth_yoy": -0.06297200109201938,
      "fcf_margin_change": -0.5721841060274793
    },
    {
      "date": "2022-06-30T00:00:00",
      "quarter_label": "2022-06 (Q2)",
      "revenue": 609357000,
      "gross_profit": 228514000,
      "operating_income": 98105000,
      "net_income": 70872000,
      "opex": 130409000,
      "cogs": 380843000,
      "rd": 23868000,
      "sga": null,
      "fcf": 22448000,
      "ocf": 31044000,
      "capex": -8596000,
      "gross_margin": 0.3750084105048436,
      "op_margin": 0.1609975761335309,
      "fcf_margin": 0.03683883175215842,
      "incr_op_margin_yoy": -0.2901631240731587,
      "rev_growth_yoy": -0.019530326068592667,
      "rev_growth_yoy_accel": 0.04344167502342671,
      "op_leverage_ratio": null,
      "fcf_margin_change": 0.27851966383875604
    },
    {
      "date": "2022-09-30T00:00:00",
      "quarter_label": "2022-09 (Q3)",
      "revenue": 630542000,
      "gross_profit": 232209000,
      "operating_income": 107583000,
      "net_income": 73768000,
      "opex": 124626000,
      "cogs": 398333000,
      "rd": 17387000,
      "sga": null,
      "fcf": 86361000,
      "ocf": 95658000,
      "capex": -9297000,
      "gross_margin": 0.3682688861328825,
      "op_margin": 0.170619879405337,
      "fcf_margin": 0.13696312061686614,
      "incr_op_margin_yoy": 0.999093016224932,
      "rev_growth_yoy": 0.015988875622563924,
      "rev_growth_yoy_accel": 0.03551920169115659,
      "op_leverage_ratio": null,
      "fcf_margin_change": 0.10012428886470771
    },
    {
      "date": "2022-12-31T00:00:00",
      "quarter_label": "2022-12 (Q4)",
      "revenue": 757665000,
      "gross_profit": 292484000,
      "operating_income": 157245000,
      "net_income": 109023000,
      "opex": 135239000,
      "cogs": 465181000,
      "rd": 19032000,
      "sga": null,
      "fcf": 282961000,
      "ocf": 292389000,
      "capex": -9428000,
      "gross_margin": 0.3860334052648598,
      "op_margin": 0.20753895191146482,
      "fcf_margin": 0.3734645258788515,
      "incr_op_margin_yoy": 0.5399835548570417,
      "rev_growth_yoy": 0.1452217996698852,
      "rev_growth_yoy_accel": 0.12923292404732126,
      "op_leverage_ratio": 2.367448853502852,
      "fcf_margin_change": 0.23650140526198535
    },
    {
      "date": "2023-03-31T00:00:00",
      "quarter_label": "2023-03 (Q1)",
      "revenue": 630860000,
      "gross_profit": 221408000,
      "operating_income": 78615000,
      "net_income": 56846000,
      "opex": 142793000,
      "cogs": 409452000,
      "rd": 22024000,
      "sga": null,
      "fcf": -102260000,
      "ocf": -91599000,
      "capex": -10661000,
      "gross_margin": 0.3509621786133215,
      "op_margin": 0.12461560409599594,
      "fcf_margin": -0.16209618615857718,
      "incr_op_margin_yoy": 0.2535749800417373,
      "rev_growth_yoy": 0.12762104954590223,
      "rev_growth_yoy_accel": -0.01760075012398296,
      "fcf_margin_change": -0.5355607120374286
    },
    {
      "date": "2023-06-30T00:00:00",
      "quarter_label": "2023-06 (Q2)",
      "revenue": 704396000,
      "gross_profit": 259573000,
      "operating_income": 112775000,
      "net_income": 80999000,
      "opex": 146798000,
      "cogs": 444823000,
      "rd": 20210000,
      "sga": null,
      "fcf": 98949000,
      "ocf": 110952000,
      "capex": -12003000,
      "gross_margin": 0.3685043640225101,
      "op_margin": 0.16010170415504915,
      "fcf_margin": 0.14047354045167776,
      "incr_op_margin_yoy": 0.15435768473994887,
      "rev_growth_yoy": 0.15596604289439525,
      "rev_growth_yoy_accel": 0.028344993348493025,
      "op_leverage_ratio": 4.155960475332348,
      "fcf_margin_change": 0.30256972661025494
    },
    {
      "date": "2023-09-30T00:00:00",
      "quarter_label": "2023-09 (Q3)",
      "revenue": 724326000,
      "gross_profit": 281468000,
      "operating_income": 132519000,
      "net_income": 96778000,
      "opex": 148949000,
      "cogs": 442858000,
      "rd": 23464000,
      "sga": null,
      "fcf": 136991000,
      "ocf": 146364000,
      "capex": -9373000,
      "gross_margin": 0.3885929816132515,
      "op_margin": 0.1829549125669933,
      "fcf_margin": 0.18912892813456925,
      "incr_op_margin_yoy": 0.2658875714407575,
      "rev_growth_yoy": 0.148735532288095,
      "rev_growth_yoy_accel": -0.0072305106063002555,
      "op_leverage_ratio": 1.9309460767821927,
      "fcf_margin_change": 0.04865538768289149
    },
    {
      "date": "2023-12-31T00:00:00",
      "quarter_label": "2023-12 (Q4)",
      "revenue": 785791000,
      "gross_profit": 304729000,
      "operating_income": 160693000,
      "net_income": 119886000,
      "opex": 144036000,
      "cogs": 481062000,
      "rd": 20066000,
      "sga": null,
      "fcf": 269743000,
      "ocf": 282372000,
      "capex": -12629000,
      "gross_margin": 0.3877990458022553,
      "op_margin": 0.20449839715649581,
      "fcf_margin": 0.34327575653068054,
      "incr_op_margin_yoy": 0.12259119675744862,
      "rev_growth_yoy": 0.03712194703463932,
      "rev_growth_yoy_accel": -0.11161358525345567,
      "op_leverage_ratio": null,
      "fcf_margin_change": 0.1541468283961113
    },
    {
      "date": "2024-03-31T00:00:00",
      "quarter_label": "2024-03 (Q1)",
      "revenue": 713167000,
      "gross_profit": 253755000,
      "operating_income": 99961000,
      "net_income": 76495000,
      "opex": 153794000,
      "cogs": 459412000,
      "rd": 22980000,
      "sga": null,
      "fcf": -57688000,
      "ocf": -45633000,
      "capex": -12055000,
      "gross_margin": 0.3558142763195717,
      "op_margin": 0.14016492630758293,
      "fcf_margin": -0.08088988974531912,
      "incr_op_margin_yoy": 0.2593461066494952,
      "rev_growth_yoy": 0.13046793266334844,
      "rev_growth_yoy_accel": 0.09334598562870912,
      "fcf_margin_change": -0.4241656462759997
    },
    {
      "date": "2024-06-30T00:00:00",
      "quarter_label": "2024-06 (Q2)",
      "revenue": 784791000,
      "gross_profit": 284101000,
      "operating_income": 128897000,
      "net_income": 99471000,
      "opex": 155204000,
      "cogs": 500690000,
      "rd": 22152000,
      "sga": null,
      "fcf": 100271000,
      "ocf": 111335000,
      "capex": -11064000,
      "gross_margin": 0.36200848378740325,
      "op_margin": 0.16424372858506278,
      "fcf_margin": 0.12776777511464835,
      "incr_op_margin_yoy": 0.20053485913303065,
      "rev_growth_yoy": 0.1141332432324999,
      "rev_growth_yoy_accel": -0.016334689430848537,
      "op_leverage_ratio": 10.954375209403322,
      "fcf_margin_change": 0.20865766485996745
    },
    {
      "date": "2024-09-30T00:00:00",
      "quarter_label": "2024-09 (Q3)",
      "revenue": 798918000,
      "gross_profit": 298263000,
      "operating_income": 144903000,
      "net_income": 111160000,
      "opex": 153360000,
      "cogs": 500655000,
      "rd": 20734000,
      "sga": null,
      "fcf": 162690000,
      "ocf": 177274000,
      "capex": -14584000,
      "gross_margin": 0.37333368380734944,
      "op_margin": 0.18137405841400495,
      "fcf_margin": 0.2036379202871884,
      "incr_op_margin_yoy": 0.16602316602316602,
      "rev_growth_yoy": 0.10298125429709827,
      "rev_growth_yoy_accel": -0.011151988935401633,
      "op_leverage_ratio": null,
      "fcf_margin_change": 0.07587014517254007
    },
    {
      "date": "2024-12-31T00:00:00",
      "quarter_label": "2024-12 (Q4)",
      "revenue": 824313000,
      "gross_profit": 317430000,
      "operating_income": 154836000,
      "net_income": 117852000,
      "opex": 162594000,
      "cogs": 506883000,
      "rd": 25781000,
      "sga": null,
      "fcf": 278028000,
      "ocf": 301299000,
      "capex": -23271000,
      "gross_margin": 0.38508430656801484,
      "op_margin": 0.1878364165068366,
      "fcf_margin": 0.33728450236742596,
      "incr_op_margin_yoy": -0.1520429884222003,
      "rev_growth_yoy": 0.04902321355169505,
      "rev_growth_yoy_accel": -0.053958040745403224,
      "op_leverage_ratio": 0.5279201523569399,
      "fcf_margin_change": 0.13364658208023755
    },
    {
      "date": "2025-03-31T00:00:00",
      "quarter_label": "2025-03 (Q1)",
      "revenue": 805645000,
      "gross_profit": 292464000,
      "operating_income": 129205000,
      "net_income": 101337000,
      "opex": 163259000,
      "cogs": 513181000,
      "rd": 23019000,
      "sga": null,
      "fcf": -54538000,
      "ocf": -38765000,
      "capex": -15773000,
      "gross_margin": 0.36301845105474495,
      "op_margin": 0.16037460668160294,
      "fcf_margin": -0.06769482836733301,
      "incr_op_margin_yoy": 0.3162265619931227,
      "rev_growth_yoy": 0.12967229274489706,
      "rev_growth_yoy_accel": 0.08064907919320201,
      "fcf_margin_change": -0.404979330734759
    },
    {
      "date": "2025-06-30T00:00:00",
      "quarter_label": "2025-06 (Q2)",
      "revenue": 876576000,
      "gross_profit": 326157000,
      "operating_income": 156307000,
      "net_income": 121061000,
      "opex": 169850000,
      "cogs": 550419000,
      "rd": 23308000,
      "sga": null,
      "fcf": 117204000,
      "ocf": 136585000,
      "capex": -19381000,
      "gross_margin": 0.37208068667177746,
      "op_margin": 0.1783153999196875,
      "fcf_margin": 0.13370660387690286,
      "incr_op_margin_yoy": 0.2986326741842349,
      "rev_growth_yoy": 0.11695470513805586,
      "rev_growth_yoy_accel": -0.01271758760684119,
      "op_leverage_ratio": 2.180811792631063,
      "fcf_margin_change": 0.20140143224423587
    },
    {
      "date": "2025-09-30T00:00:00",
      "quarter_label": "2025-09 (Q3)",
      "revenue": 869170000,
      "gross_profit": 327470000,
      "operating_income": 166251000,
      "net_income": 124832000,
      "opex": 161219000,
      "cogs": 541700000,
      "rd": 23407000,
      "sga": null,
      "fcf": 175938000,
      "ocf": 192838000,
      "capex": -16900000,
      "gross_margin": 0.37676173821001646,
      "op_margin": 0.19127558475327036,
      "fcf_margin": 0.20242070020824465,
      "incr_op_margin_yoy": 0.3038774696805785,
      "rev_growth_yoy": 0.08793393064119222,
      "rev_growth_yoy_accel": -0.029020774496863647,
      "fcf_margin_change": 0.06871409633134179
    },
    {
      "date": "2025-12-31T00:00:00",
      "quarter_label": "2025-12 (Q4)",
      "revenue": 946981000,
      "gross_profit": 355443000,
      "operating_income": 181758000,
      "net_income": 136998000,
      "opex": 173685000,
      "cogs": 591538000,
      "rd": 25427000,
      "sga": null,
      "fcf": 315106000,
      "ocf": 352744000,
      "capex": -37638000,
      "gross_margin": 0.37534332790203817,
      "op_margin": 0.19193415707390116,
      "fcf_margin": 0.33274796432029785,
      "incr_op_margin_yoy": 0.2194704405386898,
      "rev_growth_yoy": 0.1488124049966457,
      "rev_growth_yoy_accel": 0.060878474355453474,
      "op_leverage_ratio": 1.1577782036437407,
      "fcf_margin_change": 0.1303272641120532
    }
  ],
  "signals": [
    {
      "quarter": "2025-12 (Q4)",
      "signal": "FCF MARGIN EXPANSION",
      "detail": "FCF margin: +20.2% -> +33.3% (+13.0%)",
      "severity": "MEDIUM"
    },
    {
      "quarter": "2025-12 (Q4)",
      "signal": "YoY REVENUE GROWTH ACCELERATION",
      "detail": "YoY growth: +14.9% vs prior quarter YoY: +8.8% (accel: +6.1%)",
      "severity": "MEDIUM"
    },
    {
      "quarter": "2025-09 (Q3)",
      "signal": "FCF MARGIN EXPANSION",
      "detail": "FCF margin: +13.4% -> +20.2% (+6.9%)",
      "severity": "MEDIUM"
    },
    {
      "quarter": "2025-09 (Q3)",
      "signal": "INCREMENTAL MARGIN (YoY)",
      "detail": "YoY Incr OPM: +30.4% vs year-ago OPM: +18.1%",
      "severity": "MEDIUM"
    },
    {
      "quarter": "2025-06 (Q2)",
      "signal": "FCF TURNED POSITIVE",
      "detail": "FCF margin: -6.8% -> +13.4%",
      "severity": "HIGH"
    },
    {
      "quarter": "2025-06 (Q2)",
      "signal": "OPERATING LEVERAGE",
      "detail": "Rev growth +8.8% vs OpEx growth +4.0% (leverage: 2.2x)",
      "severity": "MEDIUM"
    },
    {
      "quarter": "2025-06 (Q2)",
      "signal": "INCREMENTAL MARGIN (YoY)",
      "detail": "YoY Incr OPM: +29.9% vs year-ago OPM: +16.4%",
      "severity": "MEDIUM"
    },
    {
      "quarter": "2025-03 (Q1)",
      "signal": "YoY REVENUE GROWTH ACCELERATION",
      "detail": "YoY growth: +13.0% vs prior quarter YoY: +4.9% (accel: +8.1%)",
      "severity": "MEDIUM"
    },
    {
      "quarter": "2025-03 (Q1)",
      "signal": "INCREMENTAL MARGIN (YoY)",
      "detail": "YoY Incr OPM: +31.6% vs year-ago OPM: +14.0%",
      "severity": "MEDIUM"
    },
    {
      "quarter": "2024-12 (Q4)",
      "signal": "FCF MARGIN EXPANSION",
      "detail": "FCF margin: +20.4% -> +33.7% (+13.4%)",
      "severity": "MEDIUM"
    },
    {
      "quarter": "2024-12 (Q4)",
      "signal": "YoY REVENUE GROWTH DECELERATION",
      "detail": "YoY growth: +4.9% vs prior quarter YoY: +10.3% (decel: -5.4%)",
      "severity": "WARNING"
    },
    {
      "quarter": "2024-09 (Q3)",
      "signal": "FCF MARGIN EXPANSION",
      "detail": "FCF margin: +12.8% -> +20.4% (+7.6%)",
      "severity": "MEDIUM"
    },
    {
      "quarter": "2024-06 (Q2)",
      "signal": "FCF TURNED POSITIVE",
      "detail": "FCF margin: -8.1% -> +12.8%",
      "severity": "HIGH"
    },
    {
      "quarter": "2024-06 (Q2)",
      "signal": "OPERATING LEVERAGE",
      "detail": "Rev growth +10.0% vs OpEx growth +0.9% (leverage: 11.0x)",
      "severity": "MEDIUM"
    },
    {
      "quarter": "2024-03 (Q1)",
      "signal": "YoY REVENUE GROWTH ACCELERATION",
      "detail": "YoY growth: +13.0% vs prior quarter YoY: +3.7% (accel: +9.3%)",
      "severity": "MEDIUM"
    },
    {
      "quarter": "2024-03 (Q1)",
      "signal": "INCREMENTAL MARGIN (YoY)",
      "detail": "YoY Incr OPM: +25.9% vs year-ago OPM: +12.5%",
      "severity": "MEDIUM"
    },
    {
      "quarter": "2023-12 (Q4)",
      "signal": "FCF MARGIN EXPANSION",
      "detail": "FCF margin: +18.9% -> +34.3% (+15.4%)",
      "severity": "MEDIUM"
    },
    {
      "quarter": "2023-12 (Q4)",
      "signal": "YoY REVENUE GROWTH DECELERATION",
      "detail": "YoY growth: +3.7% vs prior quarter YoY: +14.9% (decel: -11.2%)",
      "severity": "WARNING"
    },
    {
      "quarter": "2023-09 (Q3)",
      "signal": "OPERATING LEVERAGE",
      "detail": "Rev growth +2.8% vs OpEx growth +1.5% (leverage: 1.9x)",
      "severity": "MEDIUM"
    },
    {
      "quarter": "2023-06 (Q2)",
      "signal": "FCF TURNED POSITIVE",
      "detail": "FCF margin: -16.2% -> +14.0%",
      "severity": "HIGH"
    },
    {
      "quarter": "2023-06 (Q2)",
      "signal": "OPERATING LEVERAGE",
      "detail": "Rev growth +11.7% vs OpEx growth +2.8% (leverage: 4.2x)",
      "severity": "MEDIUM"
    },
    {
      "quarter": "2023-03 (Q1)",
      "signal": "INCREMENTAL MARGIN (YoY)",
      "detail": "YoY Incr OPM: +25.4% vs year-ago OPM: +10.8%",
      "severity": "MEDIUM"
    },
    {
      "quarter": "2022-12 (Q4)",
      "signal": "FCF MARGIN EXPANSION",
      "detail": "FCF margin: +13.7% -> +37.3% (+23.7%)",
      "severity": "MEDIUM"
    },
    {
      "quarter": "2022-12 (Q4)",
      "signal": "OPERATING LEVERAGE",
      "detail": "Rev growth +20.2% vs OpEx growth +8.5% (leverage: 2.4x)",
      "severity": "MEDIUM"
    },
    {
      "quarter": "2022-12 (Q4)",
      "signal": "YoY REVENUE GROWTH ACCELERATION",
      "detail": "YoY growth: +14.5% vs prior quarter YoY: +1.6% (accel: +12.9%)",
      "severity": "MEDIUM"
    },
    {
      "quarter": "2022-12 (Q4)",
      "signal": "INCREMENTAL MARGIN (YoY)",
      "detail": "YoY Incr OPM: +54.0% vs year-ago OPM: +15.9%",
      "severity": "HIGH"
    },
    {
      "quarter": "2022-09 (Q3)",
      "signal": "FCF MARGIN EXPANSION",
      "detail": "FCF margin: +3.7% -> +13.7% (+10.0%)",
      "severity": "MEDIUM"
    },
    {
      "quarter": "2022-09 (Q3)",
      "signal": "INCREMENTAL MARGIN (YoY)",
      "detail": "YoY Incr OPM: +99.9% vs year-ago OPM: +15.7%",
      "severity": "HIGH"
    },
    {
      "quarter": "2022-06 (Q2)",
      "signal": "FCF TURNED POSITIVE",
      "detail": "FCF margin: -24.2% -> +3.7%",
      "severity": "HIGH"
    },
    {
      "quarter": "2022-03 (Q1)",
      "signal": "INCREMENTAL MARGIN (YoY)",
      "detail": "YoY Incr OPM: +65.3% vs year-ago OPM: +14.2%",
      "severity": "HIGH"
    },
    {
      "quarter": "2021-12 (Q4)",
      "signal": "FCF MARGIN EXPANSION",
      "detail": "FCF margin: +15.7% -> +33.1% (+17.4%)",
      "severity": "MEDIUM"
    },
    {
      "quarter": "2021-09 (Q3)",
      "signal": "FCF MARGIN EXPANSION",
      "detail": "FCF margin: +10.6% -> +15.7% (+5.1%)",
      "severity": "MEDIUM"
    },
    {
      "quarter": "2021-06 (Q2)",
      "signal": "FCF TURNED POSITIVE",
      "detail": "FCF margin: -5.9% -> +10.6%",
      "severity": "HIGH"
    }
  ],
  "data_quality": {
    "n_quarters": 20,
    "coverage": {
      "revenue": [
        20,
        20
      ],
      "gross_profit": [
        20,
        20
      ],
      "op_income": [
        20,
        20
      ],
      "fcf": [
        20,
        20
      ]
    },
    "gaps": [],
    "warnings": []
  },
  "market_cap": null,
  "source": "SEC EDGAR",
  "last_updated": "2026-02-13T11:33:46.951953"
}