{
  "ticker": "CWAN",
  "name": "Clearwater Analytics Holdings, Inc.",
  "quarters": [
    {
      "date": "2020-12-31T00:00:00",
      "quarter_label": "2020-12 (Q4)",
      "revenue": 54758000,
      "gross_profit": 40711000,
      "operating_income": -61498000,
      "net_income": null,
      "opex": 102209000,
      "cogs": 14047000,
      "rd": 16433000,
      "sga": null,
      "fcf": -33182000,
      "ocf": -32521000,
      "capex": -661000,
      "gross_margin": 0.743471273603857,
      "op_margin": -1.1230870375105007,
      "fcf_margin": -0.605975382592498
    },
    {
      "date": "2021-03-31T00:00:00",
      "quarter_label": "2021-03 (Q1)",
      "revenue": 56894000,
      "gross_profit": 42572000,
      "operating_income": 11982000,
      "net_income": null,
      "opex": 30590000,
      "cogs": 14322000,
      "rd": 15836000,
      "sga": null,
      "fcf": -19678000,
      "ocf": -18368000,
      "capex": -1310000,
      "gross_margin": 0.748268710233065,
      "op_margin": 0.21060217246106794,
      "fcf_margin": -0.34587126937814183,
      "op_leverage_ratio": Infinity,
      "fcf_margin_change": 0.2601041132143561
    },
    {
      "date": "2021-06-30T00:00:00",
      "quarter_label": "2021-06 (Q2)",
      "revenue": 60876000,
      "gross_profit": 45300000,
      "operating_income": 8562000,
      "net_income": null,
      "opex": 36738000,
      "cogs": 15576000,
      "rd": 16740000,
      "sga": null,
      "fcf": 1095000,
      "ocf": 2016000,
      "capex": -921000,
      "gross_margin": 0.7441356199487483,
      "op_margin": 0.14064656022077665,
      "fcf_margin": 0.017987384190814113,
      "op_leverage_ratio": 0.3482414042628647,
      "fcf_margin_change": 0.36385865356895597
    },
    {
      "date": "2021-09-30T00:00:00",
      "quarter_label": "2021-09 (Q3)",
      "revenue": 64489000,
      "gross_profit": 46704000,
      "operating_income": 7263000,
      "net_income": -8314000,
      "opex": 39441000,
      "cogs": 17785000,
      "rd": 18415000,
      "sga": null,
      "fcf": 6025000,
      "ocf": 7293000,
      "capex": -1268000,
      "gross_margin": 0.7242165330521484,
      "op_margin": 0.11262385833242879,
      "fcf_margin": 0.09342678596349765,
      "op_leverage_ratio": 0.8066614771724608,
      "fcf_margin_change": 0.07543940177268355
    },
    {
      "date": "2021-12-31T00:00:00",
      "quarter_label": "2021-12 (Q4)",
      "revenue": 69763000,
      "gross_profit": 49582000,
      "operating_income": 654000,
      "net_income": 101000,
      "opex": 48928000,
      "cogs": 20181000,
      "rd": 21699000,
      "sga": null,
      "fcf": 10891000,
      "ocf": 12417000,
      "capex": -1526000,
      "gross_margin": 0.7107205825437553,
      "op_margin": 0.00937459684933274,
      "fcf_margin": 0.15611427260868943,
      "incr_op_margin_yoy": 4.142085971342886,
      "rev_growth_yoy": 0.2740238869206326,
      "op_leverage_ratio": 0.3399957590884159,
      "fcf_margin_change": 0.06268748664519178
    },
    {
      "date": "2022-03-31T00:00:00",
      "quarter_label": "2022-03 (Q1)",
      "revenue": 70778000,
      "gross_profit": 49606000,
      "operating_income": 1279000,
      "net_income": 398000,
      "opex": 48327000,
      "cogs": 21172000,
      "rd": 21294000,
      "sga": null,
      "fcf": 4689000,
      "ocf": 6916000,
      "capex": -2227000,
      "gross_margin": 0.7008675012009381,
      "op_margin": 0.01807058690553562,
      "fcf_margin": 0.06624939953092769,
      "incr_op_margin_yoy": -0.7708873523480265,
      "rev_growth_yoy": 0.24403276268147783,
      "rev_growth_yoy_accel": -0.029991124239154787,
      "op_leverage_ratio": Infinity,
      "fcf_margin_change": -0.08986487307776174
    },
    {
      "date": "2022-06-30T00:00:00",
      "quarter_label": "2022-06 (Q2)",
      "revenue": 73409000,
      "gross_profit": 52490000,
      "operating_income": 1127000,
      "net_income": -2428000,
      "opex": 51363000,
      "cogs": 20919000,
      "rd": 22836000,
      "sga": null,
      "fcf": 16510000,
      "ocf": 18251000,
      "capex": -1741000,
      "gross_margin": 0.7150349412197414,
      "op_margin": 0.015352340993611137,
      "fcf_margin": 0.2249043032870629,
      "incr_op_margin_yoy": -0.5932338626027288,
      "rev_growth_yoy": 0.2058775215191537,
      "rev_growth_yoy_accel": -0.03815524116232413,
      "op_leverage_ratio": 0.5917123456888024,
      "fcf_margin_change": 0.15865490375613522
    },
    {
      "date": "2022-09-30T00:00:00",
      "quarter_label": "2022-09 (Q3)",
      "revenue": 76552000,
      "gross_profit": 53832000,
      "operating_income": -1164000,
      "net_income": -2974000,
      "opex": 54996000,
      "cogs": 22720000,
      "rd": 25438000,
      "sga": null,
      "fcf": 12768000,
      "ocf": 14680000,
      "capex": -1912000,
      "gross_margin": 0.7032082767269308,
      "op_margin": -0.015205350611349148,
      "fcf_margin": 0.1667885881492319,
      "incr_op_margin_yoy": -0.6985824421785626,
      "rev_growth_yoy": 0.18705515669338957,
      "rev_growth_yoy_accel": -0.018822364825764132,
      "op_leverage_ratio": 0.6053130780376349,
      "fcf_margin_change": -0.05811571513783101
    },
    {
      "date": "2022-12-31T00:00:00",
      "quarter_label": "2022-12 (Q4)",
      "revenue": 82687000,
      "gross_profit": 59714000,
      "operating_income": 3875000,
      "net_income": -2962000,
      "opex": 55839000,
      "cogs": 22973000,
      "rd": 24552000,
      "sga": null,
      "fcf": 16280000,
      "ocf": 18158000,
      "capex": -1878000,
      "gross_margin": 0.7221691438799328,
      "op_margin": 0.04686347309734299,
      "fcf_margin": 0.19688705600638554,
      "incr_op_margin_yoy": 0.2492262457443516,
      "rev_growth_yoy": 0.18525579461892408,
      "rev_growth_yoy_accel": -0.0017993620744654881,
      "op_leverage_ratio": 5.228312697177161,
      "fcf_margin_change": 0.030098467857153643
    },
    {
      "date": "2023-03-31T00:00:00",
      "quarter_label": "2023-03 (Q1)",
      "revenue": 84606000,
      "gross_profit": 59781000,
      "operating_income": -6323000,
      "net_income": -4384000,
      "opex": 66104000,
      "cogs": 24825000,
      "rd": 28100000,
      "sga": null,
      "fcf": 6218000,
      "ocf": 7935000,
      "capex": -1717000,
      "gross_margin": 0.7065810935394653,
      "op_margin": -0.07473465238871947,
      "fcf_margin": 0.07349360565444531,
      "incr_op_margin_yoy": -0.5497541220711599,
      "rev_growth_yoy": 0.19537144310378932,
      "rev_growth_yoy_accel": 0.010115648484865236,
      "op_leverage_ratio": 0.1262456485369498,
      "fcf_margin_change": -0.12339345035194023
    },
    {
      "date": "2023-06-30T00:00:00",
      "quarter_label": "2023-06 (Q2)",
      "revenue": 89879000,
      "gross_profit": 62925000,
      "operating_income": -7125000,
      "net_income": -10921000,
      "opex": 70050000,
      "cogs": 26954000,
      "rd": 29848000,
      "sga": null,
      "fcf": 19561000,
      "ocf": 21137000,
      "capex": -1576000,
      "gross_margin": 0.7001079228740863,
      "op_margin": -0.07927324514068915,
      "fcf_margin": 0.21763704536098533,
      "incr_op_margin_yoy": -0.5010321797207044,
      "rev_growth_yoy": 0.22435941097140677,
      "rev_growth_yoy_accel": 0.028987967867617453,
      "op_leverage_ratio": 1.0440643508057066,
      "fcf_margin_change": 0.14414343970654003
    },
    {
      "date": "2023-09-30T00:00:00",
      "quarter_label": "2023-09 (Q3)",
      "revenue": 94664000,
      "gross_profit": 67651000,
      "operating_income": -5887000,
      "net_income": -1889000,
      "opex": 73538000,
      "cogs": 27013000,
      "rd": 32250000,
      "sga": null,
      "fcf": 30664000,
      "ocf": 31433000,
      "capex": -769000,
      "gross_margin": 0.7146433702357813,
      "op_margin": -0.06218837150342263,
      "fcf_margin": 0.32392461759486185,
      "incr_op_margin_yoy": -0.26076634275618377,
      "rev_growth_yoy": 0.236597345595151,
      "rev_growth_yoy_accel": 0.012237934623744229,
      "op_leverage_ratio": 1.0691911952266917,
      "fcf_margin_change": 0.10628757223387653
    },
    {
      "date": "2023-12-31T00:00:00",
      "quarter_label": "2023-12 (Q4)",
      "revenue": 99019000,
      "gross_profit": 70684000,
      "operating_income": 2590000,
      "net_income": -4433000,
      "opex": 68094000,
      "cogs": 28335000,
      "rd": 33727000,
      "sga": null,
      "fcf": 22535000,
      "ocf": 24097000,
      "capex": -1562000,
      "gross_margin": 0.7138427978468779,
      "op_margin": 0.026156596208808412,
      "fcf_margin": 0.22758258516042376,
      "incr_op_margin_yoy": -0.0786798922361009,
      "rev_growth_yoy": 0.1975159335808531,
      "rev_growth_yoy_accel": -0.039081412014297906,
      "op_leverage_ratio": Infinity,
      "fcf_margin_change": -0.09634203243443809
    },
    {
      "date": "2024-03-31T00:00:00",
      "quarter_label": "2024-03 (Q1)",
      "revenue": 102719000,
      "gross_profit": 74541000,
      "operating_income": -166000,
      "net_income": 1898000,
      "opex": 74707000,
      "cogs": 28178000,
      "rd": 37676000,
      "sga": null,
      "fcf": 8599000,
      "ocf": 10037000,
      "capex": -1438000,
      "gross_margin": 0.7256787936019626,
      "op_margin": -0.0016160593463721415,
      "fcf_margin": 0.08371382120153038,
      "incr_op_margin_yoy": 0.3399216032683708,
      "rev_growth_yoy": 0.21408647140864714,
      "rev_growth_yoy_accel": 0.016570537827794052,
      "op_leverage_ratio": 0.38476318555282885,
      "fcf_margin_change": -0.14386876395889336
    },
    {
      "date": "2024-06-30T00:00:00",
      "quarter_label": "2024-06 (Q2)",
      "revenue": 106791000,
      "gross_profit": 76901000,
      "operating_income": 3844000,
      "net_income": -430000,
      "opex": 73057000,
      "cogs": 29890000,
      "rd": 35360000,
      "sga": null,
      "fcf": 42417000,
      "ocf": 43926000,
      "capex": -1509000,
      "gross_margin": 0.7201074996956672,
      "op_margin": 0.0359955426955455,
      "fcf_margin": 0.39719639295446246,
      "incr_op_margin_yoy": 0.6485927152317881,
      "rev_growth_yoy": 0.1881640872728891,
      "rev_growth_yoy_accel": -0.025922384135758036,
      "op_leverage_ratio": Infinity,
      "fcf_margin_change": 0.3134825717529321
    },
    {
      "date": "2024-09-30T00:00:00",
      "quarter_label": "2024-09 (Q3)",
      "revenue": 115828000,
      "gross_profit": 84471000,
      "operating_income": 7338000,
      "net_income": 3629000,
      "opex": 77133000,
      "cogs": 31357000,
      "rd": 36618000,
      "sga": null,
      "fcf": 48067000,
      "ocf": 49557000,
      "capex": -1490000,
      "gross_margin": 0.7292796215077528,
      "op_margin": 0.06335255724004558,
      "fcf_margin": 0.4149860137445177,
      "incr_op_margin_yoy": 0.6248818748818749,
      "rev_growth_yoy": 0.22356967801909913,
      "rev_growth_yoy_accel": 0.035405590746210025,
      "op_leverage_ratio": 1.516761470905324,
      "fcf_margin_change": 0.01778962079005525
    },
    {
      "date": "2024-12-31T00:00:00",
      "quarter_label": "2024-12 (Q4)",
      "revenue": 126465000,
      "gross_profit": 92904000,
      "operating_income": 1218000,
      "net_income": 419282000,
      "opex": 91686000,
      "cogs": 33561000,
      "rd": 40904000,
      "sga": null,
      "fcf": -30021000,
      "ocf": -29199000,
      "capex": -822000,
      "gross_margin": 0.7346222274937729,
      "op_margin": 0.009631123235677856,
      "fcf_margin": -0.23738583797888743,
      "incr_op_margin_yoy": -0.04998906944545653,
      "rev_growth_yoy": 0.2771791272382068,
      "rev_growth_yoy_accel": 0.05360944921910768,
      "op_leverage_ratio": 0.4867358058555351,
      "fcf_margin_change": -0.6523718517234052
    },
    {
      "date": "2025-03-31T00:00:00",
      "quarter_label": "2025-03 (Q1)",
      "revenue": 126864000,
      "gross_profit": 92940000,
      "operating_income": 7082000,
      "net_income": 6510000,
      "opex": 85858000,
      "cogs": 33924000,
      "rd": 37400000,
      "sga": null,
      "fcf": 23032000,
      "ocf": 24500000,
      "capex": -1468000,
      "gross_margin": 0.7325955353764662,
      "op_margin": 0.05582355908689621,
      "fcf_margin": 0.18154874511287677,
      "incr_op_margin_yoy": 0.3001863739904742,
      "rev_growth_yoy": 0.23505875251900818,
      "rev_growth_yoy_accel": -0.04212037471919863,
      "fcf_margin_change": 0.41893458309176423
    },
    {
      "date": "2025-06-30T00:00:00",
      "quarter_label": "2025-06 (Q2)",
      "revenue": 181937000,
      "gross_profit": 118514000,
      "operating_income": -14580000,
      "net_income": -23225000,
      "opex": 133094000,
      "cogs": 63423000,
      "rd": 49755000,
      "sga": null,
      "fcf": 44094000,
      "ocf": 47081000,
      "capex": -2987000,
      "gross_margin": 0.6514013092444088,
      "op_margin": -0.0801376300587566,
      "fcf_margin": 0.242358618642717,
      "incr_op_margin_yoy": -0.245176057275171,
      "rev_growth_yoy": 0.7036735305409632,
      "rev_growth_yoy_accel": 0.46861477802195495,
      "op_leverage_ratio": 0.7890562928739835,
      "fcf_margin_change": 0.060809873529840214
    },
    {
      "date": "2025-09-30T00:00:00",
      "quarter_label": "2025-09 (Q3)",
      "revenue": 205110000,
      "gross_profit": 134472000,
      "operating_income": 6554000,
      "net_income": -10335000,
      "opex": 127918000,
      "cogs": 70638000,
      "rd": 52065000,
      "sga": null,
      "fcf": 44927000,
      "ocf": 48984000,
      "capex": -4057000,
      "gross_margin": 0.6556091853151967,
      "op_margin": 0.03195358588074692,
      "fcf_margin": 0.2190385646726147,
      "incr_op_margin_yoy": -0.008781165296476334,
      "rev_growth_yoy": 0.7708153468936699,
      "rev_growth_yoy_accel": 0.06714181635270677,
      "op_leverage_ratio": Infinity,
      "fcf_margin_change": -0.023320053970102284
    }
  ],
  "signals": [
    {
      "quarter": "2025-09 (Q3)",
      "signal": "YoY REVENUE GROWTH ACCELERATION",
      "detail": "YoY growth: +77.1% vs prior quarter YoY: +70.4% (accel: +6.7%)",
      "severity": "MEDIUM"
    },
    {
      "quarter": "2025-09 (Q3)",
      "signal": "OP MARGIN TURNED POSITIVE (QoQ)",
      "detail": "Op margin: -8.0% -> +3.2%",
      "severity": "HIGH"
    },
    {
      "quarter": "2025-06 (Q2)",
      "signal": "FCF MARGIN EXPANSION",
      "detail": "FCF margin: +18.2% -> +24.2% (+6.1%)",
      "severity": "MEDIUM"
    },
    {
      "quarter": "2025-06 (Q2)",
      "signal": "YoY REVENUE GROWTH ACCELERATION",
      "detail": "YoY growth: +70.4% vs prior quarter YoY: +23.5% (accel: +46.9%)",
      "severity": "HIGH"
    },
    {
      "quarter": "2025-03 (Q1)",
      "signal": "FCF TURNED POSITIVE",
      "detail": "FCF margin: -23.7% -> +18.2%",
      "severity": "HIGH"
    },
    {
      "quarter": "2025-03 (Q1)",
      "signal": "OP MARGIN TURNED POSITIVE (YoY)",
      "detail": "Op margin: -0.2% (year-ago) -> +5.6%",
      "severity": "HIGH"
    },
    {
      "quarter": "2024-12 (Q4)",
      "signal": "YoY REVENUE GROWTH ACCELERATION",
      "detail": "YoY growth: +27.7% vs prior quarter YoY: +22.4% (accel: +5.4%)",
      "severity": "MEDIUM"
    },
    {
      "quarter": "2024-09 (Q3)",
      "signal": "OPERATING LEVERAGE",
      "detail": "Rev growth +8.5% vs OpEx growth +5.6% (leverage: 1.5x)",
      "severity": "MEDIUM"
    },
    {
      "quarter": "2024-09 (Q3)",
      "signal": "OP MARGIN TURNED POSITIVE (YoY)",
      "detail": "Op margin: -6.2% (year-ago) -> +6.3%",
      "severity": "HIGH"
    },
    {
      "quarter": "2024-06 (Q2)",
      "signal": "FCF MARGIN EXPANSION",
      "detail": "FCF margin: +8.4% -> +39.7% (+31.3%)",
      "severity": "MEDIUM"
    },
    {
      "quarter": "2024-06 (Q2)",
      "signal": "OP MARGIN TURNED POSITIVE (YoY)",
      "detail": "Op margin: -7.9% (year-ago) -> +3.6%",
      "severity": "HIGH"
    },
    {
      "quarter": "2024-06 (Q2)",
      "signal": "OP MARGIN TURNED POSITIVE (QoQ)",
      "detail": "Op margin: -0.2% -> +3.6%",
      "severity": "HIGH"
    },
    {
      "quarter": "2023-12 (Q4)",
      "signal": "OP MARGIN TURNED POSITIVE (QoQ)",
      "detail": "Op margin: -6.2% -> +2.6%",
      "severity": "HIGH"
    },
    {
      "quarter": "2023-09 (Q3)",
      "signal": "FCF MARGIN EXPANSION",
      "detail": "FCF margin: +21.8% -> +32.4% (+10.6%)",
      "severity": "MEDIUM"
    },
    {
      "quarter": "2023-06 (Q2)",
      "signal": "FCF MARGIN EXPANSION",
      "detail": "FCF margin: +7.3% -> +21.8% (+14.4%)",
      "severity": "MEDIUM"
    },
    {
      "quarter": "2022-12 (Q4)",
      "signal": "OPERATING LEVERAGE",
      "detail": "Rev growth +8.0% vs OpEx growth +1.5% (leverage: 5.2x)",
      "severity": "MEDIUM"
    },
    {
      "quarter": "2022-12 (Q4)",
      "signal": "INCREMENTAL MARGIN (YoY)",
      "detail": "YoY Incr OPM: +24.9% vs year-ago OPM: +0.9%",
      "severity": "HIGH"
    },
    {
      "quarter": "2022-12 (Q4)",
      "signal": "OP MARGIN TURNED POSITIVE (QoQ)",
      "detail": "Op margin: -1.5% -> +4.7%",
      "severity": "HIGH"
    },
    {
      "quarter": "2022-06 (Q2)",
      "signal": "FCF MARGIN EXPANSION",
      "detail": "FCF margin: +6.6% -> +22.5% (+15.9%)",
      "severity": "MEDIUM"
    },
    {
      "quarter": "2021-12 (Q4)",
      "signal": "FCF MARGIN EXPANSION",
      "detail": "FCF margin: +9.3% -> +15.6% (+6.3%)",
      "severity": "MEDIUM"
    },
    {
      "quarter": "2021-12 (Q4)",
      "signal": "OP MARGIN TURNED POSITIVE (YoY)",
      "detail": "Op margin: -112.3% (year-ago) -> +0.9%",
      "severity": "HIGH"
    },
    {
      "quarter": "2021-09 (Q3)",
      "signal": "FCF MARGIN EXPANSION",
      "detail": "FCF margin: +1.8% -> +9.3% (+7.5%)",
      "severity": "MEDIUM"
    },
    {
      "quarter": "2021-06 (Q2)",
      "signal": "FCF TURNED POSITIVE",
      "detail": "FCF margin: -34.6% -> +1.8%",
      "severity": "HIGH"
    },
    {
      "quarter": "2021-03 (Q1)",
      "signal": "FCF MARGIN EXPANSION",
      "detail": "FCF margin: -60.6% -> -34.6% (+26.0%)",
      "severity": "MEDIUM"
    },
    {
      "quarter": "2021-03 (Q1)",
      "signal": "OP MARGIN TURNED POSITIVE (QoQ)",
      "detail": "Op margin: -112.3% -> +21.1%",
      "severity": "HIGH"
    }
  ],
  "data_quality": {
    "n_quarters": 20,
    "coverage": {
      "revenue": [
        20,
        20
      ],
      "gross_profit": [
        20,
        20
      ],
      "op_income": [
        20,
        20
      ],
      "fcf": [
        20,
        20
      ]
    },
    "gaps": [],
    "warnings": []
  },
  "market_cap": null,
  "source": "SEC EDGAR",
  "last_updated": "2026-02-02T20:49:53.540087"
}