{
  "ticker": "CWBHF",
  "name": "Charlotte's Web Holdings, Inc.",
  "quarters": [
    {
      "date": "2021-03-31T00:00:00",
      "quarter_label": "2021-03 (Q1)",
      "revenue": 23407000,
      "gross_profit": 13637000,
      "operating_income": -10149000,
      "net_income": -12774000,
      "opex": 23786000,
      "cogs": 9770000,
      "rd": null,
      "sga": 23786000,
      "fcf": -8706000,
      "ocf": -8706000,
      "capex": null,
      "gross_margin": 0.5826034946810783,
      "op_margin": -0.43358824283334046,
      "fcf_margin": -0.3719400179433503
    },
    {
      "date": "2021-06-30T00:00:00",
      "quarter_label": "2021-06 (Q2)",
      "revenue": 24152000,
      "gross_profit": 15827000,
      "operating_income": -9351000,
      "net_income": -5923000,
      "opex": 25178000,
      "cogs": 8325000,
      "rd": null,
      "sga": 25178000,
      "fcf": -7461000,
      "ocf": -7461000,
      "capex": null,
      "gross_margin": 0.6553080490228552,
      "op_margin": -0.38717290493540907,
      "fcf_margin": -0.30891851606492216,
      "op_leverage_ratio": 0.5438669859541968,
      "fcf_margin_change": 0.06302150187842814
    },
    {
      "date": "2021-09-30T00:00:00",
      "quarter_label": "2021-09 (Q3)",
      "revenue": 23704000,
      "gross_profit": 14915000,
      "operating_income": -9384000,
      "net_income": -777000,
      "opex": 24299000,
      "cogs": 8789000,
      "rd": null,
      "sga": 24299000,
      "fcf": -7157000,
      "ocf": -7157000,
      "capex": null,
      "gross_margin": 0.6292186972662842,
      "op_margin": -0.39588255146810664,
      "fcf_margin": -0.30193216334795814,
      "fcf_margin_change": 0.006986352716964017
    },
    {
      "date": "2021-12-31T00:00:00",
      "quarter_label": "2021-12 (Q4)",
      "revenue": 24829000,
      "gross_profit": 4206000,
      "operating_income": -118175000,
      "net_income": -118248000,
      "opex": 122381000,
      "cogs": 20623000,
      "rd": null,
      "sga": 24378000,
      "fcf": -6235000,
      "ocf": -6235000,
      "capex": null,
      "gross_margin": 0.1693986870192114,
      "op_margin": -4.759555358653188,
      "fcf_margin": -0.2511176446896774,
      "op_leverage_ratio": 0.011757905679188737,
      "fcf_margin_change": 0.05081451865828074
    },
    {
      "date": "2022-03-31T00:00:00",
      "quarter_label": "2022-03 (Q1)",
      "revenue": 19356000,
      "gross_profit": 11713000,
      "operating_income": -8642000,
      "net_income": -8626000,
      "opex": 20355000,
      "cogs": 7643000,
      "rd": null,
      "sga": 20355000,
      "fcf": -4679000,
      "ocf": -4679000,
      "capex": null,
      "gross_margin": 0.605135358545154,
      "op_margin": -0.4464765447406489,
      "fcf_margin": -0.24173382930357512,
      "incr_op_margin_yoy": -0.37200691187361146,
      "rev_growth_yoy": -0.17306788567522535,
      "fcf_margin_change": 0.009383815386102279
    },
    {
      "date": "2022-06-30T00:00:00",
      "quarter_label": "2022-06 (Q2)",
      "revenue": 18877000,
      "gross_profit": 9321000,
      "operating_income": -7938000,
      "net_income": -7870000,
      "opex": 17259000,
      "cogs": 9556000,
      "rd": null,
      "sga": 17259000,
      "fcf": 395000,
      "ocf": 395000,
      "capex": null,
      "gross_margin": 0.49377549398739207,
      "op_margin": -0.42051173385601526,
      "fcf_margin": 0.02092493510621391,
      "incr_op_margin_yoy": -0.2678672985781991,
      "rev_growth_yoy": -0.21840841338191455,
      "rev_growth_yoy_accel": -0.0453405277066892,
      "fcf_margin_change": 0.262658764409789
    },
    {
      "date": "2022-09-30T00:00:00",
      "quarter_label": "2022-09 (Q3)",
      "revenue": 17037000,
      "gross_profit": 8945000,
      "operating_income": -3909000,
      "net_income": -7588000,
      "opex": 12854000,
      "cogs": 8092000,
      "rd": null,
      "sga": 11032000,
      "fcf": 1685000,
      "ocf": 1685000,
      "capex": null,
      "gross_margin": 0.5250337500733697,
      "op_margin": -0.22944180313435464,
      "fcf_margin": 0.09890238891823677,
      "incr_op_margin_yoy": -0.8212089395530223,
      "rev_growth_yoy": -0.2812605467431657,
      "rev_growth_yoy_accel": -0.06285213336125114,
      "fcf_margin_change": 0.07797745381202287
    },
    {
      "date": "2022-12-31T00:00:00",
      "quarter_label": "2022-12 (Q4)",
      "revenue": 18868000,
      "gross_profit": -10569000,
      "operating_income": -31998000,
      "net_income": -35229000,
      "opex": 21429000,
      "cogs": 29437000,
      "rd": null,
      "sga": 21414000,
      "fcf": -2716000,
      "ocf": -2716000,
      "capex": null,
      "gross_margin": -0.5601547593809625,
      "op_margin": -1.6958872164511343,
      "fcf_margin": -0.14394742421030315,
      "incr_op_margin_yoy": -14.456802549907733,
      "rev_growth_yoy": -0.2400821619879979,
      "rev_growth_yoy_accel": 0.0411783847551678,
      "op_leverage_ratio": 0.1611014271630721,
      "fcf_margin_change": -0.24284981312853993
    },
    {
      "date": "2023-03-31T00:00:00",
      "quarter_label": "2023-03 (Q1)",
      "revenue": 17010000,
      "gross_profit": 9917000,
      "operating_income": -7596000,
      "net_income": -2912000,
      "opex": 17513000,
      "cogs": 7093000,
      "rd": null,
      "sga": 17513000,
      "fcf": -6073000,
      "ocf": -6073000,
      "capex": null,
      "gross_margin": 0.5830099941211052,
      "op_margin": -0.44656084656084655,
      "fcf_margin": -0.3570252792475015,
      "incr_op_margin_yoy": -0.4458653026427962,
      "rev_growth_yoy": -0.12120272783632982,
      "rev_growth_yoy_accel": 0.11887943415166807,
      "fcf_margin_change": -0.21307785503719834
    },
    {
      "date": "2023-06-30T00:00:00",
      "quarter_label": "2023-06 (Q2)",
      "revenue": 16006000,
      "gross_profit": 8918000,
      "operating_income": -10709000,
      "net_income": 2844000,
      "opex": 19627000,
      "cogs": 7088000,
      "rd": null,
      "sga": 19627000,
      "fcf": 1064000,
      "ocf": 1064000,
      "capex": null,
      "gross_margin": 0.5571660627264776,
      "op_margin": -0.6690616018992878,
      "fcf_margin": 0.06647507184805698,
      "incr_op_margin_yoy": 0.965168930686172,
      "rev_growth_yoy": -0.1520898447846586,
      "rev_growth_yoy_accel": -0.03088711694832877,
      "fcf_margin_change": 0.4235003510955585
    },
    {
      "date": "2023-09-30T00:00:00",
      "quarter_label": "2023-09 (Q3)",
      "revenue": 14294000,
      "gross_profit": 7929000,
      "operating_income": -11960000,
      "net_income": -15143000,
      "opex": 19889000,
      "cogs": 6365000,
      "rd": null,
      "sga": 19889000,
      "fcf": -7840000,
      "ocf": -7840000,
      "capex": null,
      "gross_margin": 0.5547082692038617,
      "op_margin": -0.8367147054708269,
      "fcf_margin": -0.5484818805093046,
      "incr_op_margin_yoy": 2.9351075464819543,
      "rev_growth_yoy": -0.16100252391853026,
      "rev_growth_yoy_accel": -0.00891267913387167,
      "fcf_margin_change": -0.6149569523573616
    },
    {
      "date": "2023-12-31T00:00:00",
      "quarter_label": "2023-12 (Q4)",
      "revenue": 15845000,
      "gross_profit": 8802000,
      "operating_income": -10347000,
      "net_income": -8585000,
      "opex": 19149000,
      "cogs": 7043000,
      "rd": null,
      "sga": 18601000,
      "fcf": -2537000,
      "ocf": -2537000,
      "capex": null,
      "gross_margin": 0.5555064689176397,
      "op_margin": -0.6530135689491954,
      "fcf_margin": -0.16011360050489112,
      "incr_op_margin_yoy": -7.162090638438637,
      "rev_growth_yoy": -0.1602183591265635,
      "rev_growth_yoy_accel": 0.0007841647919667738,
      "op_leverage_ratio": Infinity,
      "fcf_margin_change": 0.3883682800044135
    },
    {
      "date": "2024-03-31T00:00:00",
      "quarter_label": "2024-03 (Q1)",
      "revenue": 12124000,
      "gross_profit": 6911000,
      "operating_income": -8369000,
      "net_income": -9634000,
      "opex": 15280000,
      "cogs": 5213000,
      "rd": null,
      "sga": 15280000,
      "fcf": -7179000,
      "ocf": -7179000,
      "capex": null,
      "gross_margin": 0.5700263939293962,
      "op_margin": -0.6902837347410096,
      "fcf_margin": -0.5921313097987463,
      "incr_op_margin_yoy": 0.15820712239050347,
      "rev_growth_yoy": -0.2872427983539095,
      "rev_growth_yoy_accel": -0.127024439227346,
      "fcf_margin_change": -0.4320177092938552
    },
    {
      "date": "2024-06-30T00:00:00",
      "quarter_label": "2024-06 (Q2)",
      "revenue": 12289000,
      "gross_profit": 2582000,
      "operating_income": -12145000,
      "net_income": -11057000,
      "opex": 14727000,
      "cogs": 9707000,
      "rd": null,
      "sga": 14727000,
      "fcf": -4704000,
      "ocf": -4704000,
      "capex": null,
      "gross_margin": 0.21010659939783546,
      "op_margin": -0.9882822035967125,
      "fcf_margin": -0.3827813491740581,
      "incr_op_margin_yoy": 0.386333064299166,
      "rev_growth_yoy": -0.23222541546919906,
      "rev_growth_yoy_accel": 0.05501738288471042,
      "op_leverage_ratio": Infinity,
      "fcf_margin_change": 0.2093499606246882
    },
    {
      "date": "2024-09-30T00:00:00",
      "quarter_label": "2024-09 (Q3)",
      "revenue": 12587000,
      "gross_profit": 6673000,
      "operating_income": -6020000,
      "net_income": -5787000,
      "opex": 12693000,
      "cogs": 5914000,
      "rd": null,
      "sga": 12693000,
      "fcf": -7586000,
      "ocf": -7586000,
      "capex": null,
      "gross_margin": 0.5301501549217447,
      "op_margin": -0.47827123222372286,
      "fcf_margin": -0.6026853102407246,
      "incr_op_margin_yoy": -3.4797891036906856,
      "rev_growth_yoy": -0.11942073597313559,
      "rev_growth_yoy_accel": 0.11280467949606347,
      "op_leverage_ratio": Infinity,
      "fcf_margin_change": -0.2199039610666665
    },
    {
      "date": "2024-12-31T00:00:00",
      "quarter_label": "2024-12 (Q4)",
      "revenue": 12667000,
      "gross_profit": 5094000,
      "operating_income": -5453000,
      "net_income": -3368000,
      "opex": 10547000,
      "cogs": 7573000,
      "rd": null,
      "sga": 10547000,
      "fcf": -1792000,
      "ocf": -1792000,
      "capex": null,
      "gross_margin": 0.4021473119128444,
      "op_margin": -0.4304886713507539,
      "fcf_margin": -0.14146996131680745,
      "incr_op_margin_yoy": -1.539962240402769,
      "rev_growth_yoy": -0.20056800252445567,
      "rev_growth_yoy_accel": -0.08114726655132008,
      "fcf_margin_change": 0.46121534892391713
    },
    {
      "date": "2025-03-31T00:00:00",
      "quarter_label": "2025-03 (Q1)",
      "revenue": 12262000,
      "gross_profit": 6230000,
      "operating_income": -5348000,
      "net_income": -6212000,
      "opex": 11578000,
      "cogs": 6032000,
      "rd": null,
      "sga": 11578000,
      "fcf": -2768000,
      "ocf": -2768000,
      "capex": null,
      "gross_margin": 0.5080737236992334,
      "op_margin": -0.43614418528788124,
      "fcf_margin": -0.22573805251998041,
      "rev_growth_yoy": 0.01138238205212801,
      "rev_growth_yoy_accel": 0.2119503845765837,
      "fcf_margin_change": -0.08426809120317297
    },
    {
      "date": "2025-06-30T00:00:00",
      "quarter_label": "2025-06 (Q2)",
      "revenue": 12806000,
      "gross_profit": 5990000,
      "operating_income": -4072000,
      "net_income": -6288000,
      "opex": 10062000,
      "cogs": 6816000,
      "rd": null,
      "sga": 10062000,
      "fcf": -4018000,
      "ocf": -4018000,
      "capex": null,
      "gross_margin": 0.4677494924254256,
      "op_margin": -0.3179759487740122,
      "fcf_margin": -0.3137591753865376,
      "rev_growth_yoy": 0.04207014403124746,
      "rev_growth_yoy_accel": 0.03068776197911945,
      "op_leverage_ratio": Infinity,
      "fcf_margin_change": -0.08802112286655717
    },
    {
      "date": "2025-09-30T00:00:00",
      "quarter_label": "2025-09 (Q3)",
      "revenue": 11503000,
      "gross_profit": 4477000,
      "operating_income": -5254000,
      "net_income": -5818000,
      "opex": 9731000,
      "cogs": 7026000,
      "rd": null,
      "sga": 9731000,
      "fcf": -5460000,
      "ocf": -5460000,
      "capex": null,
      "gross_margin": 0.3892028166565244,
      "op_margin": -0.4567504129357559,
      "fcf_margin": -0.47465878466487005,
      "incr_op_margin_yoy": -0.7066420664206642,
      "rev_growth_yoy": -0.08612060061968697,
      "rev_growth_yoy_accel": -0.12819074465093444,
      "fcf_margin_change": -0.16089960927833247
    }
  ],
  "signals": [
    {
      "quarter": "2025-09 (Q3)",
      "signal": "YoY REVENUE GROWTH DECELERATION",
      "detail": "YoY growth: -8.6% vs prior quarter YoY: +4.2% (decel: -12.8%)",
      "severity": "WARNING"
    },
    {
      "quarter": "2025-03 (Q1)",
      "signal": "GROSS MARGIN INFLECTION",
      "detail": "GM: +53.0% -> +40.2% -> +50.8% (reversal +10.6%)",
      "severity": "HIGH"
    },
    {
      "quarter": "2025-03 (Q1)",
      "signal": "YoY REVENUE GROWTH ACCELERATION",
      "detail": "YoY growth: +1.1% vs prior quarter YoY: -20.1% (accel: +21.2%)",
      "severity": "HIGH"
    },
    {
      "quarter": "2024-12 (Q4)",
      "signal": "FCF MARGIN EXPANSION",
      "detail": "FCF margin: -60.3% -> -14.1% (+46.1%)",
      "severity": "MEDIUM"
    },
    {
      "quarter": "2024-12 (Q4)",
      "signal": "YoY REVENUE GROWTH DECELERATION",
      "detail": "YoY growth: -20.1% vs prior quarter YoY: -11.9% (decel: -8.1%)",
      "severity": "WARNING"
    },
    {
      "quarter": "2024-09 (Q3)",
      "signal": "GROSS MARGIN INFLECTION",
      "detail": "GM: +57.0% -> +21.0% -> +53.0% (reversal +32.0%)",
      "severity": "HIGH"
    },
    {
      "quarter": "2024-09 (Q3)",
      "signal": "YoY REVENUE GROWTH ACCELERATION",
      "detail": "YoY growth: -11.9% vs prior quarter YoY: -23.2% (accel: +11.3%)",
      "severity": "MEDIUM"
    },
    {
      "quarter": "2024-06 (Q2)",
      "signal": "FCF MARGIN EXPANSION",
      "detail": "FCF margin: -59.2% -> -38.3% (+20.9%)",
      "severity": "MEDIUM"
    },
    {
      "quarter": "2024-06 (Q2)",
      "signal": "YoY REVENUE GROWTH ACCELERATION",
      "detail": "YoY growth: -23.2% vs prior quarter YoY: -28.7% (accel: +5.5%)",
      "severity": "MEDIUM"
    },
    {
      "quarter": "2024-03 (Q1)",
      "signal": "YoY REVENUE GROWTH DECELERATION",
      "detail": "YoY growth: -28.7% vs prior quarter YoY: -16.0% (decel: -12.7%)",
      "severity": "WARNING"
    },
    {
      "quarter": "2023-12 (Q4)",
      "signal": "FCF MARGIN EXPANSION",
      "detail": "FCF margin: -54.8% -> -16.0% (+38.8%)",
      "severity": "MEDIUM"
    },
    {
      "quarter": "2023-06 (Q2)",
      "signal": "FCF TURNED POSITIVE",
      "detail": "FCF margin: -35.7% -> +6.6%",
      "severity": "HIGH"
    },
    {
      "quarter": "2023-03 (Q1)",
      "signal": "GROSS MARGIN INFLECTION",
      "detail": "GM: +52.5% -> -56.0% -> +58.3% (reversal +114.3%)",
      "severity": "HIGH"
    },
    {
      "quarter": "2023-03 (Q1)",
      "signal": "YoY REVENUE GROWTH ACCELERATION",
      "detail": "YoY growth: -12.1% vs prior quarter YoY: -24.0% (accel: +11.9%)",
      "severity": "MEDIUM"
    },
    {
      "quarter": "2022-09 (Q3)",
      "signal": "FCF MARGIN EXPANSION",
      "detail": "FCF margin: +2.1% -> +9.9% (+7.8%)",
      "severity": "MEDIUM"
    },
    {
      "quarter": "2022-09 (Q3)",
      "signal": "GROSS MARGIN INFLECTION",
      "detail": "GM: +60.5% -> +49.4% -> +52.5% (reversal +3.1%)",
      "severity": "MEDIUM"
    },
    {
      "quarter": "2022-09 (Q3)",
      "signal": "YoY REVENUE GROWTH DECELERATION",
      "detail": "YoY growth: -28.1% vs prior quarter YoY: -21.8% (decel: -6.3%)",
      "severity": "WARNING"
    },
    {
      "quarter": "2022-06 (Q2)",
      "signal": "FCF TURNED POSITIVE",
      "detail": "FCF margin: -24.2% -> +2.1%",
      "severity": "HIGH"
    },
    {
      "quarter": "2022-03 (Q1)",
      "signal": "GROSS MARGIN INFLECTION",
      "detail": "GM: +62.9% -> +16.9% -> +60.5% (reversal +43.6%)",
      "severity": "HIGH"
    },
    {
      "quarter": "2021-12 (Q4)",
      "signal": "FCF MARGIN EXPANSION",
      "detail": "FCF margin: -30.2% -> -25.1% (+5.1%)",
      "severity": "MEDIUM"
    },
    {
      "quarter": "2021-06 (Q2)",
      "signal": "FCF MARGIN EXPANSION",
      "detail": "FCF margin: -37.2% -> -30.9% (+6.3%)",
      "severity": "MEDIUM"
    }
  ],
  "data_quality": {
    "n_quarters": 19,
    "coverage": {
      "revenue": [
        19,
        19
      ],
      "gross_profit": [
        19,
        19
      ],
      "op_income": [
        19,
        19
      ],
      "fcf": [
        19,
        19
      ]
    },
    "gaps": [],
    "warnings": []
  },
  "market_cap": null,
  "source": "SEC EDGAR",
  "last_updated": "2026-02-02T23:33:03.442426",
  "sector": "Healthcare",
  "industry": "Drug Manufacturers - Specialty & Generic"
}