{
  "ticker": "CWCO",
  "name": "CONSOLIDATED WATER CO.\u00a0LTD.",
  "quarters": [
    {
      "date": "2020-12-31T00:00:00",
      "quarter_label": "2020-12 (Q4)",
      "revenue": 15148901,
      "gross_profit": 4809355,
      "operating_income": 447391,
      "net_income": 515928,
      "opex": 4361964,
      "cogs": 10339546,
      "rd": null,
      "sga": null,
      "fcf": 6659038,
      "ocf": 6815981,
      "capex": -156943,
      "gross_margin": 0.3174722047493742,
      "op_margin": 0.029532901429615257,
      "fcf_margin": 0.43957234917569266
    },
    {
      "date": "2021-03-31T00:00:00",
      "quarter_label": "2021-03 (Q1)",
      "revenue": 17103317,
      "gross_profit": 6126510,
      "operating_income": 1113091,
      "net_income": 988772,
      "opex": 5013419,
      "cogs": 10976807,
      "rd": null,
      "sga": null,
      "fcf": 793337,
      "ocf": 1086140,
      "capex": -292803,
      "gross_margin": 0.35820595502030395,
      "op_margin": 0.06508041685715116,
      "fcf_margin": 0.04638497900728847,
      "op_leverage_ratio": 0.863840451661266,
      "fcf_margin_change": -0.3931873701684042
    },
    {
      "date": "2021-06-30T00:00:00",
      "quarter_label": "2021-06 (Q2)",
      "revenue": 16701524,
      "gross_profit": 6064853,
      "operating_income": -1556091,
      "net_income": -1664649,
      "opex": 7620944,
      "cogs": 10636671,
      "rd": null,
      "sga": null,
      "fcf": -231056,
      "ocf": -26563,
      "capex": -204493,
      "gross_margin": 0.3631317118126466,
      "op_margin": -0.09317059928183799,
      "fcf_margin": -0.013834426127819233,
      "fcf_margin_change": -0.0602194051351077
    },
    {
      "date": "2021-09-30T00:00:00",
      "quarter_label": "2021-09 (Q3)",
      "revenue": 16413146,
      "gross_profit": 5690599,
      "operating_income": 1332171,
      "net_income": 285593,
      "opex": 4358428,
      "cogs": 10722547,
      "rd": null,
      "sga": null,
      "fcf": 2929121,
      "ocf": 3405095,
      "capex": -475974,
      "gross_margin": 0.3467098263794156,
      "op_margin": 0.08116487844560695,
      "fcf_margin": 0.17846188658773887,
      "fcf_margin_change": 0.1922963127155581
    },
    {
      "date": "2021-12-31T00:00:00",
      "quarter_label": "2021-12 (Q4)",
      "revenue": 16645515,
      "gross_profit": 5625229,
      "operating_income": 1121825,
      "net_income": 1265863,
      "opex": 4503404,
      "cogs": 11020286,
      "rd": null,
      "sga": null,
      "fcf": 1984896,
      "ocf": 2501638,
      "capex": -516742,
      "gross_margin": 0.3379426229828275,
      "op_margin": 0.0673950310338851,
      "fcf_margin": 0.11924509394873033,
      "incr_op_margin_yoy": 0.4506399111594573,
      "rev_growth_yoy": 0.09879356924967693,
      "op_leverage_ratio": 0.42561812994172266,
      "fcf_margin_change": -0.059216792639008545
    },
    {
      "date": "2022-03-31T00:00:00",
      "quarter_label": "2022-03 (Q1)",
      "revenue": 19557905,
      "gross_profit": 7145764,
      "operating_income": 2292105,
      "net_income": 1716815,
      "opex": 4853659,
      "cogs": 12412141,
      "rd": null,
      "sga": null,
      "fcf": 3894129,
      "ocf": 4622054,
      "capex": -727925,
      "gross_margin": 0.36536449072638405,
      "op_margin": 0.11719583462543662,
      "fcf_margin": 0.19910767538752233,
      "incr_op_margin_yoy": 0.4803307113047078,
      "rev_growth_yoy": 0.14351531927988004,
      "rev_growth_yoy_accel": 0.04472175003020311,
      "op_leverage_ratio": 2.249618424622576,
      "fcf_margin_change": 0.079862581438792
    },
    {
      "date": "2022-06-30T00:00:00",
      "quarter_label": "2022-06 (Q2)",
      "revenue": 21067127,
      "gross_profit": 7475497,
      "operating_income": 2554086,
      "net_income": 2289886,
      "opex": 4921411,
      "cogs": 13591630,
      "rd": null,
      "sga": null,
      "fcf": 7522842,
      "ocf": 8591113,
      "capex": -1068271,
      "gross_margin": 0.35484178739701905,
      "op_margin": 0.12123561034212212,
      "fcf_margin": 0.35708912753029876,
      "incr_op_margin_yoy": 0.9414912441648954,
      "rev_growth_yoy": 0.26138949954507146,
      "rev_growth_yoy_accel": 0.11787418026519142,
      "op_leverage_ratio": 5.528126040529934,
      "fcf_margin_change": 0.15798145214277642
    },
    {
      "date": "2022-09-30T00:00:00",
      "quarter_label": "2022-09 (Q3)",
      "revenue": 25051705,
      "gross_profit": 6843773,
      "operating_income": 1236622,
      "net_income": 317694,
      "opex": 5607151,
      "cogs": 18207932,
      "rd": null,
      "sga": null,
      "fcf": 1438328,
      "ocf": 2590069,
      "capex": -1151741,
      "gross_margin": 0.2731859168866949,
      "op_margin": 0.04936278788210224,
      "fcf_margin": 0.057414375588408055,
      "incr_op_margin_yoy": -0.01106075677668,
      "rev_growth_yoy": 0.5263195124201052,
      "rev_growth_yoy_accel": 0.26493001287503376,
      "op_leverage_ratio": 1.3573978968078968,
      "fcf_margin_change": -0.2996747519418907
    },
    {
      "date": "2022-12-31T00:00:00",
      "quarter_label": "2022-12 (Q4)",
      "revenue": 28428235,
      "gross_profit": 8890089,
      "operating_income": 3189372,
      "net_income": 1531899,
      "opex": 5700717,
      "cogs": 19538146,
      "rd": null,
      "sga": null,
      "fcf": 933745,
      "ocf": 5528569,
      "capex": -4594824,
      "gross_margin": 0.312720399279097,
      "op_margin": 0.11219029250321028,
      "fcf_margin": 0.03284569020904745,
      "incr_op_margin_yoy": 0.1754728110317482,
      "rev_growth_yoy": 0.7078615470894112,
      "rev_growth_yoy_accel": 0.18154203466930596,
      "op_leverage_ratio": 8.077138167474054,
      "fcf_margin_change": -0.024568685379360605
    },
    {
      "date": "2023-03-31T00:00:00",
      "quarter_label": "2023-03 (Q1)",
      "revenue": 32868990,
      "gross_profit": 10559082,
      "operating_income": 4528336,
      "net_income": 3813626,
      "opex": 6030746,
      "cogs": 22309908,
      "rd": null,
      "sga": null,
      "fcf": 3964749,
      "ocf": 5346545,
      "capex": -1381796,
      "gross_margin": 0.321247534530267,
      "op_margin": 0.13776924694065745,
      "fcf_margin": 0.12062278153359747,
      "incr_op_margin_yoy": 0.16799765007886283,
      "rev_growth_yoy": 0.6805987144328598,
      "rev_growth_yoy_accel": -0.027262832656551383,
      "op_leverage_ratio": 2.69826310510759,
      "fcf_margin_change": 0.08777709132455003
    },
    {
      "date": "2023-06-30T00:00:00",
      "quarter_label": "2023-06 (Q2)",
      "revenue": 44237263,
      "gross_profit": 15463549,
      "operating_income": 9479634,
      "net_income": 7323771,
      "opex": 5983915,
      "cogs": 28773714,
      "rd": null,
      "sga": null,
      "fcf": -2101240,
      "ocf": -372995,
      "capex": -1728245,
      "gross_margin": 0.3495593522592028,
      "op_margin": 0.21429069877130508,
      "fcf_margin": -0.04749932200823546,
      "incr_op_margin_yoy": 0.2988997561343619,
      "rev_growth_yoy": 1.0998241952972514,
      "rev_growth_yoy_accel": 0.4192254808643916,
      "op_leverage_ratio": Infinity,
      "fcf_margin_change": -0.16812210354183293
    },
    {
      "date": "2023-09-30T00:00:00",
      "quarter_label": "2023-09 (Q3)",
      "revenue": 49854075,
      "gross_profit": 16614428,
      "operating_income": 10741938,
      "net_income": 8605129,
      "opex": 5872490,
      "cogs": 33239647,
      "rd": null,
      "sga": null,
      "fcf": 2408346,
      "ocf": 3422075,
      "capex": -1013729,
      "gross_margin": 0.3332611827618906,
      "op_margin": 0.21546760219701197,
      "fcf_margin": 0.04830790662548648,
      "incr_op_margin_yoy": 0.38324224660788464,
      "rev_growth_yoy": 0.9900471844131966,
      "rev_growth_yoy_accel": -0.10977701088405478,
      "op_leverage_ratio": Infinity,
      "fcf_margin_change": 0.09580722863372193
    },
    {
      "date": "2023-12-31T00:00:00",
      "quarter_label": "2023-12 (Q4)",
      "revenue": 53250905,
      "gross_profit": 19290046,
      "operating_income": 12417719,
      "net_income": 9842865,
      "opex": 6872327,
      "cogs": 33960859,
      "rd": null,
      "sga": null,
      "fcf": -1348977,
      "ocf": -424863,
      "capex": -924114,
      "gross_margin": 0.36224822845733795,
      "op_margin": 0.23319263775892635,
      "fcf_margin": -0.02533247087537761,
      "incr_op_margin_yoy": 0.371770925528962,
      "rev_growth_yoy": 0.873169579469144,
      "rev_growth_yoy_accel": -0.11687760494405264,
      "op_leverage_ratio": 0.40018999924007276,
      "fcf_margin_change": -0.0736403775008641
    },
    {
      "date": "2024-03-31T00:00:00",
      "quarter_label": "2024-03 (Q1)",
      "revenue": 39689390,
      "gross_profit": 13878023,
      "operating_income": 7313994,
      "net_income": 6474348,
      "opex": 6564029,
      "cogs": 25811367,
      "rd": null,
      "sga": null,
      "fcf": 5418550,
      "ocf": 5950002,
      "capex": -531452,
      "gross_margin": 0.34966581748925846,
      "op_margin": 0.18428083676771045,
      "fcf_margin": 0.13652389215354532,
      "incr_op_margin_yoy": 0.4084302973432643,
      "rev_growth_yoy": 0.20750257309397094,
      "rev_growth_yoy_accel": -0.6656670063751731,
      "fcf_margin_change": 0.16185636302892292
    },
    {
      "date": "2024-06-30T00:00:00",
      "quarter_label": "2024-06 (Q2)",
      "revenue": 32479158,
      "gross_profit": 11620214,
      "operating_income": 5010790,
      "net_income": 15850257,
      "opex": 6609424,
      "cogs": 20858944,
      "rd": null,
      "sga": null,
      "fcf": 19762188,
      "ocf": 20955889,
      "capex": -1193701,
      "gross_margin": 0.3577744841784384,
      "op_margin": 0.15427709055758157,
      "fcf_margin": 0.608457522205471,
      "incr_op_margin_yoy": 0.38006498496143726,
      "rev_growth_yoy": -0.26579639432032676,
      "rev_growth_yoy_accel": -0.47329896741429767,
      "fcf_margin_change": 0.4719336300519257
    },
    {
      "date": "2024-09-30T00:00:00",
      "quarter_label": "2024-09 (Q3)",
      "revenue": 33390557,
      "gross_profit": 11634658,
      "operating_income": 4880271,
      "net_income": 4454464,
      "opex": 6754387,
      "cogs": 21755899,
      "rd": null,
      "sga": null,
      "fcf": 8329567,
      "ocf": 10351664,
      "capex": -2022097,
      "gross_margin": 0.3484415668777253,
      "op_margin": 0.1461572204381017,
      "fcf_margin": 0.24945876164928904,
      "incr_op_margin_yoy": 0.3560397601533281,
      "rev_growth_yoy": -0.3302341483619945,
      "rev_growth_yoy_accel": -0.06443775404166774,
      "op_leverage_ratio": 1.2794114432555566,
      "fcf_margin_change": -0.35899876055618196
    },
    {
      "date": "2024-12-31T00:00:00",
      "quarter_label": "2024-12 (Q4)",
      "revenue": 28407528,
      "gross_profit": 8491553,
      "operating_income": 1079743,
      "net_income": 1458485,
      "opex": 7411810,
      "cogs": 19915975,
      "rd": null,
      "sga": null,
      "fcf": -3691353,
      "ocf": -742023,
      "capex": -2949330,
      "gross_margin": 0.29891911045551023,
      "op_margin": 0.0380090446447857,
      "fcf_margin": -0.12994277432376375,
      "incr_op_margin_yoy": 0.4563782129941513,
      "rev_growth_yoy": -0.46653436218595723,
      "rev_growth_yoy_accel": -0.13630021382396273,
      "fcf_margin_change": -0.3794015359730528
    },
    {
      "date": "2025-03-31T00:00:00",
      "quarter_label": "2025-03 (Q1)",
      "revenue": 33715385,
      "gross_profit": 12306287,
      "operating_income": 4610763,
      "net_income": 4791029,
      "opex": 7695524,
      "cogs": 21409098,
      "rd": null,
      "sga": null,
      "fcf": 10160770,
      "ocf": 11760251,
      "capex": -1599481,
      "gross_margin": 0.365005085957049,
      "op_margin": 0.13675546045225348,
      "fcf_margin": 0.30136894477105924,
      "incr_op_margin_yoy": 0.4524989517082761,
      "rev_growth_yoy": -0.15051894221604312,
      "rev_growth_yoy_accel": 0.3160154199699141,
      "op_leverage_ratio": 4.8812301091377766,
      "fcf_margin_change": 0.431311719094823
    },
    {
      "date": "2025-06-30T00:00:00",
      "quarter_label": "2025-06 (Q2)",
      "revenue": 33591079,
      "gross_profit": 12831985,
      "operating_income": 5283764,
      "net_income": 5096205,
      "opex": 7548221,
      "cogs": 20759094,
      "rd": null,
      "sga": null,
      "fcf": 6146238,
      "ocf": 8762754,
      "capex": -2616516,
      "gross_margin": 0.3820057402740769,
      "op_margin": 0.1572966441476917,
      "fcf_margin": 0.1829723302428005,
      "incr_op_margin_yoy": 0.2454976567579891,
      "rev_growth_yoy": 0.034234908429584286,
      "rev_growth_yoy_accel": 0.1847538506456274,
      "fcf_margin_change": -0.11839661452825875
    },
    {
      "date": "2025-09-30T00:00:00",
      "quarter_label": "2025-09 (Q3)",
      "revenue": 35118706,
      "gross_profit": 12945909,
      "operating_income": 5761282,
      "net_income": 5532344,
      "opex": 7184627,
      "cogs": 22172797,
      "rd": null,
      "sga": null,
      "fcf": 13482884,
      "ocf": 15409828,
      "capex": -1926944,
      "gross_margin": 0.36863285908085563,
      "op_margin": 0.16405165953438033,
      "fcf_margin": 0.38392314340966893,
      "incr_op_margin_yoy": 0.5098003702227065,
      "rev_growth_yoy": 0.051755620608545105,
      "rev_growth_yoy_accel": 0.01752071217896082,
      "op_leverage_ratio": Infinity,
      "fcf_margin_change": 0.20095081316686844
    }
  ],
  "signals": [
    {
      "quarter": "2025-09 (Q3)",
      "signal": "FCF MARGIN EXPANSION",
      "detail": "FCF margin: +18.3% -> +38.4% (+20.1%)",
      "severity": "MEDIUM"
    },
    {
      "quarter": "2025-09 (Q3)",
      "signal": "INCREMENTAL MARGIN (YoY)",
      "detail": "YoY Incr OPM: +51.0% vs year-ago OPM: +14.6%",
      "severity": "HIGH"
    },
    {
      "quarter": "2025-06 (Q2)",
      "signal": "YoY REVENUE GROWTH ACCELERATION",
      "detail": "YoY growth: +3.4% vs prior quarter YoY: -15.1% (accel: +18.5%)",
      "severity": "HIGH"
    },
    {
      "quarter": "2025-03 (Q1)",
      "signal": "FCF TURNED POSITIVE",
      "detail": "FCF margin: -13.0% -> +30.1%",
      "severity": "HIGH"
    },
    {
      "quarter": "2025-03 (Q1)",
      "signal": "OPERATING LEVERAGE",
      "detail": "Rev growth +18.7% vs OpEx growth +3.8% (leverage: 4.9x)",
      "severity": "MEDIUM"
    },
    {
      "quarter": "2025-03 (Q1)",
      "signal": "GROSS MARGIN INFLECTION",
      "detail": "GM: +34.8% -> +29.9% -> +36.5% (reversal +6.6%)",
      "severity": "HIGH"
    },
    {
      "quarter": "2025-03 (Q1)",
      "signal": "YoY REVENUE GROWTH ACCELERATION",
      "detail": "YoY growth: -15.1% vs prior quarter YoY: -46.7% (accel: +31.6%)",
      "severity": "HIGH"
    },
    {
      "quarter": "2025-03 (Q1)",
      "signal": "INCREMENTAL MARGIN (YoY)",
      "detail": "YoY Incr OPM: +45.2% vs year-ago OPM: +18.4%",
      "severity": "HIGH"
    },
    {
      "quarter": "2024-12 (Q4)",
      "signal": "YoY REVENUE GROWTH DECELERATION",
      "detail": "YoY growth: -46.7% vs prior quarter YoY: -33.0% (decel: -13.6%)",
      "severity": "WARNING"
    },
    {
      "quarter": "2024-12 (Q4)",
      "signal": "INCREMENTAL MARGIN (YoY)",
      "detail": "YoY Incr OPM: +45.6% vs year-ago OPM: +23.3%",
      "severity": "HIGH"
    },
    {
      "quarter": "2024-09 (Q3)",
      "signal": "YoY REVENUE GROWTH DECELERATION",
      "detail": "YoY growth: -33.0% vs prior quarter YoY: -26.6% (decel: -6.4%)",
      "severity": "WARNING"
    },
    {
      "quarter": "2024-09 (Q3)",
      "signal": "INCREMENTAL MARGIN (YoY)",
      "detail": "YoY Incr OPM: +35.6% vs year-ago OPM: +21.5%",
      "severity": "MEDIUM"
    },
    {
      "quarter": "2024-06 (Q2)",
      "signal": "FCF MARGIN EXPANSION",
      "detail": "FCF margin: +13.7% -> +60.8% (+47.2%)",
      "severity": "MEDIUM"
    },
    {
      "quarter": "2024-06 (Q2)",
      "signal": "YoY REVENUE GROWTH DECELERATION",
      "detail": "YoY growth: -26.6% vs prior quarter YoY: +20.8% (decel: -47.3%)",
      "severity": "WARNING"
    },
    {
      "quarter": "2024-06 (Q2)",
      "signal": "INCREMENTAL MARGIN (YoY)",
      "detail": "YoY Incr OPM: +38.0% vs year-ago OPM: +21.4%",
      "severity": "MEDIUM"
    },
    {
      "quarter": "2024-03 (Q1)",
      "signal": "FCF TURNED POSITIVE",
      "detail": "FCF margin: -2.5% -> +13.7%",
      "severity": "HIGH"
    },
    {
      "quarter": "2024-03 (Q1)",
      "signal": "YoY REVENUE GROWTH DECELERATION",
      "detail": "YoY growth: +20.8% vs prior quarter YoY: +87.3% (decel: -66.6%)",
      "severity": "WARNING"
    },
    {
      "quarter": "2024-03 (Q1)",
      "signal": "INCREMENTAL MARGIN (YoY)",
      "detail": "YoY Incr OPM: +40.8% vs year-ago OPM: +13.8%",
      "severity": "HIGH"
    },
    {
      "quarter": "2023-12 (Q4)",
      "signal": "GROSS MARGIN INFLECTION",
      "detail": "GM: +35.0% -> +33.3% -> +36.2% (reversal +2.9%)",
      "severity": "MEDIUM"
    },
    {
      "quarter": "2023-12 (Q4)",
      "signal": "YoY REVENUE GROWTH DECELERATION",
      "detail": "YoY growth: +87.3% vs prior quarter YoY: +99.0% (decel: -11.7%)",
      "severity": "WARNING"
    },
    {
      "quarter": "2023-12 (Q4)",
      "signal": "INCREMENTAL MARGIN (YoY)",
      "detail": "YoY Incr OPM: +37.2% vs year-ago OPM: +11.2%",
      "severity": "HIGH"
    },
    {
      "quarter": "2023-09 (Q3)",
      "signal": "FCF TURNED POSITIVE",
      "detail": "FCF margin: -4.7% -> +4.8%",
      "severity": "HIGH"
    },
    {
      "quarter": "2023-09 (Q3)",
      "signal": "YoY REVENUE GROWTH DECELERATION",
      "detail": "YoY growth: +99.0% vs prior quarter YoY: +110.0% (decel: -11.0%)",
      "severity": "WARNING"
    },
    {
      "quarter": "2023-09 (Q3)",
      "signal": "INCREMENTAL MARGIN (YoY)",
      "detail": "YoY Incr OPM: +38.3% vs year-ago OPM: +4.9%",
      "severity": "HIGH"
    },
    {
      "quarter": "2023-06 (Q2)",
      "signal": "YoY REVENUE GROWTH ACCELERATION",
      "detail": "YoY growth: +110.0% vs prior quarter YoY: +68.1% (accel: +41.9%)",
      "severity": "HIGH"
    },
    {
      "quarter": "2023-06 (Q2)",
      "signal": "INCREMENTAL MARGIN (YoY)",
      "detail": "YoY Incr OPM: +29.9% vs year-ago OPM: +12.1%",
      "severity": "MEDIUM"
    },
    {
      "quarter": "2023-03 (Q1)",
      "signal": "FCF MARGIN EXPANSION",
      "detail": "FCF margin: +3.3% -> +12.1% (+8.8%)",
      "severity": "MEDIUM"
    },
    {
      "quarter": "2023-03 (Q1)",
      "signal": "OPERATING LEVERAGE",
      "detail": "Rev growth +15.6% vs OpEx growth +5.8% (leverage: 2.7x)",
      "severity": "MEDIUM"
    },
    {
      "quarter": "2022-12 (Q4)",
      "signal": "OPERATING LEVERAGE",
      "detail": "Rev growth +13.5% vs OpEx growth +1.7% (leverage: 8.1x)",
      "severity": "MEDIUM"
    },
    {
      "quarter": "2022-12 (Q4)",
      "signal": "GROSS MARGIN INFLECTION",
      "detail": "GM: +35.5% -> +27.3% -> +31.3% (reversal +4.0%)",
      "severity": "MEDIUM"
    },
    {
      "quarter": "2022-12 (Q4)",
      "signal": "YoY REVENUE GROWTH ACCELERATION",
      "detail": "YoY growth: +70.8% vs prior quarter YoY: +52.6% (accel: +18.2%)",
      "severity": "HIGH"
    },
    {
      "quarter": "2022-12 (Q4)",
      "signal": "INCREMENTAL MARGIN (YoY)",
      "detail": "YoY Incr OPM: +17.5% vs year-ago OPM: +6.7%",
      "severity": "MEDIUM"
    },
    {
      "quarter": "2022-09 (Q3)",
      "signal": "YoY REVENUE GROWTH ACCELERATION",
      "detail": "YoY growth: +52.6% vs prior quarter YoY: +26.1% (accel: +26.5%)",
      "severity": "HIGH"
    },
    {
      "quarter": "2022-06 (Q2)",
      "signal": "FCF MARGIN EXPANSION",
      "detail": "FCF margin: +19.9% -> +35.7% (+15.8%)",
      "severity": "MEDIUM"
    },
    {
      "quarter": "2022-06 (Q2)",
      "signal": "OPERATING LEVERAGE",
      "detail": "Rev growth +7.7% vs OpEx growth +1.4% (leverage: 5.5x)",
      "severity": "MEDIUM"
    },
    {
      "quarter": "2022-06 (Q2)",
      "signal": "YoY REVENUE GROWTH ACCELERATION",
      "detail": "YoY growth: +26.1% vs prior quarter YoY: +14.4% (accel: +11.8%)",
      "severity": "MEDIUM"
    },
    {
      "quarter": "2022-06 (Q2)",
      "signal": "OP MARGIN TURNED POSITIVE (YoY)",
      "detail": "Op margin: -9.3% (year-ago) -> +12.1%",
      "severity": "HIGH"
    },
    {
      "quarter": "2022-03 (Q1)",
      "signal": "FCF MARGIN EXPANSION",
      "detail": "FCF margin: +11.9% -> +19.9% (+8.0%)",
      "severity": "MEDIUM"
    },
    {
      "quarter": "2022-03 (Q1)",
      "signal": "OPERATING LEVERAGE",
      "detail": "Rev growth +17.5% vs OpEx growth +7.8% (leverage: 2.2x)",
      "severity": "MEDIUM"
    },
    {
      "quarter": "2022-03 (Q1)",
      "signal": "GROSS MARGIN INFLECTION",
      "detail": "GM: +34.7% -> +33.8% -> +36.5% (reversal +2.7%)",
      "severity": "MEDIUM"
    },
    {
      "quarter": "2022-03 (Q1)",
      "signal": "INCREMENTAL MARGIN (YoY)",
      "detail": "YoY Incr OPM: +48.0% vs year-ago OPM: +6.5%",
      "severity": "HIGH"
    },
    {
      "quarter": "2021-12 (Q4)",
      "signal": "INCREMENTAL MARGIN (YoY)",
      "detail": "YoY Incr OPM: +45.1% vs year-ago OPM: +3.0%",
      "severity": "HIGH"
    },
    {
      "quarter": "2021-09 (Q3)",
      "signal": "FCF TURNED POSITIVE",
      "detail": "FCF margin: -1.4% -> +17.8%",
      "severity": "HIGH"
    },
    {
      "quarter": "2021-09 (Q3)",
      "signal": "OP MARGIN TURNED POSITIVE (QoQ)",
      "detail": "Op margin: -9.3% -> +8.1%",
      "severity": "HIGH"
    }
  ],
  "data_quality": {
    "n_quarters": 20,
    "coverage": {
      "revenue": [
        20,
        20
      ],
      "gross_profit": [
        20,
        20
      ],
      "op_income": [
        20,
        20
      ],
      "fcf": [
        20,
        20
      ]
    },
    "gaps": [],
    "warnings": []
  },
  "market_cap": null,
  "source": "SEC EDGAR",
  "last_updated": "2026-02-02T22:18:29.945748"
}