{
  "ticker": "CWEN-A",
  "name": "Clearway Energy, Inc.",
  "quarters": [
    {
      "date": "2020-12-31T00:00:00",
      "quarter_label": "2020-12 (Q4)",
      "revenue": 280000000,
      "gross_profit": 189000000,
      "operating_income": 28000000,
      "net_income": -25000000,
      "opex": 252000000,
      "cogs": 91000000,
      "rd": null,
      "sga": null,
      "fcf": 75000000,
      "ocf": 104000000,
      "capex": -29000000,
      "gross_margin": 0.675,
      "op_margin": 0.1,
      "fcf_margin": 0.26785714285714285
    },
    {
      "date": "2021-03-31T00:00:00",
      "quarter_label": "2021-03 (Q1)",
      "revenue": 237000000,
      "gross_profit": 127000000,
      "operating_income": -14000000,
      "net_income": 3000000,
      "opex": 251000000,
      "cogs": 110000000,
      "rd": null,
      "sga": null,
      "fcf": -11000000,
      "ocf": 47000000,
      "capex": -58000000,
      "gross_margin": 0.5358649789029536,
      "op_margin": -0.05907172995780591,
      "fcf_margin": -0.046413502109704644,
      "fcf_margin_change": -0.3142706449668475
    },
    {
      "date": "2021-06-30T00:00:00",
      "quarter_label": "2021-06 (Q2)",
      "revenue": 380000000,
      "gross_profit": 273000000,
      "operating_income": 133000000,
      "net_income": 35000000,
      "opex": 247000000,
      "cogs": 107000000,
      "rd": null,
      "sga": null,
      "fcf": 159000000,
      "ocf": 194000000,
      "capex": -35000000,
      "gross_margin": 0.718421052631579,
      "op_margin": 0.35,
      "fcf_margin": 0.41842105263157897,
      "op_leverage_ratio": Infinity,
      "fcf_margin_change": 0.4648345547412836
    },
    {
      "date": "2021-09-30T00:00:00",
      "quarter_label": "2021-09 (Q3)",
      "revenue": 351000000,
      "gross_profit": 234000000,
      "operating_income": 89000000,
      "net_income": 21000000,
      "opex": 262000000,
      "cogs": 117000000,
      "rd": null,
      "sga": null,
      "fcf": 257000000,
      "ocf": 288000000,
      "capex": -31000000,
      "gross_margin": 0.6666666666666666,
      "op_margin": 0.2535612535612536,
      "fcf_margin": 0.7321937321937322,
      "fcf_margin_change": 0.3137726795621532
    },
    {
      "date": "2021-12-31T00:00:00",
      "quarter_label": "2021-12 (Q4)",
      "revenue": 318000000,
      "gross_profit": 201000000,
      "operating_income": 59000000,
      "net_income": -8000000,
      "opex": 259000000,
      "cogs": 117000000,
      "rd": null,
      "sga": null,
      "fcf": 145000000,
      "ocf": 172000000,
      "capex": -27000000,
      "gross_margin": 0.6320754716981132,
      "op_margin": 0.18553459119496854,
      "fcf_margin": 0.4559748427672956,
      "incr_op_margin_yoy": 0.8157894736842105,
      "rev_growth_yoy": 0.1357142857142857,
      "fcf_margin_change": -0.2762188894264366
    },
    {
      "date": "2022-03-31T00:00:00",
      "quarter_label": "2022-03 (Q1)",
      "revenue": 214000000,
      "gross_profit": 86000000,
      "operating_income": -53000000,
      "net_income": -32000000,
      "opex": 267000000,
      "cogs": 128000000,
      "rd": null,
      "sga": null,
      "fcf": 46000000,
      "ocf": 93000000,
      "capex": -47000000,
      "gross_margin": 0.40186915887850466,
      "op_margin": -0.24766355140186916,
      "fcf_margin": 0.21495327102803738,
      "incr_op_margin_yoy": 1.6956521739130435,
      "rev_growth_yoy": -0.0970464135021097,
      "rev_growth_yoy_accel": -0.23276069921639542,
      "fcf_margin_change": -0.24102157173925823
    },
    {
      "date": "2022-06-30T00:00:00",
      "quarter_label": "2022-06 (Q2)",
      "revenue": 368000000,
      "gross_profit": 256000000,
      "operating_income": 1406000000,
      "net_income": 570000000,
      "opex": 253000000,
      "cogs": 112000000,
      "rd": null,
      "sga": null,
      "fcf": 152000000,
      "ocf": 186000000,
      "capex": -34000000,
      "gross_margin": 0.6956521739130435,
      "op_margin": 3.8206521739130435,
      "fcf_margin": 0.41304347826086957,
      "incr_op_margin_yoy": -106.08333333333333,
      "rev_growth_yoy": -0.031578947368421054,
      "rev_growth_yoy_accel": 0.06546746613368865,
      "op_leverage_ratio": Infinity,
      "fcf_margin_change": 0.1980902072328322
    },
    {
      "date": "2022-09-30T00:00:00",
      "quarter_label": "2022-09 (Q3)",
      "revenue": 340000000,
      "gross_profit": 242000000,
      "operating_income": 105000000,
      "net_income": 32000000,
      "opex": 235000000,
      "cogs": 98000000,
      "rd": null,
      "sga": null,
      "fcf": 314000000,
      "ocf": 328000000,
      "capex": -14000000,
      "gross_margin": 0.711764705882353,
      "op_margin": 0.3088235294117647,
      "fcf_margin": 0.9235294117647059,
      "incr_op_margin_yoy": -1.4545454545454546,
      "rev_growth_yoy": -0.03133903133903134,
      "rev_growth_yoy_accel": 0.00023991602938971263,
      "fcf_margin_change": 0.5104859335038363
    },
    {
      "date": "2022-12-31T00:00:00",
      "quarter_label": "2022-12 (Q4)",
      "revenue": 268000000,
      "gross_profit": 171000000,
      "operating_income": 12000000,
      "net_income": 12000000,
      "opex": 257000000,
      "cogs": 97000000,
      "rd": null,
      "sga": null,
      "fcf": 163000000,
      "ocf": 180000000,
      "capex": -17000000,
      "gross_margin": 0.6380597014925373,
      "op_margin": 0.04477611940298507,
      "fcf_margin": 0.6082089552238806,
      "incr_op_margin_yoy": 0.94,
      "rev_growth_yoy": -0.15723270440251572,
      "rev_growth_yoy_accel": -0.12589367306348437,
      "fcf_margin_change": -0.3153204565408253
    },
    {
      "date": "2023-03-31T00:00:00",
      "quarter_label": "2023-03 (Q1)",
      "revenue": 288000000,
      "gross_profit": 180000000,
      "operating_income": 42000000,
      "net_income": 0,
      "opex": 246000000,
      "cogs": 108000000,
      "rd": null,
      "sga": null,
      "fcf": -13000000,
      "ocf": 75000000,
      "capex": -88000000,
      "gross_margin": 0.625,
      "op_margin": 0.14583333333333334,
      "fcf_margin": -0.04513888888888889,
      "incr_op_margin_yoy": 1.2837837837837838,
      "rev_growth_yoy": 0.34579439252336447,
      "rev_growth_yoy_accel": 0.5030270969258802,
      "op_leverage_ratio": Infinity,
      "fcf_margin_change": -0.6533478441127695
    },
    {
      "date": "2023-06-30T00:00:00",
      "quarter_label": "2023-06 (Q2)",
      "revenue": 406000000,
      "gross_profit": 288000000,
      "operating_income": 149000000,
      "net_income": 38000000,
      "opex": 257000000,
      "cogs": 118000000,
      "rd": null,
      "sga": null,
      "fcf": 113000000,
      "ocf": 134000000,
      "capex": -21000000,
      "gross_margin": 0.7093596059113301,
      "op_margin": 0.3669950738916256,
      "fcf_margin": 0.27832512315270935,
      "incr_op_margin_yoy": -33.078947368421055,
      "rev_growth_yoy": 0.10326086956521739,
      "rev_growth_yoy_accel": -0.24253352295814706,
      "op_leverage_ratio": 9.162878787878787,
      "fcf_margin_change": 0.32346401204159825
    },
    {
      "date": "2023-09-30T00:00:00",
      "quarter_label": "2023-09 (Q3)",
      "revenue": 371000000,
      "gross_profit": 237000000,
      "operating_income": 94000000,
      "net_income": 4000000,
      "opex": 277000000,
      "cogs": 134000000,
      "rd": null,
      "sga": null,
      "fcf": 253000000,
      "ocf": 287000000,
      "capex": -34000000,
      "gross_margin": 0.6388140161725068,
      "op_margin": 0.25336927223719674,
      "fcf_margin": 0.6819407008086253,
      "incr_op_margin_yoy": -0.3548387096774194,
      "rev_growth_yoy": 0.09117647058823529,
      "rev_growth_yoy_accel": -0.012084398976982103,
      "fcf_margin_change": 0.403615577655916
    },
    {
      "date": "2023-12-31T00:00:00",
      "quarter_label": "2023-12 (Q4)",
      "revenue": 249000000,
      "gross_profit": 136000000,
      "operating_income": -22000000,
      "net_income": 37000000,
      "opex": 271000000,
      "cogs": 113000000,
      "rd": null,
      "sga": null,
      "fcf": 137000000,
      "ocf": 206000000,
      "capex": -69000000,
      "gross_margin": 0.5461847389558233,
      "op_margin": -0.08835341365461848,
      "fcf_margin": 0.5502008032128514,
      "incr_op_margin_yoy": 1.7894736842105263,
      "rev_growth_yoy": -0.0708955223880597,
      "rev_growth_yoy_accel": -0.162071992976295,
      "fcf_margin_change": -0.13173989759577398
    },
    {
      "date": "2024-03-31T00:00:00",
      "quarter_label": "2024-03 (Q1)",
      "revenue": 263000000,
      "gross_profit": 137000000,
      "operating_income": -29000000,
      "net_income": -2000000,
      "opex": 292000000,
      "cogs": 126000000,
      "rd": null,
      "sga": null,
      "fcf": -17000000,
      "ocf": 81000000,
      "capex": -98000000,
      "gross_margin": 0.5209125475285171,
      "op_margin": -0.11026615969581749,
      "fcf_margin": -0.06463878326996197,
      "incr_op_margin_yoy": 2.84,
      "rev_growth_yoy": -0.08680555555555555,
      "rev_growth_yoy_accel": -0.015910033167495855,
      "op_leverage_ratio": 0.7255689424364122,
      "fcf_margin_change": -0.6148395864828133
    },
    {
      "date": "2024-06-30T00:00:00",
      "quarter_label": "2024-06 (Q2)",
      "revenue": 366000000,
      "gross_profit": 249000000,
      "operating_income": 84000000,
      "net_income": 51000000,
      "opex": 282000000,
      "cogs": 117000000,
      "rd": null,
      "sga": null,
      "fcf": 92000000,
      "ocf": 196000000,
      "capex": -104000000,
      "gross_margin": 0.680327868852459,
      "op_margin": 0.22950819672131148,
      "fcf_margin": 0.25136612021857924,
      "incr_op_margin_yoy": 1.625,
      "rev_growth_yoy": -0.09852216748768473,
      "rev_growth_yoy_accel": -0.011716611932129181,
      "op_leverage_ratio": Infinity,
      "fcf_margin_change": 0.3160049034885412
    },
    {
      "date": "2024-09-30T00:00:00",
      "quarter_label": "2024-09 (Q3)",
      "revenue": 486000000,
      "gross_profit": 351000000,
      "operating_income": 178000000,
      "net_income": 36000000,
      "opex": 308000000,
      "cogs": 135000000,
      "rd": null,
      "sga": null,
      "fcf": 266000000,
      "ocf": 301000000,
      "capex": -35000000,
      "gross_margin": 0.7222222222222222,
      "op_margin": 0.3662551440329218,
      "fcf_margin": 0.5473251028806584,
      "incr_op_margin_yoy": 0.7304347826086957,
      "rev_growth_yoy": 0.30997304582210244,
      "rev_growth_yoy_accel": 0.40849521330978716,
      "op_leverage_ratio": 3.5561160151324085,
      "fcf_margin_change": 0.29595898266207915
    },
    {
      "date": "2024-12-31T00:00:00",
      "quarter_label": "2024-12 (Q4)",
      "revenue": 256000000,
      "gross_profit": 133000000,
      "operating_income": -37000000,
      "net_income": 3000000,
      "opex": 293000000,
      "cogs": 123000000,
      "rd": null,
      "sga": null,
      "fcf": 142000000,
      "ocf": 192000000,
      "capex": -50000000,
      "gross_margin": 0.51953125,
      "op_margin": -0.14453125,
      "fcf_margin": 0.5546875,
      "incr_op_margin_yoy": -2.142857142857143,
      "rev_growth_yoy": 0.028112449799196786,
      "rev_growth_yoy_accel": -0.28186059602290564,
      "fcf_margin_change": 0.007362397119341613
    },
    {
      "date": "2025-03-31T00:00:00",
      "quarter_label": "2025-03 (Q1)",
      "revenue": 298000000,
      "gross_profit": 176000000,
      "operating_income": 0,
      "net_income": 4000000,
      "opex": 298000000,
      "cogs": 122000000,
      "rd": null,
      "sga": null,
      "fcf": 39000000,
      "ocf": 95000000,
      "capex": -56000000,
      "gross_margin": 0.5906040268456376,
      "op_margin": 0.0,
      "fcf_margin": 0.13087248322147652,
      "incr_op_margin_yoy": 0.8285714285714286,
      "rev_growth_yoy": 0.13307984790874525,
      "rev_growth_yoy_accel": 0.10496739810954846,
      "op_leverage_ratio": 9.6140625,
      "fcf_margin_change": -0.4238150167785235
    },
    {
      "date": "2025-06-30T00:00:00",
      "quarter_label": "2025-06 (Q2)",
      "revenue": 392000000,
      "gross_profit": 261000000,
      "operating_income": 85000000,
      "net_income": 33000000,
      "opex": 307000000,
      "cogs": 131000000,
      "rd": null,
      "sga": null,
      "fcf": 115000000,
      "ocf": 191000000,
      "capex": -76000000,
      "gross_margin": 0.6658163265306123,
      "op_margin": 0.21683673469387754,
      "fcf_margin": 0.29336734693877553,
      "incr_op_margin_yoy": 0.038461538461538464,
      "rev_growth_yoy": 0.07103825136612021,
      "rev_growth_yoy_accel": -0.06204159654262503,
      "op_leverage_ratio": 10.444444444444443,
      "fcf_margin_change": 0.16249486371729902
    },
    {
      "date": "2025-09-30T00:00:00",
      "quarter_label": "2025-09 (Q3)",
      "revenue": 429000000,
      "gross_profit": 301000000,
      "operating_income": 112000000,
      "net_income": 236000000,
      "opex": 317000000,
      "cogs": 128000000,
      "rd": null,
      "sga": null,
      "fcf": 144000000,
      "ocf": 225000000,
      "capex": -81000000,
      "gross_margin": 0.7016317016317016,
      "op_margin": 0.26107226107226106,
      "fcf_margin": 0.3356643356643357,
      "incr_op_margin_yoy": 1.1578947368421053,
      "rev_growth_yoy": -0.11728395061728394,
      "rev_growth_yoy_accel": -0.18832220198340416,
      "op_leverage_ratio": 2.8977040816326527,
      "fcf_margin_change": 0.04229698872556015
    }
  ],
  "signals": [
    {
      "quarter": "2025-09 (Q3)",
      "signal": "OPERATING LEVERAGE",
      "detail": "Rev growth +9.4% vs OpEx growth +3.3% (leverage: 2.9x)",
      "severity": "MEDIUM"
    },
    {
      "quarter": "2025-09 (Q3)",
      "signal": "YoY REVENUE GROWTH DECELERATION",
      "detail": "YoY growth: -11.7% vs prior quarter YoY: +7.1% (decel: -18.8%)",
      "severity": "WARNING"
    },
    {
      "quarter": "2025-09 (Q3)",
      "signal": "INCREMENTAL MARGIN (YoY)",
      "detail": "YoY Incr OPM: +115.8% vs year-ago OPM: +36.6%",
      "severity": "HIGH"
    },
    {
      "quarter": "2025-06 (Q2)",
      "signal": "FCF MARGIN EXPANSION",
      "detail": "FCF margin: +13.1% -> +29.3% (+16.2%)",
      "severity": "MEDIUM"
    },
    {
      "quarter": "2025-06 (Q2)",
      "signal": "OPERATING LEVERAGE",
      "detail": "Rev growth +31.5% vs OpEx growth +3.0% (leverage: 10.4x)",
      "severity": "MEDIUM"
    },
    {
      "quarter": "2025-06 (Q2)",
      "signal": "YoY REVENUE GROWTH DECELERATION",
      "detail": "YoY growth: +7.1% vs prior quarter YoY: +13.3% (decel: -6.2%)",
      "severity": "WARNING"
    },
    {
      "quarter": "2025-03 (Q1)",
      "signal": "OPERATING LEVERAGE",
      "detail": "Rev growth +16.4% vs OpEx growth +1.7% (leverage: 9.6x)",
      "severity": "MEDIUM"
    },
    {
      "quarter": "2025-03 (Q1)",
      "signal": "GROSS MARGIN INFLECTION",
      "detail": "GM: +72.2% -> +52.0% -> +59.1% (reversal +7.1%)",
      "severity": "HIGH"
    },
    {
      "quarter": "2025-03 (Q1)",
      "signal": "YoY REVENUE GROWTH ACCELERATION",
      "detail": "YoY growth: +13.3% vs prior quarter YoY: +2.8% (accel: +10.5%)",
      "severity": "MEDIUM"
    },
    {
      "quarter": "2024-12 (Q4)",
      "signal": "YoY REVENUE GROWTH DECELERATION",
      "detail": "YoY growth: +2.8% vs prior quarter YoY: +31.0% (decel: -28.2%)",
      "severity": "WARNING"
    },
    {
      "quarter": "2024-09 (Q3)",
      "signal": "FCF MARGIN EXPANSION",
      "detail": "FCF margin: +25.1% -> +54.7% (+29.6%)",
      "severity": "MEDIUM"
    },
    {
      "quarter": "2024-09 (Q3)",
      "signal": "OPERATING LEVERAGE",
      "detail": "Rev growth +32.8% vs OpEx growth +9.2% (leverage: 3.6x)",
      "severity": "MEDIUM"
    },
    {
      "quarter": "2024-09 (Q3)",
      "signal": "YoY REVENUE GROWTH ACCELERATION",
      "detail": "YoY growth: +31.0% vs prior quarter YoY: -9.9% (accel: +40.8%)",
      "severity": "HIGH"
    },
    {
      "quarter": "2024-09 (Q3)",
      "signal": "INCREMENTAL MARGIN (YoY)",
      "detail": "YoY Incr OPM: +73.0% vs year-ago OPM: +25.3%",
      "severity": "HIGH"
    },
    {
      "quarter": "2024-06 (Q2)",
      "signal": "FCF TURNED POSITIVE",
      "detail": "FCF margin: -6.5% -> +25.1%",
      "severity": "HIGH"
    },
    {
      "quarter": "2024-06 (Q2)",
      "signal": "GROSS MARGIN INFLECTION",
      "detail": "GM: +54.6% -> +52.1% -> +68.0% (reversal +15.9%)",
      "severity": "HIGH"
    },
    {
      "quarter": "2024-06 (Q2)",
      "signal": "INCREMENTAL MARGIN (YoY)",
      "detail": "YoY Incr OPM: +162.5% vs year-ago OPM: +36.7%",
      "severity": "HIGH"
    },
    {
      "quarter": "2024-06 (Q2)",
      "signal": "OP MARGIN TURNED POSITIVE (QoQ)",
      "detail": "Op margin: -11.0% -> +23.0%",
      "severity": "HIGH"
    },
    {
      "quarter": "2023-12 (Q4)",
      "signal": "YoY REVENUE GROWTH DECELERATION",
      "detail": "YoY growth: -7.1% vs prior quarter YoY: +9.1% (decel: -16.2%)",
      "severity": "WARNING"
    },
    {
      "quarter": "2023-09 (Q3)",
      "signal": "FCF MARGIN EXPANSION",
      "detail": "FCF margin: +27.8% -> +68.2% (+40.4%)",
      "severity": "MEDIUM"
    },
    {
      "quarter": "2023-06 (Q2)",
      "signal": "FCF TURNED POSITIVE",
      "detail": "FCF margin: -4.5% -> +27.8%",
      "severity": "HIGH"
    },
    {
      "quarter": "2023-06 (Q2)",
      "signal": "OPERATING LEVERAGE",
      "detail": "Rev growth +41.0% vs OpEx growth +4.5% (leverage: 9.2x)",
      "severity": "MEDIUM"
    },
    {
      "quarter": "2023-06 (Q2)",
      "signal": "GROSS MARGIN INFLECTION",
      "detail": "GM: +63.8% -> +62.5% -> +70.9% (reversal +8.4%)",
      "severity": "HIGH"
    },
    {
      "quarter": "2023-06 (Q2)",
      "signal": "YoY REVENUE GROWTH DECELERATION",
      "detail": "YoY growth: +10.3% vs prior quarter YoY: +34.6% (decel: -24.3%)",
      "severity": "WARNING"
    },
    {
      "quarter": "2023-03 (Q1)",
      "signal": "YoY REVENUE GROWTH ACCELERATION",
      "detail": "YoY growth: +34.6% vs prior quarter YoY: -15.7% (accel: +50.3%)",
      "severity": "HIGH"
    },
    {
      "quarter": "2023-03 (Q1)",
      "signal": "OP MARGIN TURNED POSITIVE (YoY)",
      "detail": "Op margin: -24.8% (year-ago) -> +14.6%",
      "severity": "HIGH"
    },
    {
      "quarter": "2022-12 (Q4)",
      "signal": "YoY REVENUE GROWTH DECELERATION",
      "detail": "YoY growth: -15.7% vs prior quarter YoY: -3.1% (decel: -12.6%)",
      "severity": "WARNING"
    },
    {
      "quarter": "2022-12 (Q4)",
      "signal": "INCREMENTAL MARGIN (YoY)",
      "detail": "YoY Incr OPM: +94.0% vs year-ago OPM: +18.6%",
      "severity": "HIGH"
    },
    {
      "quarter": "2022-09 (Q3)",
      "signal": "FCF MARGIN EXPANSION",
      "detail": "FCF margin: +41.3% -> +92.4% (+51.0%)",
      "severity": "MEDIUM"
    },
    {
      "quarter": "2022-06 (Q2)",
      "signal": "FCF MARGIN EXPANSION",
      "detail": "FCF margin: +21.5% -> +41.3% (+19.8%)",
      "severity": "MEDIUM"
    },
    {
      "quarter": "2022-06 (Q2)",
      "signal": "GROSS MARGIN INFLECTION",
      "detail": "GM: +63.2% -> +40.2% -> +69.6% (reversal +29.4%)",
      "severity": "HIGH"
    },
    {
      "quarter": "2022-06 (Q2)",
      "signal": "YoY REVENUE GROWTH ACCELERATION",
      "detail": "YoY growth: -3.2% vs prior quarter YoY: -9.7% (accel: +6.5%)",
      "severity": "MEDIUM"
    },
    {
      "quarter": "2022-06 (Q2)",
      "signal": "OP MARGIN TURNED POSITIVE (QoQ)",
      "detail": "Op margin: -24.8% -> +382.1%",
      "severity": "HIGH"
    },
    {
      "quarter": "2022-03 (Q1)",
      "signal": "YoY REVENUE GROWTH DECELERATION",
      "detail": "YoY growth: -9.7% vs prior quarter YoY: +13.6% (decel: -23.3%)",
      "severity": "WARNING"
    },
    {
      "quarter": "2021-12 (Q4)",
      "signal": "INCREMENTAL MARGIN (YoY)",
      "detail": "YoY Incr OPM: +81.6% vs year-ago OPM: +10.0%",
      "severity": "HIGH"
    },
    {
      "quarter": "2021-09 (Q3)",
      "signal": "FCF MARGIN EXPANSION",
      "detail": "FCF margin: +41.8% -> +73.2% (+31.4%)",
      "severity": "MEDIUM"
    },
    {
      "quarter": "2021-06 (Q2)",
      "signal": "FCF TURNED POSITIVE",
      "detail": "FCF margin: -4.6% -> +41.8%",
      "severity": "HIGH"
    },
    {
      "quarter": "2021-06 (Q2)",
      "signal": "GROSS MARGIN INFLECTION",
      "detail": "GM: +67.5% -> +53.6% -> +71.8% (reversal +18.3%)",
      "severity": "HIGH"
    },
    {
      "quarter": "2021-06 (Q2)",
      "signal": "OP MARGIN TURNED POSITIVE (QoQ)",
      "detail": "Op margin: -5.9% -> +35.0%",
      "severity": "HIGH"
    }
  ],
  "data_quality": {
    "n_quarters": 20,
    "coverage": {
      "revenue": [
        20,
        20
      ],
      "gross_profit": [
        20,
        20
      ],
      "op_income": [
        20,
        20
      ],
      "fcf": [
        20,
        20
      ]
    },
    "gaps": [],
    "warnings": []
  },
  "market_cap": null,
  "source": "SEC EDGAR",
  "last_updated": "2026-02-03T00:55:03.599624"
}