{
  "ticker": "CWGL",
  "name": "CRIMSON WINE GROUP, LTD.",
  "quarters": [
    {
      "date": "2020-12-31T00:00:00",
      "quarter_label": "2020-12 (Q4)",
      "revenue": 20186000,
      "gross_profit": 3539000,
      "operating_income": -4421000,
      "net_income": -3041000,
      "opex": 7960000,
      "cogs": 16647000,
      "rd": null,
      "sga": 6575000,
      "fcf": 3870000,
      "ocf": 4391000,
      "capex": -521000,
      "gross_margin": 0.17531952838601012,
      "op_margin": -0.21901317744971763,
      "fcf_margin": 0.1917170316060636
    },
    {
      "date": "2021-03-31T00:00:00",
      "quarter_label": "2021-03 (Q1)",
      "revenue": 14581000,
      "gross_profit": 5641000,
      "operating_income": -866000,
      "net_income": -847000,
      "opex": 6507000,
      "cogs": 8940000,
      "rd": null,
      "sga": 6503000,
      "fcf": 2257000,
      "ocf": 2462000,
      "capex": -205000,
      "gross_margin": 0.3868733283039572,
      "op_margin": -0.059392359920444414,
      "fcf_margin": 0.1547904807626363,
      "fcf_margin_change": -0.0369265508434273
    },
    {
      "date": "2021-06-30T00:00:00",
      "quarter_label": "2021-06 (Q2)",
      "revenue": 17391000,
      "gross_profit": 8340000,
      "operating_income": 1365000,
      "net_income": 5748000,
      "opex": 6975000,
      "cogs": 9051000,
      "rd": null,
      "sga": 7006000,
      "fcf": 5907000,
      "ocf": 6971000,
      "capex": -1064000,
      "gross_margin": 0.47955839227186475,
      "op_margin": 0.07848887355528722,
      "fcf_margin": 0.3396584440227704,
      "op_leverage_ratio": 2.6795012476721554,
      "fcf_margin_change": 0.1848679632601341
    },
    {
      "date": "2021-09-30T00:00:00",
      "quarter_label": "2021-09 (Q3)",
      "revenue": 17137000,
      "gross_profit": 7580000,
      "operating_income": 613000,
      "net_income": 284000,
      "opex": 6967000,
      "cogs": 9557000,
      "rd": null,
      "sga": 6956000,
      "fcf": 2761000,
      "ocf": 3802000,
      "capex": -1041000,
      "gross_margin": 0.4423177919122367,
      "op_margin": 0.03577055493960436,
      "fcf_margin": 0.1611133804049717,
      "fcf_margin_change": -0.1785450636177987
    },
    {
      "date": "2021-12-31T00:00:00",
      "quarter_label": "2021-12 (Q4)",
      "revenue": 19809000,
      "gross_profit": 8492000,
      "operating_income": -868000,
      "net_income": -990000,
      "opex": 9360000,
      "cogs": 11317000,
      "rd": null,
      "sga": 8315000,
      "fcf": 3271000,
      "ocf": 5467000,
      "capex": -2196000,
      "gross_margin": 0.42869402796708567,
      "op_margin": -0.04381846635367762,
      "fcf_margin": 0.16512696249179665,
      "rev_growth_yoy": -0.018676310314079066,
      "op_leverage_ratio": 0.4539466014169969,
      "fcf_margin_change": 0.004013582086824952
    },
    {
      "date": "2022-03-31T00:00:00",
      "quarter_label": "2022-03 (Q1)",
      "revenue": 18623000,
      "gross_profit": 7095000,
      "operating_income": 38000,
      "net_income": -157000,
      "opex": 7057000,
      "cogs": 11528000,
      "rd": null,
      "sga": 7037000,
      "fcf": 194000,
      "ocf": 474000,
      "capex": -280000,
      "gross_margin": 0.3809805079740106,
      "op_margin": 0.0020404875691349407,
      "fcf_margin": 0.010417226010846803,
      "incr_op_margin_yoy": 0.22365165759524988,
      "rev_growth_yoy": 0.27721006789657776,
      "rev_growth_yoy_accel": 0.29588637821065683,
      "fcf_margin_change": -0.15470973648094985
    },
    {
      "date": "2022-06-30T00:00:00",
      "quarter_label": "2022-06 (Q2)",
      "revenue": 18082000,
      "gross_profit": 8353000,
      "operating_income": 440000,
      "net_income": 318000,
      "opex": 7913000,
      "cogs": 9729000,
      "rd": null,
      "sga": 7806000,
      "fcf": 4338000,
      "ocf": 5736000,
      "capex": -1398000,
      "gross_margin": 0.4619511116026988,
      "op_margin": 0.024333591416878665,
      "fcf_margin": 0.239907089923681,
      "rev_growth_yoy": 0.03973319533091829,
      "rev_growth_yoy_accel": -0.23747687256565947,
      "fcf_margin_change": 0.2294898639128342
    },
    {
      "date": "2022-09-30T00:00:00",
      "quarter_label": "2022-09 (Q3)",
      "revenue": 16686000,
      "gross_profit": 7552000,
      "operating_income": -342000,
      "net_income": -425000,
      "opex": 7894000,
      "cogs": 9134000,
      "rd": null,
      "sga": 7865000,
      "fcf": 892000,
      "ocf": 2779000,
      "capex": -1887000,
      "gross_margin": 0.4525949898118183,
      "op_margin": -0.020496224379719527,
      "fcf_margin": 0.05345798873306964,
      "rev_growth_yoy": -0.026317325086071073,
      "rev_growth_yoy_accel": -0.06605052041698936,
      "fcf_margin_change": -0.18644910119061137
    },
    {
      "date": "2022-12-31T00:00:00",
      "quarter_label": "2022-12 (Q4)",
      "revenue": 20853000,
      "gross_profit": 9791000,
      "operating_income": 1833000,
      "net_income": 1341000,
      "opex": 7958000,
      "cogs": 11062000,
      "rd": null,
      "sga": 7808000,
      "fcf": -5504000,
      "ocf": -1496000,
      "capex": -4008000,
      "gross_margin": 0.4695247686184242,
      "op_margin": 0.08790102143576464,
      "fcf_margin": -0.26394283796096485,
      "incr_op_margin_yoy": 2.5871647509578546,
      "rev_growth_yoy": 0.052703316674238984,
      "rev_growth_yoy_accel": 0.07902064176031005,
      "op_leverage_ratio": 30.802673274002156,
      "fcf_margin_change": -0.31740082669403447
    },
    {
      "date": "2023-03-31T00:00:00",
      "quarter_label": "2023-03 (Q1)",
      "revenue": 15221000,
      "gross_profit": 6934000,
      "operating_income": -893000,
      "net_income": -612000,
      "opex": 7827000,
      "cogs": 8287000,
      "rd": null,
      "sga": 7778000,
      "fcf": -3683000,
      "ocf": -3210000,
      "capex": -473000,
      "gross_margin": 0.45555482556993626,
      "op_margin": -0.05866894422179883,
      "fcf_margin": -0.24196833322383549,
      "incr_op_margin_yoy": 0.2736625514403292,
      "rev_growth_yoy": -0.18267733447887022,
      "rev_growth_yoy_accel": -0.2353806511531092,
      "fcf_margin_change": 0.021974504737129363
    },
    {
      "date": "2023-06-30T00:00:00",
      "quarter_label": "2023-06 (Q2)",
      "revenue": 17718000,
      "gross_profit": 8597000,
      "operating_income": 532000,
      "net_income": 546000,
      "opex": 8065000,
      "cogs": 9121000,
      "rd": null,
      "sga": 8080000,
      "fcf": 2016000,
      "ocf": 4985000,
      "capex": -2969000,
      "gross_margin": 0.4852127779659104,
      "op_margin": 0.03002596229822779,
      "fcf_margin": 0.11378259397223163,
      "rev_growth_yoy": -0.02013051653578144,
      "rev_growth_yoy_accel": 0.16254681794308878,
      "op_leverage_ratio": 5.395028374663709,
      "fcf_margin_change": 0.3557509271960671
    },
    {
      "date": "2023-09-30T00:00:00",
      "quarter_label": "2023-09 (Q3)",
      "revenue": 18030000,
      "gross_profit": 8426000,
      "operating_income": 396000,
      "net_income": 1711000,
      "opex": 8030000,
      "cogs": 9604000,
      "rd": null,
      "sga": 8028000,
      "fcf": -3111000,
      "ocf": 908000,
      "capex": -4019000,
      "gross_margin": 0.4673322240709928,
      "op_margin": 0.021963394342762062,
      "fcf_margin": -0.17254575707154743,
      "incr_op_margin_yoy": 0.5491071428571429,
      "rev_growth_yoy": 0.08054656598345919,
      "rev_growth_yoy_accel": 0.10067708251924062,
      "op_leverage_ratio": Infinity,
      "fcf_margin_change": -0.2863283510437791
    },
    {
      "date": "2023-12-31T00:00:00",
      "quarter_label": "2023-12 (Q4)",
      "revenue": 21433000,
      "gross_profit": 9726000,
      "operating_income": 1940000,
      "net_income": 1478000,
      "opex": 7786000,
      "cogs": 11707000,
      "rd": null,
      "sga": 7785000,
      "fcf": 1683000,
      "ocf": 3270000,
      "capex": -1587000,
      "gross_margin": 0.4537862175150469,
      "op_margin": 0.0905146269770914,
      "fcf_margin": 0.07852377175383754,
      "rev_growth_yoy": 0.027813743825828418,
      "rev_growth_yoy_accel": -0.05273282215763077,
      "op_leverage_ratio": Infinity,
      "fcf_margin_change": 0.25106952882538497
    },
    {
      "date": "2024-03-31T00:00:00",
      "quarter_label": "2024-03 (Q1)",
      "revenue": 15930000,
      "gross_profit": 7696000,
      "operating_income": -1106000,
      "net_income": -633000,
      "opex": 8802000,
      "cogs": 8234000,
      "rd": null,
      "sga": 8591000,
      "fcf": -4124000,
      "ocf": -3657000,
      "capex": -467000,
      "gross_margin": 0.48311362209667297,
      "op_margin": -0.06942875078468298,
      "fcf_margin": -0.2588826114249843,
      "rev_growth_yoy": 0.04658038236646738,
      "rev_growth_yoy_accel": 0.018766638540638963,
      "fcf_margin_change": -0.3374063831788219
    },
    {
      "date": "2024-06-30T00:00:00",
      "quarter_label": "2024-06 (Q2)",
      "revenue": 17246000,
      "gross_profit": 8791000,
      "operating_income": -46000,
      "net_income": 128000,
      "opex": 8837000,
      "cogs": 8455000,
      "rd": null,
      "sga": 8675000,
      "fcf": 3091000,
      "ocf": 4589000,
      "capex": -1498000,
      "gross_margin": 0.5097413893076655,
      "op_margin": -0.00266728516757509,
      "fcf_margin": 0.17922996636901312,
      "rev_growth_yoy": -0.026639575572863755,
      "rev_growth_yoy_accel": -0.07321995793933114,
      "op_leverage_ratio": 20.77559322033898,
      "fcf_margin_change": 0.4381125777939974
    },
    {
      "date": "2024-09-30T00:00:00",
      "quarter_label": "2024-09 (Q3)",
      "revenue": 16912000,
      "gross_profit": 8102000,
      "operating_income": -301000,
      "net_income": 38000,
      "opex": 8403000,
      "cogs": 8810000,
      "rd": null,
      "sga": 8415000,
      "fcf": -795000,
      "ocf": 1514000,
      "capex": -2309000,
      "gross_margin": 0.4790681173131504,
      "op_margin": -0.017798013245033113,
      "fcf_margin": -0.04700804162724693,
      "incr_op_margin_yoy": 0.6234347048300537,
      "rev_growth_yoy": -0.0620077648363838,
      "rev_growth_yoy_accel": -0.03536818926352005,
      "fcf_margin_change": -0.22623800799626004
    },
    {
      "date": "2024-12-31T00:00:00",
      "quarter_label": "2024-12 (Q4)",
      "revenue": 22897000,
      "gross_profit": 10464000,
      "operating_income": 1521000,
      "net_income": 1318000,
      "opex": 8943000,
      "cogs": 12433000,
      "rd": null,
      "sga": 8499000,
      "fcf": -864000,
      "ocf": 231000,
      "capex": -1095000,
      "gross_margin": 0.4570031008429052,
      "op_margin": 0.06642791632091541,
      "fcf_margin": -0.03773420098702887,
      "incr_op_margin_yoy": -0.28620218579234974,
      "rev_growth_yoy": 0.06830588345075352,
      "rev_growth_yoy_accel": 0.13031364828713732,
      "op_leverage_ratio": 5.506932947019868,
      "fcf_margin_change": 0.009273840640218058
    },
    {
      "date": "2025-03-31T00:00:00",
      "quarter_label": "2025-03 (Q1)",
      "revenue": 14460000,
      "gross_profit": 6648000,
      "operating_income": -1540000,
      "net_income": -936000,
      "opex": 8188000,
      "cogs": 7812000,
      "rd": null,
      "sga": 8194000,
      "fcf": -74000,
      "ocf": 113000,
      "capex": -187000,
      "gross_margin": 0.4597510373443983,
      "op_margin": -0.10650069156293222,
      "fcf_margin": -0.005117565698478562,
      "incr_op_margin_yoy": 0.29523809523809524,
      "rev_growth_yoy": -0.09227871939736347,
      "rev_growth_yoy_accel": -0.160584602848117,
      "fcf_margin_change": 0.03261663528855031
    },
    {
      "date": "2025-06-30T00:00:00",
      "quarter_label": "2025-06 (Q2)",
      "revenue": 17001000,
      "gross_profit": 7751000,
      "operating_income": -443000,
      "net_income": -131000,
      "opex": 8194000,
      "cogs": 9250000,
      "rd": null,
      "sga": 8156000,
      "fcf": -861000,
      "ocf": 540000,
      "capex": -1401000,
      "gross_margin": 0.4559143579789424,
      "op_margin": -0.02605729074760308,
      "fcf_margin": -0.050644079760014116,
      "rev_growth_yoy": -0.014206192740345588,
      "rev_growth_yoy_accel": 0.07807252665701789,
      "op_leverage_ratio": Infinity,
      "fcf_margin_change": -0.04552651406153555
    },
    {
      "date": "2025-09-30T00:00:00",
      "quarter_label": "2025-09 (Q3)",
      "revenue": 13317000,
      "gross_profit": 6289000,
      "operating_income": -1156000,
      "net_income": 943000,
      "opex": 7445000,
      "cogs": 7028000,
      "rd": null,
      "sga": 7460000,
      "fcf": 1116000,
      "ocf": 2488000,
      "capex": -1372000,
      "gross_margin": 0.47225351055042425,
      "op_margin": -0.08680633776376061,
      "fcf_margin": 0.08380265825636404,
      "incr_op_margin_yoy": 0.23783031988873435,
      "rev_growth_yoy": -0.2125709555345317,
      "rev_growth_yoy_accel": -0.1983647627941861,
      "fcf_margin_change": 0.13444673801637816
    }
  ],
  "signals": [
    {
      "quarter": "2025-09 (Q3)",
      "signal": "FCF TURNED POSITIVE",
      "detail": "FCF margin: -5.1% -> +8.4%",
      "severity": "HIGH"
    },
    {
      "quarter": "2025-09 (Q3)",
      "signal": "YoY REVENUE GROWTH DECELERATION",
      "detail": "YoY growth: -21.3% vs prior quarter YoY: -1.4% (decel: -19.8%)",
      "severity": "WARNING"
    },
    {
      "quarter": "2025-06 (Q2)",
      "signal": "OPERATING LEVERAGE",
      "detail": "Rev growth +17.6% vs OpEx growth +0.1% (leverage: 239.8x)",
      "severity": "MEDIUM"
    },
    {
      "quarter": "2025-06 (Q2)",
      "signal": "YoY REVENUE GROWTH ACCELERATION",
      "detail": "YoY growth: -1.4% vs prior quarter YoY: -9.2% (accel: +7.8%)",
      "severity": "MEDIUM"
    },
    {
      "quarter": "2025-03 (Q1)",
      "signal": "YoY REVENUE GROWTH DECELERATION",
      "detail": "YoY growth: -9.2% vs prior quarter YoY: +6.8% (decel: -16.1%)",
      "severity": "WARNING"
    },
    {
      "quarter": "2024-12 (Q4)",
      "signal": "OPERATING LEVERAGE",
      "detail": "Rev growth +35.4% vs OpEx growth +6.4% (leverage: 5.5x)",
      "severity": "MEDIUM"
    },
    {
      "quarter": "2024-12 (Q4)",
      "signal": "YoY REVENUE GROWTH ACCELERATION",
      "detail": "YoY growth: +6.8% vs prior quarter YoY: -6.2% (accel: +13.0%)",
      "severity": "MEDIUM"
    },
    {
      "quarter": "2024-12 (Q4)",
      "signal": "OP MARGIN TURNED POSITIVE (QoQ)",
      "detail": "Op margin: -1.8% -> +6.6%",
      "severity": "HIGH"
    },
    {
      "quarter": "2024-06 (Q2)",
      "signal": "FCF TURNED POSITIVE",
      "detail": "FCF margin: -25.9% -> +17.9%",
      "severity": "HIGH"
    },
    {
      "quarter": "2024-06 (Q2)",
      "signal": "OPERATING LEVERAGE",
      "detail": "Rev growth +8.3% vs OpEx growth +0.4% (leverage: 20.8x)",
      "severity": "MEDIUM"
    },
    {
      "quarter": "2024-06 (Q2)",
      "signal": "YoY REVENUE GROWTH DECELERATION",
      "detail": "YoY growth: -2.7% vs prior quarter YoY: +4.7% (decel: -7.3%)",
      "severity": "WARNING"
    },
    {
      "quarter": "2024-03 (Q1)",
      "signal": "GROSS MARGIN INFLECTION",
      "detail": "GM: +46.7% -> +45.4% -> +48.3% (reversal +2.9%)",
      "severity": "MEDIUM"
    },
    {
      "quarter": "2023-12 (Q4)",
      "signal": "FCF TURNED POSITIVE",
      "detail": "FCF margin: -17.3% -> +7.9%",
      "severity": "HIGH"
    },
    {
      "quarter": "2023-12 (Q4)",
      "signal": "YoY REVENUE GROWTH DECELERATION",
      "detail": "YoY growth: +2.8% vs prior quarter YoY: +8.1% (decel: -5.3%)",
      "severity": "WARNING"
    },
    {
      "quarter": "2023-09 (Q3)",
      "signal": "YoY REVENUE GROWTH ACCELERATION",
      "detail": "YoY growth: +8.1% vs prior quarter YoY: -2.0% (accel: +10.1%)",
      "severity": "MEDIUM"
    },
    {
      "quarter": "2023-09 (Q3)",
      "signal": "OP MARGIN TURNED POSITIVE (YoY)",
      "detail": "Op margin: -2.0% (year-ago) -> +2.2%",
      "severity": "HIGH"
    },
    {
      "quarter": "2023-06 (Q2)",
      "signal": "FCF TURNED POSITIVE",
      "detail": "FCF margin: -24.2% -> +11.4%",
      "severity": "HIGH"
    },
    {
      "quarter": "2023-06 (Q2)",
      "signal": "OPERATING LEVERAGE",
      "detail": "Rev growth +16.4% vs OpEx growth +3.0% (leverage: 5.4x)",
      "severity": "MEDIUM"
    },
    {
      "quarter": "2023-06 (Q2)",
      "signal": "GROSS MARGIN INFLECTION",
      "detail": "GM: +47.0% -> +45.6% -> +48.5% (reversal +3.0%)",
      "severity": "MEDIUM"
    },
    {
      "quarter": "2023-06 (Q2)",
      "signal": "YoY REVENUE GROWTH ACCELERATION",
      "detail": "YoY growth: -2.0% vs prior quarter YoY: -18.3% (accel: +16.3%)",
      "severity": "HIGH"
    },
    {
      "quarter": "2023-06 (Q2)",
      "signal": "OP MARGIN TURNED POSITIVE (QoQ)",
      "detail": "Op margin: -5.9% -> +3.0%",
      "severity": "HIGH"
    },
    {
      "quarter": "2023-03 (Q1)",
      "signal": "YoY REVENUE GROWTH DECELERATION",
      "detail": "YoY growth: -18.3% vs prior quarter YoY: +5.3% (decel: -23.5%)",
      "severity": "WARNING"
    },
    {
      "quarter": "2022-12 (Q4)",
      "signal": "OPERATING LEVERAGE",
      "detail": "Rev growth +25.0% vs OpEx growth +0.8% (leverage: 30.8x)",
      "severity": "MEDIUM"
    },
    {
      "quarter": "2022-12 (Q4)",
      "signal": "YoY REVENUE GROWTH ACCELERATION",
      "detail": "YoY growth: +5.3% vs prior quarter YoY: -2.6% (accel: +7.9%)",
      "severity": "MEDIUM"
    },
    {
      "quarter": "2022-12 (Q4)",
      "signal": "OP MARGIN TURNED POSITIVE (YoY)",
      "detail": "Op margin: -4.4% (year-ago) -> +8.8%",
      "severity": "HIGH"
    },
    {
      "quarter": "2022-12 (Q4)",
      "signal": "OP MARGIN TURNED POSITIVE (QoQ)",
      "detail": "Op margin: -2.0% -> +8.8%",
      "severity": "HIGH"
    },
    {
      "quarter": "2022-09 (Q3)",
      "signal": "YoY REVENUE GROWTH DECELERATION",
      "detail": "YoY growth: -2.6% vs prior quarter YoY: +4.0% (decel: -6.6%)",
      "severity": "WARNING"
    },
    {
      "quarter": "2022-06 (Q2)",
      "signal": "FCF MARGIN EXPANSION",
      "detail": "FCF margin: +1.0% -> +24.0% (+22.9%)",
      "severity": "MEDIUM"
    },
    {
      "quarter": "2022-06 (Q2)",
      "signal": "GROSS MARGIN INFLECTION",
      "detail": "GM: +42.9% -> +38.1% -> +46.2% (reversal +8.1%)",
      "severity": "HIGH"
    },
    {
      "quarter": "2022-06 (Q2)",
      "signal": "YoY REVENUE GROWTH DECELERATION",
      "detail": "YoY growth: +4.0% vs prior quarter YoY: +27.7% (decel: -23.7%)",
      "severity": "WARNING"
    },
    {
      "quarter": "2022-03 (Q1)",
      "signal": "YoY REVENUE GROWTH ACCELERATION",
      "detail": "YoY growth: +27.7% vs prior quarter YoY: -1.9% (accel: +29.6%)",
      "severity": "HIGH"
    },
    {
      "quarter": "2022-03 (Q1)",
      "signal": "OP MARGIN TURNED POSITIVE (YoY)",
      "detail": "Op margin: -5.9% (year-ago) -> +0.2%",
      "severity": "HIGH"
    },
    {
      "quarter": "2022-03 (Q1)",
      "signal": "OP MARGIN TURNED POSITIVE (QoQ)",
      "detail": "Op margin: -4.4% -> +0.2%",
      "severity": "HIGH"
    },
    {
      "quarter": "2021-06 (Q2)",
      "signal": "FCF MARGIN EXPANSION",
      "detail": "FCF margin: +15.5% -> +34.0% (+18.5%)",
      "severity": "MEDIUM"
    },
    {
      "quarter": "2021-06 (Q2)",
      "signal": "OPERATING LEVERAGE",
      "detail": "Rev growth +19.3% vs OpEx growth +7.2% (leverage: 2.7x)",
      "severity": "MEDIUM"
    },
    {
      "quarter": "2021-06 (Q2)",
      "signal": "OP MARGIN TURNED POSITIVE (QoQ)",
      "detail": "Op margin: -5.9% -> +7.8%",
      "severity": "HIGH"
    }
  ],
  "data_quality": {
    "n_quarters": 20,
    "coverage": {
      "revenue": [
        20,
        20
      ],
      "gross_profit": [
        20,
        20
      ],
      "op_income": [
        20,
        20
      ],
      "fcf": [
        20,
        20
      ]
    },
    "gaps": [],
    "warnings": []
  },
  "market_cap": null,
  "source": "SEC EDGAR",
  "last_updated": "2026-02-02T23:19:44.544817"
}