{
  "ticker": "CWH",
  "name": "Camping World Holdings,\u00a0Inc.",
  "quarters": [
    {
      "date": "2020-12-31T00:00:00",
      "quarter_label": "2020-12 (Q4)",
      "revenue": 1133820000,
      "gross_profit": 378029000,
      "operating_income": 66497000,
      "net_income": 14378000,
      "opex": 311532000,
      "cogs": 755791000,
      "rd": null,
      "sga": 293834000,
      "fcf": -180849000,
      "ocf": -180849000,
      "capex": null,
      "gross_margin": 0.33341182903811895,
      "op_margin": 0.05864863911379231,
      "fcf_margin": -0.15950415409853416
    },
    {
      "date": "2021-03-31T00:00:00",
      "quarter_label": "2021-03 (Q1)",
      "revenue": 1557781000,
      "gross_profit": 520494000,
      "operating_income": 168556000,
      "net_income": 62322000,
      "opex": 351938000,
      "cogs": 1037287000,
      "rd": null,
      "sga": 337034000,
      "fcf": 87832000,
      "ocf": 87832000,
      "capex": null,
      "gross_margin": 0.3341252717808216,
      "op_margin": 0.10820262925276403,
      "fcf_margin": 0.056382764971456195,
      "op_leverage_ratio": 2.882959876342806,
      "fcf_margin_change": 0.21588691906999036
    },
    {
      "date": "2021-06-30T00:00:00",
      "quarter_label": "2021-06 (Q2)",
      "revenue": 2061807000,
      "gross_profit": 759843000,
      "operating_income": 304973000,
      "net_income": 109188000,
      "opex": 454870000,
      "cogs": 1301964000,
      "rd": null,
      "sga": 432249000,
      "fcf": 372297000,
      "ocf": 372297000,
      "capex": null,
      "gross_margin": 0.36853255421094216,
      "op_margin": 0.1479153965429354,
      "fcf_margin": 0.18056830731489418,
      "op_leverage_ratio": 1.1062729357522125,
      "fcf_margin_change": 0.12418554234343798
    },
    {
      "date": "2021-09-30T00:00:00",
      "quarter_label": "2021-09 (Q3)",
      "revenue": 1916574000,
      "gross_profit": 691376000,
      "operating_income": 242674000,
      "net_income": 79703000,
      "opex": 448702000,
      "cogs": 1225198000,
      "rd": null,
      "sga": 424385000,
      "fcf": 111747000,
      "ocf": 111747000,
      "capex": null,
      "gross_margin": 0.36073535381362787,
      "op_margin": 0.12661864347528454,
      "fcf_margin": 0.05830560155777966,
      "fcf_margin_change": -0.12226270575711451
    },
    {
      "date": "2021-12-31T00:00:00",
      "quarter_label": "2021-12 (Q4)",
      "revenue": 1377592000,
      "gross_profit": 484615000,
      "operating_income": 83341000,
      "net_income": 27248000,
      "opex": 401274000,
      "cogs": 892977000,
      "rd": null,
      "sga": 379941000,
      "fcf": -417872000,
      "ocf": -417872000,
      "capex": null,
      "gross_margin": 0.3517841276662466,
      "op_margin": 0.06049759290123636,
      "fcf_margin": -0.30333509486117805,
      "incr_op_margin_yoy": 0.06909735326452587,
      "rev_growth_yoy": 0.21500061738194776,
      "fcf_margin_change": -0.3616406964189577
    },
    {
      "date": "2022-03-31T00:00:00",
      "quarter_label": "2022-03 (Q1)",
      "revenue": 1662396000,
      "gross_profit": 560202000,
      "operating_income": 149125000,
      "net_income": 44730000,
      "opex": 411077000,
      "cogs": 1102194000,
      "rd": null,
      "sga": 385315000,
      "fcf": -210054000,
      "ocf": -210054000,
      "capex": null,
      "gross_margin": 0.33698468956855043,
      "op_margin": 0.08970485973257876,
      "fcf_margin": -0.12635617506298139,
      "incr_op_margin_yoy": -0.1857381828609664,
      "rev_growth_yoy": 0.06715642314291932,
      "rev_growth_yoy_accel": -0.14784419423902845,
      "op_leverage_ratio": 8.462671656351523,
      "fcf_margin_change": 0.17697891979819666
    },
    {
      "date": "2022-06-30T00:00:00",
      "quarter_label": "2022-06 (Q2)",
      "revenue": 2168632000,
      "gross_profit": 716793000,
      "operating_income": 254100000,
      "net_income": 84311000,
      "opex": 462693000,
      "cogs": 1451839000,
      "rd": null,
      "sga": 441123000,
      "fcf": 394048000,
      "ocf": 394048000,
      "capex": null,
      "gross_margin": 0.33052772439030687,
      "op_margin": 0.1171706402930511,
      "fcf_margin": 0.18170348865090988,
      "incr_op_margin_yoy": -0.4762274748420314,
      "rev_growth_yoy": 0.0518113480068697,
      "rev_growth_yoy_accel": -0.015345075136049623,
      "op_leverage_ratio": 2.4252548034881234,
      "fcf_margin_change": 0.30805966371389126
    },
    {
      "date": "2022-09-30T00:00:00",
      "quarter_label": "2022-09 (Q3)",
      "revenue": 1855682000,
      "gross_profit": 593688000,
      "operating_income": 155532000,
      "net_income": 41126000,
      "opex": 438156000,
      "cogs": 1261994000,
      "rd": null,
      "sga": 419102000,
      "fcf": 339925000,
      "ocf": 339925000,
      "capex": null,
      "gross_margin": 0.31992981556107136,
      "op_margin": 0.0838139293262531,
      "fcf_margin": 0.18318063116417577,
      "incr_op_margin_yoy": 1.4310911121329568,
      "rev_growth_yoy": -0.03177127520252283,
      "rev_growth_yoy_accel": -0.08358262320939253,
      "fcf_margin_change": 0.0014771425132658889
    },
    {
      "date": "2022-12-31T00:00:00",
      "quarter_label": "2022-12 (Q4)",
      "revenue": 1280303000,
      "gross_profit": 391601000,
      "operating_income": 9772000,
      "net_income": -33220000,
      "opex": 381829000,
      "cogs": 888702000,
      "rd": null,
      "sga": 361444000,
      "fcf": -334136000,
      "ocf": -334136000,
      "capex": null,
      "gross_margin": 0.30586587706191426,
      "op_margin": 0.007632568227989781,
      "fcf_margin": -0.2609819706741295,
      "incr_op_margin_yoy": 0.7561903195633628,
      "rev_growth_yoy": -0.0706225065186209,
      "rev_growth_yoy_accel": -0.038851231316098064,
      "fcf_margin_change": -0.44416260183830525
    },
    {
      "date": "2023-03-31T00:00:00",
      "quarter_label": "2023-03 (Q1)",
      "revenue": 1486880000,
      "gross_profit": 441020000,
      "operating_income": 58599000,
      "net_income": 3169000,
      "opex": 382421000,
      "cogs": 1045860000,
      "rd": null,
      "sga": 365726000,
      "fcf": 199217000,
      "ocf": 199217000,
      "capex": null,
      "gross_margin": 0.296607661680835,
      "op_margin": 0.039410712364145055,
      "fcf_margin": 0.13398324007317336,
      "incr_op_margin_yoy": 0.5157706419927528,
      "rev_growth_yoy": -0.10558013854701287,
      "rev_growth_yoy_accel": -0.03495763202839197,
      "op_leverage_ratio": 104.06780783612435,
      "fcf_margin_change": 0.39496521074730284
    },
    {
      "date": "2023-06-30T00:00:00",
      "quarter_label": "2023-06 (Q2)",
      "revenue": 1900721000,
      "gross_profit": 571102000,
      "operating_income": 132677000,
      "net_income": 28703000,
      "opex": 438425000,
      "cogs": 1329619000,
      "rd": null,
      "sga": 420887000,
      "fcf": 28747000,
      "ocf": 28747000,
      "capex": null,
      "gross_margin": 0.30046598106718453,
      "op_margin": 0.06980351140435656,
      "fcf_margin": 0.01512426074105563,
      "incr_op_margin_yoy": 0.4532214056160441,
      "rev_growth_yoy": -0.12353917123790482,
      "rev_growth_yoy_accel": -0.017959032690891955,
      "op_leverage_ratio": 1.9005542943748355,
      "fcf_margin_change": -0.11885897933211773
    },
    {
      "date": "2023-09-30T00:00:00",
      "quarter_label": "2023-09 (Q3)",
      "revenue": 1729613000,
      "gross_profit": 523086000,
      "operating_income": 87926000,
      "net_income": 15961000,
      "opex": 435160000,
      "cogs": 1206527000,
      "rd": null,
      "sga": 415288000,
      "fcf": 315309000,
      "ocf": 315309000,
      "capex": null,
      "gross_margin": 0.3024295030159926,
      "op_margin": 0.050835649362024914,
      "fcf_margin": 0.18230031804802577,
      "incr_op_margin_yoy": 0.5362618883309933,
      "rev_growth_yoy": -0.06793674778329477,
      "rev_growth_yoy_accel": 0.055602423454610056,
      "fcf_margin_change": 0.16717605730697013
    },
    {
      "date": "2023-12-31T00:00:00",
      "quarter_label": "2023-12 (Q4)",
      "revenue": 1109333000,
      "gross_profit": 343441000,
      "operating_income": -12128000,
      "net_income": -16789000,
      "opex": 355569000,
      "cogs": 765892000,
      "rd": null,
      "sga": 337087000,
      "fcf": -232466000,
      "ocf": -232466000,
      "capex": null,
      "gross_margin": 0.3095923406226985,
      "op_margin": -0.01093269559275709,
      "fcf_margin": -0.20955475046717262,
      "incr_op_margin_yoy": 0.12809264783295315,
      "rev_growth_yoy": -0.1335387013855314,
      "rev_growth_yoy_accel": -0.06560195360223663,
      "fcf_margin_change": -0.39185506851519836
    },
    {
      "date": "2024-03-31T00:00:00",
      "quarter_label": "2024-03 (Q1)",
      "revenue": 1364017000,
      "gross_profit": 402397000,
      "operating_income": 4222000,
      "net_income": -22307000,
      "opex": 398175000,
      "cogs": 961620000,
      "rd": null,
      "sga": 371473000,
      "fcf": -67982000,
      "ocf": -67982000,
      "capex": null,
      "gross_margin": 0.2950087865473817,
      "op_margin": 0.003095269340484759,
      "fcf_margin": -0.04983955478560751,
      "incr_op_margin_yoy": 0.442582388514036,
      "rev_growth_yoy": -0.08263141611965996,
      "rev_growth_yoy_accel": 0.05090728526587143,
      "op_leverage_ratio": 1.9159883190981808,
      "fcf_margin_change": 0.15971519568156511
    },
    {
      "date": "2024-06-30T00:00:00",
      "quarter_label": "2024-06 (Q2)",
      "revenue": 1806505000,
      "gross_profit": 547659000,
      "operating_income": 95382000,
      "net_income": 9771000,
      "opex": 452277000,
      "cogs": 1258846000,
      "rd": null,
      "sga": 419676000,
      "fcf": 152323000,
      "ocf": 152323000,
      "capex": null,
      "gross_margin": 0.3031594155565581,
      "op_margin": 0.05279918959537892,
      "fcf_margin": 0.08431916878170832,
      "incr_op_margin_yoy": 0.39584571622654324,
      "rev_growth_yoy": -0.04956855845755374,
      "rev_growth_yoy_accel": 0.033062857662106225,
      "op_leverage_ratio": 2.3874945177968545,
      "fcf_margin_change": 0.13415872356731584
    },
    {
      "date": "2024-09-30T00:00:00",
      "quarter_label": "2024-09 (Q3)",
      "revenue": 1724988000,
      "gross_profit": 498524000,
      "operating_income": 64418000,
      "net_income": 5501000,
      "opex": 434106000,
      "cogs": 1226464000,
      "rd": null,
      "sga": 414209000,
      "fcf": 324200000,
      "ocf": 324200000,
      "capex": null,
      "gross_margin": 0.2890014307345906,
      "op_margin": 0.037344027900483946,
      "fcf_margin": 0.18794333641741276,
      "incr_op_margin_yoy": 5.082810810810811,
      "rev_growth_yoy": -0.002674008578797685,
      "rev_growth_yoy_accel": 0.046894549878756055,
      "fcf_margin_change": 0.10362416763570444
    },
    {
      "date": "2024-12-31T00:00:00",
      "quarter_label": "2024-12 (Q4)",
      "revenue": 1204464000,
      "gross_profit": 376916000,
      "operating_income": -15452000,
      "net_income": -31602000,
      "opex": 392368000,
      "cogs": 827548000,
      "rd": null,
      "sga": 367759000,
      "fcf": -163382000,
      "ocf": -163382000,
      "capex": null,
      "gross_margin": 0.3129325575525711,
      "op_margin": -0.01282894299871146,
      "fcf_margin": -0.1356470596049363,
      "incr_op_margin_yoy": -0.03494129148227181,
      "rev_growth_yoy": 0.08575513394084554,
      "rev_growth_yoy_accel": 0.08842914251964322,
      "fcf_margin_change": -0.32359039602234907
    },
    {
      "date": "2025-03-31T00:00:00",
      "quarter_label": "2025-03 (Q1)",
      "revenue": 1413524000,
      "gross_profit": 429628000,
      "operating_income": 20842000,
      "net_income": -12280000,
      "opex": 408786000,
      "cogs": 983896000,
      "rd": null,
      "sga": 387445000,
      "fcf": -232479000,
      "ocf": -232479000,
      "capex": null,
      "gross_margin": 0.3039410721006506,
      "op_margin": 0.014744708968507079,
      "fcf_margin": -0.16446767087081648,
      "incr_op_margin_yoy": 0.3357101016017937,
      "rev_growth_yoy": 0.036295002188389144,
      "rev_growth_yoy_accel": -0.04946013175245639,
      "op_leverage_ratio": 4.148111786164645,
      "fcf_margin_change": -0.028820611265880175
    },
    {
      "date": "2025-06-30T00:00:00",
      "quarter_label": "2025-06 (Q2)",
      "revenue": 1975948000,
      "gross_profit": 592255000,
      "operating_income": 130269000,
      "net_income": 30216000,
      "opex": 461986000,
      "cogs": 1383693000,
      "rd": null,
      "sga": 437489000,
      "fcf": 187884000,
      "ocf": 187884000,
      "capex": null,
      "gross_margin": 0.29973207796966317,
      "op_margin": 0.06592734221750775,
      "fcf_margin": 0.09508549820136968,
      "incr_op_margin_yoy": 0.20589224695030187,
      "rev_growth_yoy": 0.09379603156371004,
      "rev_growth_yoy_accel": 0.057501029375320895,
      "op_leverage_ratio": 3.0573491604930956,
      "fcf_margin_change": 0.2595531690721862
    },
    {
      "date": "2025-09-30T00:00:00",
      "quarter_label": "2025-09 (Q3)",
      "revenue": 1806118000,
      "gross_profit": 517033000,
      "operating_income": 79141000,
      "net_income": -40438000,
      "opex": 437892000,
      "cogs": 1289085000,
      "rd": null,
      "sga": 411011000,
      "fcf": 139831000,
      "ocf": 139831000,
      "capex": null,
      "gross_margin": 0.28626756391332125,
      "op_margin": 0.04381828872753608,
      "fcf_margin": 0.07742074438104266,
      "incr_op_margin_yoy": 0.18147417724639467,
      "rev_growth_yoy": 0.04703221123857094,
      "rev_growth_yoy_accel": -0.0467638203251391,
      "fcf_margin_change": -0.01766475382032702
    }
  ],
  "signals": [
    {
      "quarter": "2025-09 (Q3)",
      "signal": "INCREMENTAL MARGIN (YoY)",
      "detail": "YoY Incr OPM: +18.1% vs year-ago OPM: +3.7%",
      "severity": "MEDIUM"
    },
    {
      "quarter": "2025-06 (Q2)",
      "signal": "FCF TURNED POSITIVE",
      "detail": "FCF margin: -16.4% -> +9.5%",
      "severity": "HIGH"
    },
    {
      "quarter": "2025-06 (Q2)",
      "signal": "OPERATING LEVERAGE",
      "detail": "Rev growth +39.8% vs OpEx growth +13.0% (leverage: 3.1x)",
      "severity": "MEDIUM"
    },
    {
      "quarter": "2025-06 (Q2)",
      "signal": "YoY REVENUE GROWTH ACCELERATION",
      "detail": "YoY growth: +9.4% vs prior quarter YoY: +3.6% (accel: +5.8%)",
      "severity": "MEDIUM"
    },
    {
      "quarter": "2025-06 (Q2)",
      "signal": "INCREMENTAL MARGIN (YoY)",
      "detail": "YoY Incr OPM: +20.6% vs year-ago OPM: +5.3%",
      "severity": "MEDIUM"
    },
    {
      "quarter": "2025-03 (Q1)",
      "signal": "OPERATING LEVERAGE",
      "detail": "Rev growth +17.4% vs OpEx growth +4.2% (leverage: 4.1x)",
      "severity": "MEDIUM"
    },
    {
      "quarter": "2025-03 (Q1)",
      "signal": "INCREMENTAL MARGIN (YoY)",
      "detail": "YoY Incr OPM: +33.6% vs year-ago OPM: +0.3%",
      "severity": "HIGH"
    },
    {
      "quarter": "2025-03 (Q1)",
      "signal": "OP MARGIN TURNED POSITIVE (QoQ)",
      "detail": "Op margin: -1.3% -> +1.5%",
      "severity": "HIGH"
    },
    {
      "quarter": "2024-12 (Q4)",
      "signal": "GROSS MARGIN INFLECTION",
      "detail": "GM: +30.3% -> +28.9% -> +31.3% (reversal +2.4%)",
      "severity": "MEDIUM"
    },
    {
      "quarter": "2024-12 (Q4)",
      "signal": "YoY REVENUE GROWTH ACCELERATION",
      "detail": "YoY growth: +8.6% vs prior quarter YoY: -0.3% (accel: +8.8%)",
      "severity": "MEDIUM"
    },
    {
      "quarter": "2024-09 (Q3)",
      "signal": "FCF MARGIN EXPANSION",
      "detail": "FCF margin: +8.4% -> +18.8% (+10.4%)",
      "severity": "MEDIUM"
    },
    {
      "quarter": "2024-09 (Q3)",
      "signal": "INCREMENTAL MARGIN (YoY)",
      "detail": "YoY Incr OPM: +508.3% vs year-ago OPM: +5.1%",
      "severity": "HIGH"
    },
    {
      "quarter": "2024-06 (Q2)",
      "signal": "FCF TURNED POSITIVE",
      "detail": "FCF margin: -5.0% -> +8.4%",
      "severity": "HIGH"
    },
    {
      "quarter": "2024-06 (Q2)",
      "signal": "OPERATING LEVERAGE",
      "detail": "Rev growth +32.4% vs OpEx growth +13.6% (leverage: 2.4x)",
      "severity": "MEDIUM"
    },
    {
      "quarter": "2024-06 (Q2)",
      "signal": "INCREMENTAL MARGIN (YoY)",
      "detail": "YoY Incr OPM: +39.6% vs year-ago OPM: +7.0%",
      "severity": "HIGH"
    },
    {
      "quarter": "2024-03 (Q1)",
      "signal": "FCF MARGIN EXPANSION",
      "detail": "FCF margin: -21.0% -> -5.0% (+16.0%)",
      "severity": "MEDIUM"
    },
    {
      "quarter": "2024-03 (Q1)",
      "signal": "OPERATING LEVERAGE",
      "detail": "Rev growth +23.0% vs OpEx growth +12.0% (leverage: 1.9x)",
      "severity": "MEDIUM"
    },
    {
      "quarter": "2024-03 (Q1)",
      "signal": "YoY REVENUE GROWTH ACCELERATION",
      "detail": "YoY growth: -8.3% vs prior quarter YoY: -13.4% (accel: +5.1%)",
      "severity": "MEDIUM"
    },
    {
      "quarter": "2024-03 (Q1)",
      "signal": "INCREMENTAL MARGIN (YoY)",
      "detail": "YoY Incr OPM: +44.3% vs year-ago OPM: +3.9%",
      "severity": "HIGH"
    },
    {
      "quarter": "2024-03 (Q1)",
      "signal": "OP MARGIN TURNED POSITIVE (QoQ)",
      "detail": "Op margin: -1.1% -> +0.3%",
      "severity": "HIGH"
    },
    {
      "quarter": "2023-12 (Q4)",
      "signal": "YoY REVENUE GROWTH DECELERATION",
      "detail": "YoY growth: -13.4% vs prior quarter YoY: -6.8% (decel: -6.6%)",
      "severity": "WARNING"
    },
    {
      "quarter": "2023-09 (Q3)",
      "signal": "FCF MARGIN EXPANSION",
      "detail": "FCF margin: +1.5% -> +18.2% (+16.7%)",
      "severity": "MEDIUM"
    },
    {
      "quarter": "2023-09 (Q3)",
      "signal": "YoY REVENUE GROWTH ACCELERATION",
      "detail": "YoY growth: -6.8% vs prior quarter YoY: -12.4% (accel: +5.6%)",
      "severity": "MEDIUM"
    },
    {
      "quarter": "2023-09 (Q3)",
      "signal": "INCREMENTAL MARGIN (YoY)",
      "detail": "YoY Incr OPM: +53.6% vs year-ago OPM: +8.4%",
      "severity": "HIGH"
    },
    {
      "quarter": "2023-06 (Q2)",
      "signal": "OPERATING LEVERAGE",
      "detail": "Rev growth +27.8% vs OpEx growth +14.6% (leverage: 1.9x)",
      "severity": "MEDIUM"
    },
    {
      "quarter": "2023-06 (Q2)",
      "signal": "INCREMENTAL MARGIN (YoY)",
      "detail": "YoY Incr OPM: +45.3% vs year-ago OPM: +11.7%",
      "severity": "HIGH"
    },
    {
      "quarter": "2023-03 (Q1)",
      "signal": "FCF TURNED POSITIVE",
      "detail": "FCF margin: -26.1% -> +13.4%",
      "severity": "HIGH"
    },
    {
      "quarter": "2023-03 (Q1)",
      "signal": "OPERATING LEVERAGE",
      "detail": "Rev growth +16.1% vs OpEx growth +0.2% (leverage: 104.1x)",
      "severity": "MEDIUM"
    },
    {
      "quarter": "2023-03 (Q1)",
      "signal": "INCREMENTAL MARGIN (YoY)",
      "detail": "YoY Incr OPM: +51.6% vs year-ago OPM: +9.0%",
      "severity": "HIGH"
    },
    {
      "quarter": "2022-12 (Q4)",
      "signal": "INCREMENTAL MARGIN (YoY)",
      "detail": "YoY Incr OPM: +75.6% vs year-ago OPM: +6.0%",
      "severity": "HIGH"
    },
    {
      "quarter": "2022-09 (Q3)",
      "signal": "YoY REVENUE GROWTH DECELERATION",
      "detail": "YoY growth: -3.2% vs prior quarter YoY: +5.2% (decel: -8.4%)",
      "severity": "WARNING"
    },
    {
      "quarter": "2022-09 (Q3)",
      "signal": "INCREMENTAL MARGIN (YoY)",
      "detail": "YoY Incr OPM: +143.1% vs year-ago OPM: +12.7%",
      "severity": "HIGH"
    },
    {
      "quarter": "2022-06 (Q2)",
      "signal": "FCF TURNED POSITIVE",
      "detail": "FCF margin: -12.6% -> +18.2%",
      "severity": "HIGH"
    },
    {
      "quarter": "2022-06 (Q2)",
      "signal": "OPERATING LEVERAGE",
      "detail": "Rev growth +30.5% vs OpEx growth +12.6% (leverage: 2.4x)",
      "severity": "MEDIUM"
    },
    {
      "quarter": "2022-03 (Q1)",
      "signal": "FCF MARGIN EXPANSION",
      "detail": "FCF margin: -30.3% -> -12.6% (+17.7%)",
      "severity": "MEDIUM"
    },
    {
      "quarter": "2022-03 (Q1)",
      "signal": "OPERATING LEVERAGE",
      "detail": "Rev growth +20.7% vs OpEx growth +2.4% (leverage: 8.5x)",
      "severity": "MEDIUM"
    },
    {
      "quarter": "2022-03 (Q1)",
      "signal": "YoY REVENUE GROWTH DECELERATION",
      "detail": "YoY growth: +6.7% vs prior quarter YoY: +21.5% (decel: -14.8%)",
      "severity": "WARNING"
    },
    {
      "quarter": "2021-06 (Q2)",
      "signal": "FCF MARGIN EXPANSION",
      "detail": "FCF margin: +5.6% -> +18.1% (+12.4%)",
      "severity": "MEDIUM"
    },
    {
      "quarter": "2021-03 (Q1)",
      "signal": "FCF TURNED POSITIVE",
      "detail": "FCF margin: -16.0% -> +5.6%",
      "severity": "HIGH"
    },
    {
      "quarter": "2021-03 (Q1)",
      "signal": "OPERATING LEVERAGE",
      "detail": "Rev growth +37.4% vs OpEx growth +13.0% (leverage: 2.9x)",
      "severity": "MEDIUM"
    }
  ],
  "data_quality": {
    "n_quarters": 20,
    "coverage": {
      "revenue": [
        20,
        20
      ],
      "gross_profit": [
        20,
        20
      ],
      "op_income": [
        20,
        20
      ],
      "fcf": [
        20,
        20
      ]
    },
    "gaps": [],
    "warnings": []
  },
  "market_cap": null,
  "source": "SEC EDGAR",
  "last_updated": "2026-02-02T22:04:52.346689",
  "sector": "Consumer Cyclical",
  "industry": "Auto & Truck Dealerships"
}