{
  "ticker": "CWK",
  "name": "Cushman & Wakefield plc",
  "quarters": [
    {
      "date": "2020-12-31T00:00:00",
      "quarter_label": "2020-12 (Q4)",
      "revenue": 2273100000,
      "gross_profit": 470100000,
      "operating_income": 95500000,
      "net_income": -27300000,
      "opex": 2177600000,
      "cogs": 1803000000,
      "rd": null,
      "sga": 310400000,
      "fcf": 170200000,
      "ocf": 184300000,
      "capex": -14100000,
      "gross_margin": 0.206810083146364,
      "op_margin": 0.0420131098499846,
      "fcf_margin": 0.07487572038185737
    },
    {
      "date": "2021-03-31T00:00:00",
      "quarter_label": "2021-03 (Q1)",
      "revenue": 1923800000,
      "gross_profit": 334300000,
      "operating_income": -7200000,
      "net_income": -17200000,
      "opex": 1931000000,
      "cogs": 1589500000,
      "rd": null,
      "sga": 280800000,
      "fcf": -29300000,
      "ocf": -16400000,
      "capex": -12900000,
      "gross_margin": 0.17377066223100116,
      "op_margin": -0.0037425927851127976,
      "fcf_margin": -0.015230273417195135,
      "fcf_margin_change": -0.09010599379905251
    },
    {
      "date": "2021-06-30T00:00:00",
      "quarter_label": "2021-06 (Q2)",
      "revenue": 2248300000,
      "gross_profit": 465900000,
      "operating_income": 124500000,
      "net_income": 52700000,
      "opex": 2123800000,
      "cogs": 1782400000,
      "rd": null,
      "sga": 284200000,
      "fcf": 95300000,
      "ocf": 103300000,
      "capex": -8000000,
      "gross_margin": 0.20722323533336298,
      "op_margin": 0.05537517235244407,
      "fcf_margin": 0.04238758172841703,
      "op_leverage_ratio": 1.689390411611873,
      "fcf_margin_change": 0.057617855145612164
    },
    {
      "date": "2021-09-30T00:00:00",
      "quarter_label": "2021-09 (Q3)",
      "revenue": 2332900000,
      "gross_profit": 482700000,
      "operating_income": 130300000,
      "net_income": 68700000,
      "opex": 2202600000,
      "cogs": 1850200000,
      "rd": null,
      "sga": 302500000,
      "fcf": 152500000,
      "ocf": 163400000,
      "capex": -10900000,
      "gross_margin": 0.20690985468729908,
      "op_margin": 0.05585322988555017,
      "fcf_margin": 0.06536928286681812,
      "op_leverage_ratio": 1.0141530510023253,
      "fcf_margin_change": 0.02298170113840109
    },
    {
      "date": "2021-12-31T00:00:00",
      "quarter_label": "2021-12 (Q4)",
      "revenue": 2883700000,
      "gross_profit": 657400000,
      "operating_income": 249400000,
      "net_income": 145800000,
      "opex": 2634300000,
      "cogs": 2226300000,
      "rd": null,
      "sga": 359200000,
      "fcf": 277200000,
      "ocf": 299200000,
      "capex": -22000000,
      "gross_margin": 0.2279710094670042,
      "op_margin": 0.08648611159274543,
      "fcf_margin": 0.09612650414398169,
      "incr_op_margin_yoy": 0.25204716672125776,
      "rev_growth_yoy": 0.2686199463288021,
      "op_leverage_ratio": 1.204623676115448,
      "fcf_margin_change": 0.03075722127716357
    },
    {
      "date": "2022-03-31T00:00:00",
      "quarter_label": "2022-03 (Q1)",
      "revenue": 2331000000,
      "gross_profit": 470500000,
      "operating_income": 135300000,
      "net_income": 45500000,
      "opex": 2195700000,
      "cogs": 1860500000,
      "rd": null,
      "sga": 293400000,
      "fcf": -177100000,
      "ocf": -158200000,
      "capex": -18900000,
      "gross_margin": 0.20184470184470185,
      "op_margin": 0.05804375804375805,
      "fcf_margin": -0.07597597597597598,
      "incr_op_margin_yoy": 0.349950884086444,
      "rev_growth_yoy": 0.2116644141802682,
      "rev_growth_yoy_accel": -0.05695553214853388,
      "fcf_margin_change": -0.17210248011995766
    },
    {
      "date": "2022-06-30T00:00:00",
      "quarter_label": "2022-06 (Q2)",
      "revenue": 2612600000,
      "gross_profit": 535100000,
      "operating_income": 176600000,
      "net_income": 97200000,
      "opex": 2436000000,
      "cogs": 2077500000,
      "rd": null,
      "sga": 317500000,
      "fcf": -99700000,
      "ocf": -88100000,
      "capex": -11600000,
      "gross_margin": 0.20481512669371507,
      "op_margin": 0.06759549873689046,
      "fcf_margin": -0.0381612187093317,
      "incr_op_margin_yoy": 0.14301399945100193,
      "rev_growth_yoy": 0.16203353644976204,
      "rev_growth_yoy_accel": -0.04963087773050617,
      "op_leverage_ratio": 1.1038488461709437,
      "fcf_margin_change": 0.03781475726664428
    },
    {
      "date": "2022-09-30T00:00:00",
      "quarter_label": "2022-09 (Q3)",
      "revenue": 2515100000,
      "gross_profit": 462200000,
      "operating_income": 112100000,
      "net_income": 23900000,
      "opex": 2403000000,
      "cogs": 2052900000,
      "rd": null,
      "sga": 315600000,
      "fcf": 37800000,
      "ocf": 51700000,
      "capex": -13900000,
      "gross_margin": 0.18377002902469086,
      "op_margin": 0.044570792413820524,
      "fcf_margin": 0.015029223490119677,
      "incr_op_margin_yoy": -0.09989023051591657,
      "rev_growth_yoy": 0.07810021861202794,
      "rev_growth_yoy_accel": -0.0839333178377341,
      "fcf_margin_change": 0.053190442199451377
    },
    {
      "date": "2022-12-31T00:00:00",
      "quarter_label": "2022-12 (Q4)",
      "revenue": 2647000000,
      "gross_profit": 484400000,
      "operating_income": 111100000,
      "net_income": 29800000,
      "opex": 2535900000,
      "cogs": 2162600000,
      "rd": null,
      "sga": 334800000,
      "fcf": 237400000,
      "ocf": 243700000,
      "capex": -6300000,
      "gross_margin": 0.18299962221382698,
      "op_margin": 0.041972043823196074,
      "fcf_margin": 0.08968643747638837,
      "incr_op_margin_yoy": 0.5842839036755386,
      "rev_growth_yoy": -0.08208204736969865,
      "rev_growth_yoy_accel": -0.16018226598172658,
      "op_leverage_ratio": 0.9482401240076529,
      "fcf_margin_change": 0.07465721398626869
    },
    {
      "date": "2023-03-31T00:00:00",
      "quarter_label": "2023-03 (Q1)",
      "revenue": 2249300000,
      "gross_profit": 341700000,
      "operating_income": -18300000,
      "net_income": -76400000,
      "opex": 2267600000,
      "cogs": 1907600000,
      "rd": null,
      "sga": 315900000,
      "fcf": -231500000,
      "ocf": -221500000,
      "capex": -10000000,
      "gross_margin": 0.151913928777842,
      "op_margin": -0.008135864491175033,
      "fcf_margin": -0.10292090872715956,
      "incr_op_margin_yoy": 1.8800489596083232,
      "rev_growth_yoy": -0.03504933504933505,
      "rev_growth_yoy_accel": 0.0470327123203636,
      "fcf_margin_change": -0.1926073462035479
    },
    {
      "date": "2023-06-30T00:00:00",
      "quarter_label": "2023-06 (Q2)",
      "revenue": 2406000000,
      "gross_profit": 427900000,
      "operating_income": 56300000,
      "net_income": 5100000,
      "opex": 2349700000,
      "cogs": 1978100000,
      "rd": null,
      "sga": 328900000,
      "fcf": -27400000,
      "ocf": -16800000,
      "capex": -10600000,
      "gross_margin": 0.17784704904405652,
      "op_margin": 0.02339983374896093,
      "fcf_margin": -0.011388196176226101,
      "incr_op_margin_yoy": 0.5822846079380445,
      "rev_growth_yoy": -0.07907831279185486,
      "rev_growth_yoy_accel": -0.044028977742519806,
      "op_leverage_ratio": 1.9241764916658601,
      "fcf_margin_change": 0.09153271255093345
    },
    {
      "date": "2023-09-30T00:00:00",
      "quarter_label": "2023-09 (Q3)",
      "revenue": 2286000000,
      "gross_profit": 403900000,
      "operating_income": 57600000,
      "net_income": -33900000,
      "opex": 2228400000,
      "cogs": 1882100000,
      "rd": null,
      "sga": 300900000,
      "fcf": 173900000,
      "ocf": 188100000,
      "capex": -14200000,
      "gross_margin": 0.17668416447944008,
      "op_margin": 0.025196850393700787,
      "fcf_margin": 0.07607174103237095,
      "incr_op_margin_yoy": 0.23788738542121343,
      "rev_growth_yoy": -0.09108981750228619,
      "rev_growth_yoy_accel": -0.012011504710431331,
      "fcf_margin_change": 0.08745993720859706
    },
    {
      "date": "2023-12-31T00:00:00",
      "quarter_label": "2023-12 (Q4)",
      "revenue": 2552400000,
      "gross_profit": 478600000,
      "operating_income": 110000000,
      "net_income": 69800000,
      "opex": 2442400000,
      "cogs": 2073800000,
      "rd": null,
      "sga": 317100000,
      "fcf": 186200000,
      "ocf": 202400000,
      "capex": -16200000,
      "gross_margin": 0.18750979470302462,
      "op_margin": 0.043096693308258896,
      "fcf_margin": 0.07295094812725278,
      "incr_op_margin_yoy": 0.011627906976744186,
      "rev_growth_yoy": -0.035738571968265964,
      "rev_growth_yoy_accel": 0.055351245534020224,
      "op_leverage_ratio": 1.2134932666127014,
      "fcf_margin_change": -0.003120792905118172
    },
    {
      "date": "2024-03-31T00:00:00",
      "quarter_label": "2024-03 (Q1)",
      "revenue": 2184800000,
      "gross_profit": 352300000,
      "operating_income": 18800000,
      "net_income": -28800000,
      "opex": 2166000000,
      "cogs": 1832500000,
      "rd": null,
      "sga": 296000000,
      "fcf": -135600000,
      "ocf": -125100000,
      "capex": -10500000,
      "gross_margin": 0.16125045770779933,
      "op_margin": 0.008604906627608934,
      "fcf_margin": -0.062065177590626144,
      "incr_op_margin_yoy": -0.5751937984496124,
      "rev_growth_yoy": -0.028675587960698884,
      "rev_growth_yoy_accel": 0.00706298400756708,
      "fcf_margin_change": -0.1350161257178789
    },
    {
      "date": "2024-06-30T00:00:00",
      "quarter_label": "2024-06 (Q2)",
      "revenue": 2288000000,
      "gross_profit": 413200000,
      "operating_income": 70400000,
      "net_income": 13500000,
      "opex": 2217600000,
      "cogs": 1874800000,
      "rd": null,
      "sga": 294200000,
      "fcf": 10000000,
      "ocf": 21800000,
      "capex": -11800000,
      "gross_margin": 0.1805944055944056,
      "op_margin": 0.03076923076923077,
      "fcf_margin": 0.004370629370629371,
      "incr_op_margin_yoy": -0.11949152542372882,
      "rev_growth_yoy": -0.049044056525353284,
      "rev_growth_yoy_accel": -0.0203684685646544,
      "op_leverage_ratio": 1.9827901867447821,
      "fcf_margin_change": 0.06643580696125552
    },
    {
      "date": "2024-09-30T00:00:00",
      "quarter_label": "2024-09 (Q3)",
      "revenue": 2344200000,
      "gross_profit": 432400000,
      "operating_income": 75200000,
      "net_income": 33700000,
      "opex": 2269000000,
      "cogs": 1911800000,
      "rd": null,
      "sga": 314200000,
      "fcf": 186700000,
      "ocf": 196100000,
      "capex": -9400000,
      "gross_margin": 0.18445525125842505,
      "op_margin": 0.03207917413190001,
      "fcf_margin": 0.07964337513864005,
      "incr_op_margin_yoy": 0.3024054982817869,
      "rev_growth_yoy": 0.025459317585301837,
      "rev_growth_yoy_accel": 0.07450337411065512,
      "op_leverage_ratio": 1.0597425920383117,
      "fcf_margin_change": 0.07527274576801067
    },
    {
      "date": "2024-12-31T00:00:00",
      "quarter_label": "2024-12 (Q4)",
      "revenue": 2629500000,
      "gross_profit": 528400000,
      "operating_income": 174500000,
      "net_income": 112900000,
      "opex": 2455000000,
      "cogs": 2101100000,
      "rd": null,
      "sga": 319700000,
      "fcf": 105900000,
      "ocf": 115200000,
      "capex": -9300000,
      "gross_margin": 0.20095075109336374,
      "op_margin": 0.06636242631679026,
      "fcf_margin": 0.040273816314888765,
      "incr_op_margin_yoy": 0.8365758754863813,
      "rev_growth_yoy": 0.030206864127879644,
      "rev_growth_yoy_accel": 0.004747546542577807,
      "op_leverage_ratio": 1.4846656538718759,
      "fcf_margin_change": -0.03936955882375128
    },
    {
      "date": "2025-03-31T00:00:00",
      "quarter_label": "2025-03 (Q1)",
      "revenue": 2284600000,
      "gross_profit": 384300000,
      "operating_income": 45300000,
      "net_income": 1900000,
      "opex": 2239300000,
      "cogs": 1900300000,
      "rd": null,
      "sga": 305800000,
      "fcf": -166600000,
      "ocf": -162000000,
      "capex": -4600000,
      "gross_margin": 0.16821325396130613,
      "op_margin": 0.019828416352972073,
      "fcf_margin": -0.0729230499868686,
      "incr_op_margin_yoy": 0.2655310621242485,
      "rev_growth_yoy": 0.045679238374221894,
      "rev_growth_yoy_accel": 0.01547237424634225,
      "fcf_margin_change": -0.11319686630175738
    },
    {
      "date": "2025-06-30T00:00:00",
      "quarter_label": "2025-06 (Q2)",
      "revenue": 2483900000,
      "gross_profit": 467300000,
      "operating_income": 122800000,
      "net_income": 57300000,
      "opex": 2361100000,
      "cogs": 2016600000,
      "rd": null,
      "sga": 318300000,
      "fcf": 300000,
      "ocf": 9600000,
      "capex": -9300000,
      "gross_margin": 0.1881315672933693,
      "op_margin": 0.049438383187728974,
      "fcf_margin": 0.0001207778090905431,
      "incr_op_margin_yoy": 0.2674834099030117,
      "rev_growth_yoy": 0.08562062937062936,
      "rev_growth_yoy_accel": 0.03994139099640747,
      "op_leverage_ratio": 1.6038439788247347,
      "fcf_margin_change": 0.07304382779595915
    },
    {
      "date": "2025-09-30T00:00:00",
      "quarter_label": "2025-09 (Q3)",
      "revenue": 2605900000,
      "gross_profit": 453900000,
      "operating_income": 107500000,
      "net_income": 51400000,
      "opex": 2498400000,
      "cogs": 2152000000,
      "rd": null,
      "sga": 320600000,
      "fcf": 225000000,
      "ocf": 235500000,
      "capex": -10500000,
      "gross_margin": 0.17418166468398633,
      "op_margin": 0.0412525423078399,
      "fcf_margin": 0.08634253041175793,
      "incr_op_margin_yoy": 0.12342376767290791,
      "rev_growth_yoy": 0.1116372323180616,
      "rev_growth_yoy_accel": 0.02601660294743223,
      "op_leverage_ratio": 0.8446359595855577,
      "fcf_margin_change": 0.08622175260266739
    }
  ],
  "signals": [
    {
      "quarter": "2025-09 (Q3)",
      "signal": "FCF MARGIN EXPANSION",
      "detail": "FCF margin: +0.0% -> +8.6% (+8.6%)",
      "severity": "MEDIUM"
    },
    {
      "quarter": "2025-06 (Q2)",
      "signal": "FCF TURNED POSITIVE",
      "detail": "FCF margin: -7.3% -> +0.0%",
      "severity": "HIGH"
    },
    {
      "quarter": "2025-06 (Q2)",
      "signal": "OPERATING LEVERAGE",
      "detail": "Rev growth +8.7% vs OpEx growth +5.4% (leverage: 1.6x)",
      "severity": "MEDIUM"
    },
    {
      "quarter": "2025-06 (Q2)",
      "signal": "INCREMENTAL MARGIN (YoY)",
      "detail": "YoY Incr OPM: +26.7% vs year-ago OPM: +3.1%",
      "severity": "HIGH"
    },
    {
      "quarter": "2025-03 (Q1)",
      "signal": "INCREMENTAL MARGIN (YoY)",
      "detail": "YoY Incr OPM: +26.6% vs year-ago OPM: +0.9%",
      "severity": "HIGH"
    },
    {
      "quarter": "2024-12 (Q4)",
      "signal": "INCREMENTAL MARGIN (YoY)",
      "detail": "YoY Incr OPM: +83.7% vs year-ago OPM: +4.3%",
      "severity": "HIGH"
    },
    {
      "quarter": "2024-09 (Q3)",
      "signal": "FCF MARGIN EXPANSION",
      "detail": "FCF margin: +0.4% -> +8.0% (+7.5%)",
      "severity": "MEDIUM"
    },
    {
      "quarter": "2024-09 (Q3)",
      "signal": "YoY REVENUE GROWTH ACCELERATION",
      "detail": "YoY growth: +2.5% vs prior quarter YoY: -4.9% (accel: +7.5%)",
      "severity": "MEDIUM"
    },
    {
      "quarter": "2024-09 (Q3)",
      "signal": "INCREMENTAL MARGIN (YoY)",
      "detail": "YoY Incr OPM: +30.2% vs year-ago OPM: +2.5%",
      "severity": "HIGH"
    },
    {
      "quarter": "2024-06 (Q2)",
      "signal": "FCF TURNED POSITIVE",
      "detail": "FCF margin: -6.2% -> +0.4%",
      "severity": "HIGH"
    },
    {
      "quarter": "2024-06 (Q2)",
      "signal": "OPERATING LEVERAGE",
      "detail": "Rev growth +4.7% vs OpEx growth +2.4% (leverage: 2.0x)",
      "severity": "MEDIUM"
    },
    {
      "quarter": "2024-03 (Q1)",
      "signal": "OP MARGIN TURNED POSITIVE (YoY)",
      "detail": "Op margin: -0.8% (year-ago) -> +0.9%",
      "severity": "HIGH"
    },
    {
      "quarter": "2023-12 (Q4)",
      "signal": "YoY REVENUE GROWTH ACCELERATION",
      "detail": "YoY growth: -3.6% vs prior quarter YoY: -9.1% (accel: +5.5%)",
      "severity": "MEDIUM"
    },
    {
      "quarter": "2023-09 (Q3)",
      "signal": "FCF TURNED POSITIVE",
      "detail": "FCF margin: -1.1% -> +7.6%",
      "severity": "HIGH"
    },
    {
      "quarter": "2023-09 (Q3)",
      "signal": "INCREMENTAL MARGIN (YoY)",
      "detail": "YoY Incr OPM: +23.8% vs year-ago OPM: +4.5%",
      "severity": "MEDIUM"
    },
    {
      "quarter": "2023-06 (Q2)",
      "signal": "FCF MARGIN EXPANSION",
      "detail": "FCF margin: -10.3% -> -1.1% (+9.2%)",
      "severity": "MEDIUM"
    },
    {
      "quarter": "2023-06 (Q2)",
      "signal": "OPERATING LEVERAGE",
      "detail": "Rev growth +7.0% vs OpEx growth +3.6% (leverage: 1.9x)",
      "severity": "MEDIUM"
    },
    {
      "quarter": "2023-06 (Q2)",
      "signal": "GROSS MARGIN INFLECTION",
      "detail": "GM: +18.3% -> +15.2% -> +17.8% (reversal +2.6%)",
      "severity": "MEDIUM"
    },
    {
      "quarter": "2023-06 (Q2)",
      "signal": "INCREMENTAL MARGIN (YoY)",
      "detail": "YoY Incr OPM: +58.2% vs year-ago OPM: +6.8%",
      "severity": "HIGH"
    },
    {
      "quarter": "2023-06 (Q2)",
      "signal": "OP MARGIN TURNED POSITIVE (QoQ)",
      "detail": "Op margin: -0.8% -> +2.3%",
      "severity": "HIGH"
    },
    {
      "quarter": "2022-12 (Q4)",
      "signal": "FCF MARGIN EXPANSION",
      "detail": "FCF margin: +1.5% -> +9.0% (+7.5%)",
      "severity": "MEDIUM"
    },
    {
      "quarter": "2022-12 (Q4)",
      "signal": "YoY REVENUE GROWTH DECELERATION",
      "detail": "YoY growth: -8.2% vs prior quarter YoY: +7.8% (decel: -16.0%)",
      "severity": "WARNING"
    },
    {
      "quarter": "2022-12 (Q4)",
      "signal": "INCREMENTAL MARGIN (YoY)",
      "detail": "YoY Incr OPM: +58.4% vs year-ago OPM: +8.6%",
      "severity": "HIGH"
    },
    {
      "quarter": "2022-09 (Q3)",
      "signal": "FCF TURNED POSITIVE",
      "detail": "FCF margin: -3.8% -> +1.5%",
      "severity": "HIGH"
    },
    {
      "quarter": "2022-09 (Q3)",
      "signal": "YoY REVENUE GROWTH DECELERATION",
      "detail": "YoY growth: +7.8% vs prior quarter YoY: +16.2% (decel: -8.4%)",
      "severity": "WARNING"
    },
    {
      "quarter": "2022-03 (Q1)",
      "signal": "YoY REVENUE GROWTH DECELERATION",
      "detail": "YoY growth: +21.2% vs prior quarter YoY: +26.9% (decel: -5.7%)",
      "severity": "WARNING"
    },
    {
      "quarter": "2022-03 (Q1)",
      "signal": "OP MARGIN TURNED POSITIVE (YoY)",
      "detail": "Op margin: -0.4% (year-ago) -> +5.8%",
      "severity": "HIGH"
    },
    {
      "quarter": "2021-12 (Q4)",
      "signal": "GROSS MARGIN INFLECTION",
      "detail": "GM: +20.7% -> +20.7% -> +22.8% (reversal +2.1%)",
      "severity": "MEDIUM"
    },
    {
      "quarter": "2021-12 (Q4)",
      "signal": "INCREMENTAL MARGIN (YoY)",
      "detail": "YoY Incr OPM: +25.2% vs year-ago OPM: +4.2%",
      "severity": "HIGH"
    },
    {
      "quarter": "2021-06 (Q2)",
      "signal": "FCF TURNED POSITIVE",
      "detail": "FCF margin: -1.5% -> +4.2%",
      "severity": "HIGH"
    },
    {
      "quarter": "2021-06 (Q2)",
      "signal": "OPERATING LEVERAGE",
      "detail": "Rev growth +16.9% vs OpEx growth +10.0% (leverage: 1.7x)",
      "severity": "MEDIUM"
    },
    {
      "quarter": "2021-06 (Q2)",
      "signal": "GROSS MARGIN INFLECTION",
      "detail": "GM: +20.7% -> +17.4% -> +20.7% (reversal +3.3%)",
      "severity": "MEDIUM"
    },
    {
      "quarter": "2021-06 (Q2)",
      "signal": "OP MARGIN TURNED POSITIVE (QoQ)",
      "detail": "Op margin: -0.4% -> +5.5%",
      "severity": "HIGH"
    }
  ],
  "data_quality": {
    "n_quarters": 20,
    "coverage": {
      "revenue": [
        20,
        20
      ],
      "gross_profit": [
        20,
        20
      ],
      "op_income": [
        20,
        20
      ],
      "fcf": [
        20,
        20
      ]
    },
    "gaps": [],
    "warnings": []
  },
  "market_cap": null,
  "source": "SEC EDGAR",
  "last_updated": "2026-02-02T21:15:01.463239"
}