{
  "ticker": "CWST",
  "name": "CASELLA WASTE SYSTEMS, INC.",
  "quarters": [
    {
      "date": "2020-12-31T00:00:00",
      "quarter_label": "2020-12 (Q4)",
      "revenue": 200240000,
      "gross_profit": 66980000,
      "operating_income": 14208000,
      "net_income": 62917000,
      "opex": 186032000,
      "cogs": 133260000,
      "rd": null,
      "sga": null,
      "fcf": -2830000,
      "ocf": 28007000,
      "capex": -30837000,
      "gross_margin": 0.3344986016779864,
      "op_margin": 0.07095485417499,
      "fcf_margin": -0.014133040351578106
    },
    {
      "date": "2021-03-31T00:00:00",
      "quarter_label": "2021-03 (Q1)",
      "revenue": 189532000,
      "gross_profit": 62393000,
      "operating_income": 12009000,
      "net_income": 4311000,
      "opex": 177523000,
      "cogs": 127139000,
      "rd": null,
      "sga": null,
      "fcf": 5315000,
      "ocf": 32147000,
      "capex": -26832000,
      "gross_margin": 0.32919506996180065,
      "op_margin": 0.06336133212333538,
      "fcf_margin": 0.02804275795116392,
      "fcf_margin_change": 0.042175798302742026
    },
    {
      "date": "2021-06-30T00:00:00",
      "quarter_label": "2021-06 (Q2)",
      "revenue": 215875000,
      "gross_profit": 77322000,
      "operating_income": 21946000,
      "net_income": 11783000,
      "opex": 193929000,
      "cogs": 138553000,
      "rd": null,
      "sga": null,
      "fcf": 17629000,
      "ocf": 46866000,
      "capex": -29237000,
      "gross_margin": 0.3581795020266358,
      "op_margin": 0.1016606832657788,
      "fcf_margin": 0.08166299942096121,
      "op_leverage_ratio": 1.503954189191453,
      "fcf_margin_change": 0.05362024146979729
    },
    {
      "date": "2021-09-30T00:00:00",
      "quarter_label": "2021-09 (Q3)",
      "revenue": 241969000,
      "gross_profit": 88077000,
      "operating_income": 27387000,
      "net_income": 15861000,
      "opex": 214582000,
      "cogs": 153892000,
      "rd": null,
      "sga": null,
      "fcf": 29568000,
      "ocf": 55076000,
      "capex": -25508000,
      "gross_margin": 0.36400117370406954,
      "op_margin": 0.11318392025424745,
      "fcf_margin": 0.12219747157693754,
      "op_leverage_ratio": 1.1350053808581209,
      "fcf_margin_change": 0.04053447215597633
    },
    {
      "date": "2021-12-31T00:00:00",
      "quarter_label": "2021-12 (Q4)",
      "revenue": 241836000,
      "gross_profit": 79016000,
      "operating_income": 16317000,
      "net_income": 9145000,
      "opex": 225519000,
      "cogs": 162820000,
      "rd": null,
      "sga": null,
      "fcf": 6930000,
      "ocf": 48648000,
      "capex": -41718000,
      "gross_margin": 0.3267338196132917,
      "op_margin": 0.06747134421674192,
      "fcf_margin": 0.02865578325807572,
      "incr_op_margin_yoy": 0.050701990576016924,
      "rev_growth_yoy": 0.2077307231322413,
      "fcf_margin_change": -0.09354168831886182
    },
    {
      "date": "2022-03-31T00:00:00",
      "quarter_label": "2022-03 (Q1)",
      "revenue": 234027000,
      "gross_profit": 71572000,
      "operating_income": 10168000,
      "net_income": 4190000,
      "opex": 223859000,
      "cogs": 162455000,
      "rd": null,
      "sga": null,
      "fcf": 11804000,
      "ocf": 24714000,
      "capex": -12910000,
      "gross_margin": 0.3058279600217069,
      "op_margin": 0.04344797822473475,
      "fcf_margin": 0.050438624603144085,
      "incr_op_margin_yoy": -0.04137543544218451,
      "rev_growth_yoy": 0.23476246755165356,
      "rev_growth_yoy_accel": 0.02703174441941225,
      "fcf_margin_change": 0.021782841345068363
    },
    {
      "date": "2022-06-30T00:00:00",
      "quarter_label": "2022-06 (Q2)",
      "revenue": 283666000,
      "gross_profit": 97628000,
      "operating_income": 31719000,
      "net_income": 17796000,
      "opex": 251947000,
      "cogs": 186038000,
      "rd": null,
      "sga": null,
      "fcf": 25579000,
      "ocf": 67537000,
      "capex": -41958000,
      "gross_margin": 0.34416532118759385,
      "op_margin": 0.1118181241319016,
      "fcf_margin": 0.09017294987767303,
      "incr_op_margin_yoy": 0.1441636795444823,
      "rev_growth_yoy": 0.31402895193978,
      "rev_growth_yoy_accel": 0.07926648438812642,
      "op_leverage_ratio": 1.6904829752528623,
      "fcf_margin_change": 0.03973432527452895
    },
    {
      "date": "2022-09-30T00:00:00",
      "quarter_label": "2022-09 (Q3)",
      "revenue": 295268000,
      "gross_profit": 104983000,
      "operating_income": 36288000,
      "net_income": 22672000,
      "opex": 258980000,
      "cogs": 190285000,
      "rd": null,
      "sga": null,
      "fcf": 27381000,
      "ocf": 60180000,
      "capex": -32799000,
      "gross_margin": 0.35555156671227495,
      "op_margin": 0.12289851931126976,
      "fcf_margin": 0.09273270384870694,
      "incr_op_margin_yoy": 0.16700125705923188,
      "rev_growth_yoy": 0.2202720183163959,
      "rev_growth_yoy_accel": -0.09375693362338408,
      "op_leverage_ratio": 1.4651906901495346,
      "fcf_margin_change": 0.002559753971033904
    },
    {
      "date": "2022-12-31T00:00:00",
      "quarter_label": "2022-12 (Q4)",
      "revenue": 272127000,
      "gross_profit": 87789000,
      "operating_income": 17219000,
      "net_income": 8421000,
      "opex": 254908000,
      "cogs": 184338000,
      "rd": null,
      "sga": null,
      "fcf": 21590000,
      "ocf": 64883000,
      "capex": -43293000,
      "gross_margin": 0.32260304931153466,
      "op_margin": 0.06327560293539414,
      "fcf_margin": 0.07933795617487423,
      "incr_op_margin_yoy": 0.029777821795252714,
      "rev_growth_yoy": 0.1252543045700392,
      "rev_growth_yoy_accel": -0.0950177137463567,
      "fcf_margin_change": -0.01339474767383271
    },
    {
      "date": "2023-03-31T00:00:00",
      "quarter_label": "2023-03 (Q1)",
      "revenue": 262595000,
      "gross_profit": 82352000,
      "operating_income": 10265000,
      "net_income": 3548000,
      "opex": 252330000,
      "cogs": 180243000,
      "rd": null,
      "sga": null,
      "fcf": -1800000,
      "ocf": 16079000,
      "capex": -17879000,
      "gross_margin": 0.31360840838553666,
      "op_margin": 0.03909061482511091,
      "fcf_margin": -0.006854662122279556,
      "incr_op_margin_yoy": 0.0033954074488938674,
      "rev_growth_yoy": 0.12207138492567098,
      "rev_growth_yoy_accel": -0.003182919644368218,
      "fcf_margin_change": -0.08619261829715379
    },
    {
      "date": "2023-06-30T00:00:00",
      "quarter_label": "2023-06 (Q2)",
      "revenue": 289645000,
      "gross_profit": 103326000,
      "operating_income": 22614000,
      "net_income": 5490000,
      "opex": 267031000,
      "cogs": 186319000,
      "rd": null,
      "sga": null,
      "fcf": 34581000,
      "ocf": 67117000,
      "capex": -32536000,
      "gross_margin": 0.35673324241744203,
      "op_margin": 0.07807488477273904,
      "fcf_margin": 0.11939097861174887,
      "incr_op_margin_yoy": -1.522829904666332,
      "rev_growth_yoy": 0.02107760535277404,
      "rev_growth_yoy_accel": -0.10099377957289693,
      "op_leverage_ratio": 1.7680837268880178,
      "fcf_margin_change": 0.1262456407340284
    },
    {
      "date": "2023-09-30T00:00:00",
      "quarter_label": "2023-09 (Q3)",
      "revenue": 352735000,
      "gross_profit": 126432000,
      "operating_income": 34188000,
      "net_income": 18172000,
      "opex": 318547000,
      "cogs": 226303000,
      "rd": null,
      "sga": null,
      "fcf": 34680000,
      "ocf": 74629000,
      "capex": -39949000,
      "gross_margin": 0.35843338483564147,
      "op_margin": 0.09692261896324436,
      "fcf_margin": 0.09831743376755922,
      "incr_op_margin_yoy": -0.03654271146919101,
      "rev_growth_yoy": 0.19462657653386076,
      "rev_growth_yoy_accel": 0.17354897118108673,
      "op_leverage_ratio": 1.1290522462863557,
      "fcf_margin_change": -0.02107354484418965
    },
    {
      "date": "2023-12-31T00:00:00",
      "quarter_label": "2023-12 (Q4)",
      "revenue": 359567000,
      "gross_profit": 120394000,
      "operating_income": 13360000,
      "net_income": -1811000,
      "opex": 346207000,
      "cogs": 239173000,
      "rd": null,
      "sga": null,
      "fcf": 10724000,
      "ocf": 75267000,
      "capex": -64543000,
      "gross_margin": 0.3348305044678739,
      "op_margin": 0.03715580128321008,
      "fcf_margin": 0.029824761449187494,
      "incr_op_margin_yoy": -0.04413311985361391,
      "rev_growth_yoy": 0.3213205598856416,
      "rev_growth_yoy_accel": 0.12669398335178086,
      "op_leverage_ratio": 0.22305946013171057,
      "fcf_margin_change": -0.06849267231837172
    },
    {
      "date": "2024-03-31T00:00:00",
      "quarter_label": "2024-03 (Q1)",
      "revenue": 341008000,
      "gross_profit": 110216000,
      "operating_income": 6835000,
      "net_income": -4117000,
      "opex": 334173000,
      "cogs": 230792000,
      "rd": null,
      "sga": null,
      "fcf": -22572000,
      "ocf": 7679000,
      "capex": -30251000,
      "gross_margin": 0.3232064936892976,
      "op_margin": 0.020043518040632476,
      "fcf_margin": -0.06619199549570684,
      "incr_op_margin_yoy": -0.043742746738423474,
      "rev_growth_yoy": 0.2986081227746149,
      "rev_growth_yoy_accel": -0.022712437111026718,
      "fcf_margin_change": -0.09601675694489434
    },
    {
      "date": "2024-06-30T00:00:00",
      "quarter_label": "2024-06 (Q2)",
      "revenue": 377163000,
      "gross_profit": 133376000,
      "operating_income": 23018000,
      "net_income": 7006000,
      "opex": 354145000,
      "cogs": 243787000,
      "rd": null,
      "sga": null,
      "fcf": 27453000,
      "ocf": 72102000,
      "capex": -44649000,
      "gross_margin": 0.3536295978131471,
      "op_margin": 0.06102931623727672,
      "fcf_margin": 0.0727881579052028,
      "incr_op_margin_yoy": 0.00461619324024772,
      "rev_growth_yoy": 0.30215608762450585,
      "rev_growth_yoy_accel": 0.00354796484989095,
      "op_leverage_ratio": 1.7739999301642766,
      "fcf_margin_change": 0.13898015340090963
    },
    {
      "date": "2024-09-30T00:00:00",
      "quarter_label": "2024-09 (Q3)",
      "revenue": 411627000,
      "gross_profit": 144510000,
      "operating_income": 24379000,
      "net_income": 5771000,
      "opex": 387248000,
      "cogs": 267117000,
      "rd": null,
      "sga": null,
      "fcf": 40352000,
      "ocf": 91813000,
      "capex": -51461000,
      "gross_margin": 0.3510702650700756,
      "op_margin": 0.059225949706894834,
      "fcf_margin": 0.09803049848527914,
      "incr_op_margin_yoy": -0.16655912517829247,
      "rev_growth_yoy": 0.16695819808071216,
      "rev_growth_yoy_accel": -0.1351978895437937,
      "op_leverage_ratio": 0.9775756168685162,
      "fcf_margin_change": 0.02524234058007635
    },
    {
      "date": "2024-12-31T00:00:00",
      "quarter_label": "2024-12 (Q4)",
      "revenue": 427486000,
      "gross_profit": 141845000,
      "operating_income": 18529000,
      "net_income": 4876000,
      "opex": 408957000,
      "cogs": 285641000,
      "rd": null,
      "sga": null,
      "fcf": 32895000,
      "ocf": 109761000,
      "capex": -76866000,
      "gross_margin": 0.3318120359497153,
      "op_margin": 0.043344109514697554,
      "fcf_margin": 0.07694988841739847,
      "incr_op_margin_yoy": 0.07610536079742046,
      "rev_growth_yoy": 0.1888910828858043,
      "rev_growth_yoy_accel": 0.021932884805092145,
      "op_leverage_ratio": 0.6872603834169402,
      "fcf_margin_change": -0.021080610067880673
    },
    {
      "date": "2025-03-31T00:00:00",
      "quarter_label": "2025-03 (Q1)",
      "revenue": 417101000,
      "gross_profit": 136649000,
      "operating_income": 3143000,
      "net_income": -4810000,
      "opex": 413958000,
      "cogs": 280452000,
      "rd": null,
      "sga": null,
      "fcf": -5352000,
      "ocf": 50123000,
      "capex": -55475000,
      "gross_margin": 0.32761609298467276,
      "op_margin": 0.007535345156209168,
      "fcf_margin": -0.012831424523077145,
      "incr_op_margin_yoy": -0.048519574730921375,
      "rev_growth_yoy": 0.22314139257730023,
      "rev_growth_yoy_accel": 0.03425030969149592,
      "fcf_margin_change": -0.08978131294047562
    },
    {
      "date": "2025-06-30T00:00:00",
      "quarter_label": "2025-06 (Q2)",
      "revenue": 465334000,
      "gross_profit": 157264000,
      "operating_income": 19272000,
      "net_income": 5208000,
      "opex": 446062000,
      "cogs": 308070000,
      "rd": null,
      "sga": null,
      "fcf": 23122000,
      "ocf": 89525000,
      "capex": -66403000,
      "gross_margin": 0.3379594012042963,
      "op_margin": 0.04141541344496641,
      "fcf_margin": 0.04968904056011381,
      "incr_op_margin_yoy": -0.042485624525070605,
      "rev_growth_yoy": 0.23377425675371127,
      "rev_growth_yoy_accel": 0.010632864176411044,
      "op_leverage_ratio": 1.4910773641004413,
      "fcf_margin_change": 0.06252046508319095
    },
    {
      "date": "2025-09-30T00:00:00",
      "quarter_label": "2025-09 (Q3)",
      "revenue": 485351000,
      "gross_profit": 170089000,
      "operating_income": 29369000,
      "net_income": 9984000,
      "opex": 455982000,
      "cogs": 315262000,
      "rd": null,
      "sga": null,
      "fcf": 27640000,
      "ocf": 93565000,
      "capex": -65925000,
      "gross_margin": 0.3504453477998397,
      "op_margin": 0.06051084678923089,
      "fcf_margin": 0.05694847646342544,
      "incr_op_margin_yoy": 0.06768487873691063,
      "rev_growth_yoy": 0.17910389746056501,
      "rev_growth_yoy_accel": -0.05467035929314626,
      "op_leverage_ratio": 1.934272950511301,
      "fcf_margin_change": 0.0072594359033116285
    }
  ],
  "signals": [
    {
      "quarter": "2025-09 (Q3)",
      "signal": "OPERATING LEVERAGE",
      "detail": "Rev growth +4.3% vs OpEx growth +2.2% (leverage: 1.9x)",
      "severity": "MEDIUM"
    },
    {
      "quarter": "2025-09 (Q3)",
      "signal": "YoY REVENUE GROWTH DECELERATION",
      "detail": "YoY growth: +17.9% vs prior quarter YoY: +23.4% (decel: -5.5%)",
      "severity": "WARNING"
    },
    {
      "quarter": "2025-06 (Q2)",
      "signal": "FCF TURNED POSITIVE",
      "detail": "FCF margin: -1.3% -> +5.0%",
      "severity": "HIGH"
    },
    {
      "quarter": "2024-09 (Q3)",
      "signal": "YoY REVENUE GROWTH DECELERATION",
      "detail": "YoY growth: +16.7% vs prior quarter YoY: +30.2% (decel: -13.5%)",
      "severity": "WARNING"
    },
    {
      "quarter": "2024-06 (Q2)",
      "signal": "FCF TURNED POSITIVE",
      "detail": "FCF margin: -6.6% -> +7.3%",
      "severity": "HIGH"
    },
    {
      "quarter": "2024-06 (Q2)",
      "signal": "OPERATING LEVERAGE",
      "detail": "Rev growth +10.6% vs OpEx growth +6.0% (leverage: 1.8x)",
      "severity": "MEDIUM"
    },
    {
      "quarter": "2024-06 (Q2)",
      "signal": "GROSS MARGIN INFLECTION",
      "detail": "GM: +33.5% -> +32.3% -> +35.4% (reversal +3.0%)",
      "severity": "MEDIUM"
    },
    {
      "quarter": "2023-12 (Q4)",
      "signal": "YoY REVENUE GROWTH ACCELERATION",
      "detail": "YoY growth: +32.1% vs prior quarter YoY: +19.5% (accel: +12.7%)",
      "severity": "MEDIUM"
    },
    {
      "quarter": "2023-09 (Q3)",
      "signal": "YoY REVENUE GROWTH ACCELERATION",
      "detail": "YoY growth: +19.5% vs prior quarter YoY: +2.1% (accel: +17.4%)",
      "severity": "HIGH"
    },
    {
      "quarter": "2023-06 (Q2)",
      "signal": "FCF TURNED POSITIVE",
      "detail": "FCF margin: -0.7% -> +11.9%",
      "severity": "HIGH"
    },
    {
      "quarter": "2023-06 (Q2)",
      "signal": "OPERATING LEVERAGE",
      "detail": "Rev growth +10.3% vs OpEx growth +5.8% (leverage: 1.8x)",
      "severity": "MEDIUM"
    },
    {
      "quarter": "2023-06 (Q2)",
      "signal": "GROSS MARGIN INFLECTION",
      "detail": "GM: +32.3% -> +31.4% -> +35.7% (reversal +4.3%)",
      "severity": "MEDIUM"
    },
    {
      "quarter": "2023-06 (Q2)",
      "signal": "YoY REVENUE GROWTH DECELERATION",
      "detail": "YoY growth: +2.1% vs prior quarter YoY: +12.2% (decel: -10.1%)",
      "severity": "WARNING"
    },
    {
      "quarter": "2022-12 (Q4)",
      "signal": "YoY REVENUE GROWTH DECELERATION",
      "detail": "YoY growth: +12.5% vs prior quarter YoY: +22.0% (decel: -9.5%)",
      "severity": "WARNING"
    },
    {
      "quarter": "2022-09 (Q3)",
      "signal": "YoY REVENUE GROWTH DECELERATION",
      "detail": "YoY growth: +22.0% vs prior quarter YoY: +31.4% (decel: -9.4%)",
      "severity": "WARNING"
    },
    {
      "quarter": "2022-06 (Q2)",
      "signal": "OPERATING LEVERAGE",
      "detail": "Rev growth +21.2% vs OpEx growth +12.5% (leverage: 1.7x)",
      "severity": "MEDIUM"
    },
    {
      "quarter": "2022-06 (Q2)",
      "signal": "GROSS MARGIN INFLECTION",
      "detail": "GM: +32.7% -> +30.6% -> +34.4% (reversal +3.8%)",
      "severity": "MEDIUM"
    },
    {
      "quarter": "2022-06 (Q2)",
      "signal": "YoY REVENUE GROWTH ACCELERATION",
      "detail": "YoY growth: +31.4% vs prior quarter YoY: +23.5% (accel: +7.9%)",
      "severity": "MEDIUM"
    },
    {
      "quarter": "2021-06 (Q2)",
      "signal": "FCF MARGIN EXPANSION",
      "detail": "FCF margin: +2.8% -> +8.2% (+5.4%)",
      "severity": "MEDIUM"
    },
    {
      "quarter": "2021-06 (Q2)",
      "signal": "OPERATING LEVERAGE",
      "detail": "Rev growth +13.9% vs OpEx growth +9.2% (leverage: 1.5x)",
      "severity": "MEDIUM"
    },
    {
      "quarter": "2021-06 (Q2)",
      "signal": "GROSS MARGIN INFLECTION",
      "detail": "GM: +33.4% -> +32.9% -> +35.8% (reversal +2.9%)",
      "severity": "MEDIUM"
    },
    {
      "quarter": "2021-03 (Q1)",
      "signal": "FCF TURNED POSITIVE",
      "detail": "FCF margin: -1.4% -> +2.8%",
      "severity": "HIGH"
    }
  ],
  "data_quality": {
    "n_quarters": 20,
    "coverage": {
      "revenue": [
        20,
        20
      ],
      "gross_profit": [
        20,
        20
      ],
      "op_income": [
        20,
        20
      ],
      "fcf": [
        20,
        20
      ]
    },
    "gaps": [],
    "warnings": []
  },
  "market_cap": null,
  "source": "SEC EDGAR",
  "last_updated": "2026-02-02T20:52:28.060668",
  "sector": "Industrials",
  "industry": "Waste Management"
}