{
  "ticker": "CXM",
  "name": "Sprinklr, Inc.",
  "quarters": [
    {
      "date": "2021-01-31T00:00:00",
      "quarter_label": "2021-01 (Q1)",
      "revenue": 104112000,
      "gross_profit": 71009000,
      "operating_income": -7248000,
      "net_income": -10804000,
      "opex": 78257000,
      "cogs": 33103000,
      "rd": 13406000,
      "sga": null,
      "fcf": -9086000,
      "ocf": -8463000,
      "capex": -623000,
      "gross_margin": 0.6820443368679883,
      "op_margin": -0.06961733517750116,
      "fcf_margin": -0.08727140003073613
    },
    {
      "date": "2021-04-30T00:00:00",
      "quarter_label": "2021-04 (Q2)",
      "revenue": 110979000,
      "gross_profit": 79271000,
      "operating_income": -10498000,
      "net_income": -14493000,
      "opex": 89769000,
      "cogs": 31708000,
      "rd": 13088000,
      "sga": null,
      "fcf": -11565000,
      "ocf": -10401000,
      "capex": -1164000,
      "gross_margin": 0.7142882887753539,
      "op_margin": -0.09459447282819272,
      "fcf_margin": -0.10420890438731652,
      "op_leverage_ratio": 0.4483721944003107,
      "fcf_margin_change": -0.016937504356580382
    },
    {
      "date": "2021-07-31T00:00:00",
      "quarter_label": "2021-07 (Q3)",
      "revenue": 118692000,
      "gross_profit": 81354000,
      "operating_income": -29305000,
      "net_income": -33247000,
      "opex": 110659000,
      "cogs": 37338000,
      "rd": 15087000,
      "sga": null,
      "fcf": -9158000,
      "ocf": -6460000,
      "capex": -2698000,
      "gross_margin": 0.6854210898796886,
      "op_margin": -0.24689953830081218,
      "fcf_margin": -0.07715768543794022,
      "op_leverage_ratio": 0.2986554686571639,
      "fcf_margin_change": 0.0270512189493763
    },
    {
      "date": "2021-10-31T00:00:00",
      "quarter_label": "2021-10 (Q4)",
      "revenue": 127056000,
      "gross_profit": 88356000,
      "operating_income": -26289000,
      "net_income": -29231000,
      "opex": 114645000,
      "cogs": 38700000,
      "rd": 16621000,
      "sga": null,
      "fcf": -2407000,
      "ocf": -1072000,
      "capex": -1335000,
      "gross_margin": 0.6954098979977332,
      "op_margin": -0.2069087646392142,
      "fcf_margin": -0.018944402468202996,
      "op_leverage_ratio": 1.9563295870802082,
      "fcf_margin_change": 0.05821328296973722
    },
    {
      "date": "2022-01-31T00:00:00",
      "quarter_label": "2022-01 (Q1)",
      "revenue": 135666000,
      "gross_profit": 95863000,
      "operating_income": -33171000,
      "net_income": -111470000,
      "opex": 129034000,
      "cogs": 39803000,
      "rd": 15755000,
      "sga": null,
      "fcf": -15940000,
      "ocf": -14989000,
      "capex": -951000,
      "gross_margin": 0.7066103518936211,
      "op_margin": -0.24450488700190173,
      "fcf_margin": -0.11749443486208777,
      "incr_op_margin_yoy": -0.8215440197756227,
      "rev_growth_yoy": 0.3030774550484094,
      "op_leverage_ratio": 0.5399238088334226,
      "fcf_margin_change": -0.09855003239388477
    },
    {
      "date": "2022-04-30T00:00:00",
      "quarter_label": "2022-04 (Q2)",
      "revenue": 144978000,
      "gross_profit": 103257000,
      "operating_income": -23128000,
      "net_income": -25288000,
      "opex": 126385000,
      "cogs": 41721000,
      "rd": 17334000,
      "sga": null,
      "fcf": -3548000,
      "ocf": -2910000,
      "capex": -638000,
      "gross_margin": 0.7122253031494433,
      "op_margin": -0.15952765247140946,
      "fcf_margin": -0.024472678613306847,
      "incr_op_margin_yoy": -0.3714815141621812,
      "rev_growth_yoy": 0.30635525639985944,
      "rev_growth_yoy_accel": 0.0032778013514500604,
      "op_leverage_ratio": Infinity,
      "fcf_margin_change": 0.09302175624878092
    },
    {
      "date": "2022-07-31T00:00:00",
      "quarter_label": "2022-07 (Q3)",
      "revenue": 150630000,
      "gross_profit": 108471000,
      "operating_income": -21675000,
      "net_income": -23927000,
      "opex": 130146000,
      "cogs": 42159000,
      "rd": 19989000,
      "sga": null,
      "fcf": 4170000,
      "ocf": 5884000,
      "capex": -1714000,
      "gross_margin": 0.7201155148376818,
      "op_margin": -0.14389563831905994,
      "fcf_margin": 0.027683728340967936,
      "incr_op_margin_yoy": 0.23890036946584006,
      "rev_growth_yoy": 0.2690830047517946,
      "rev_growth_yoy_accel": -0.03727225164806486,
      "op_leverage_ratio": 1.3100632026506407,
      "fcf_margin_change": 0.05215640695427479
    },
    {
      "date": "2022-10-31T00:00:00",
      "quarter_label": "2022-10 (Q4)",
      "revenue": 157251000,
      "gross_profit": 116731000,
      "operating_income": -4603000,
      "net_income": -5860000,
      "opex": 121334000,
      "cogs": 40520000,
      "rd": 19208000,
      "sga": null,
      "fcf": 1041000,
      "ocf": 1612000,
      "capex": -571000,
      "gross_margin": 0.7423227833209328,
      "op_margin": -0.029271673948019408,
      "fcf_margin": 0.006619989697998741,
      "incr_op_margin_yoy": 0.7181983772147706,
      "rev_growth_yoy": 0.23765111446921042,
      "rev_growth_yoy_accel": -0.03143189028258417,
      "op_leverage_ratio": Infinity,
      "fcf_margin_change": -0.021063738642969194
    },
    {
      "date": "2023-01-31T00:00:00",
      "quarter_label": "2023-01 (Q1)",
      "revenue": 165331000,
      "gross_profit": 126006000,
      "operating_income": -1818000,
      "net_income": -667000,
      "opex": 127824000,
      "cogs": 39325000,
      "rd": 20127000,
      "sga": null,
      "fcf": 18906000,
      "ocf": 22074000,
      "capex": -3168000,
      "gross_margin": 0.762143820578113,
      "op_margin": -0.010996122929154242,
      "fcf_margin": 0.11435242029625418,
      "incr_op_margin_yoy": 1.056902073150177,
      "rev_growth_yoy": 0.2186620081671163,
      "rev_growth_yoy_accel": -0.018989106302094105,
      "op_leverage_ratio": 0.9606291548125013,
      "fcf_margin_change": 0.10773243059825545
    },
    {
      "date": "2023-04-30T00:00:00",
      "quarter_label": "2023-04 (Q2)",
      "revenue": 173363000,
      "gross_profit": 131426000,
      "operating_income": -3193000,
      "net_income": 2808000,
      "opex": 134619000,
      "cogs": 41937000,
      "rd": 20761000,
      "sga": null,
      "fcf": 16935000,
      "ocf": 18560000,
      "capex": -1625000,
      "gross_margin": 0.758097171830206,
      "op_margin": -0.018418001534352774,
      "fcf_margin": 0.09768520387856694,
      "incr_op_margin_yoy": 0.7023075568081734,
      "rev_growth_yoy": 0.19578832650471106,
      "rev_growth_yoy_accel": -0.02287368166240525,
      "op_leverage_ratio": 0.9138866852465592,
      "fcf_margin_change": -0.016667216417687244
    },
    {
      "date": "2023-07-31T00:00:00",
      "quarter_label": "2023-07 (Q3)",
      "revenue": 178465000,
      "gross_profit": 134998000,
      "operating_income": 5489000,
      "net_income": 10485000,
      "opex": 129509000,
      "cogs": 43467000,
      "rd": 24323000,
      "sga": null,
      "fcf": 11787000,
      "ocf": 14575000,
      "capex": -2788000,
      "gross_margin": 0.7564396380242625,
      "op_margin": 0.030756731011682963,
      "fcf_margin": 0.06604656375199619,
      "incr_op_margin_yoy": 0.9758936590623316,
      "rev_growth_yoy": 0.18479054637190467,
      "rev_growth_yoy_accel": -0.01099778013280639,
      "op_leverage_ratio": Infinity,
      "fcf_margin_change": -0.03163864012657075
    },
    {
      "date": "2023-10-31T00:00:00",
      "quarter_label": "2023-10 (Q4)",
      "revenue": 186325000,
      "gross_profit": 139877000,
      "operating_income": 13189000,
      "net_income": 16967000,
      "opex": 126688000,
      "cogs": 46448000,
      "rd": 23146000,
      "sga": null,
      "fcf": 18946000,
      "ocf": 21027000,
      "capex": -2081000,
      "gross_margin": 0.7507151482624447,
      "op_margin": 0.07078491882463438,
      "fcf_margin": 0.10168254394203677,
      "incr_op_margin_yoy": 0.6119556992501892,
      "rev_growth_yoy": 0.18488912630126358,
      "rev_growth_yoy_accel": 9.857992935891069e-05,
      "op_leverage_ratio": Infinity,
      "fcf_margin_change": 0.03563598019004058
    },
    {
      "date": "2024-01-31T00:00:00",
      "quarter_label": "2024-01 (Q1)",
      "revenue": 194207000,
      "gross_profit": 146658000,
      "operating_income": 18460000,
      "net_income": 21143000,
      "opex": 128198000,
      "cogs": 47549000,
      "rd": 23062000,
      "sga": null,
      "fcf": 15249000,
      "ocf": 17303000,
      "capex": -2054000,
      "gross_margin": 0.7551633051331826,
      "op_margin": 0.09505321641341455,
      "fcf_margin": 0.07851931186826427,
      "incr_op_margin_yoy": 0.7022440781271644,
      "rev_growth_yoy": 0.17465569070531237,
      "rev_growth_yoy_accel": -0.010233435595951218,
      "op_leverage_ratio": 3.5491457406813383,
      "fcf_margin_change": -0.023163232073772494
    },
    {
      "date": "2024-04-30T00:00:00",
      "quarter_label": "2024-04 (Q2)",
      "revenue": 195958000,
      "gross_profit": 144833000,
      "operating_income": 5709000,
      "net_income": 10634000,
      "opex": 139124000,
      "cogs": 51125000,
      "rd": 22539000,
      "sga": null,
      "fcf": 39167000,
      "ocf": 41712000,
      "capex": -2545000,
      "gross_margin": 0.7391022566060074,
      "op_margin": 0.02913379397626022,
      "fcf_margin": 0.19987446289511018,
      "incr_op_margin_yoy": 0.3939809692409825,
      "rev_growth_yoy": 0.13033346215743843,
      "rev_growth_yoy_accel": -0.04432222854787393,
      "fcf_margin_change": 0.12135515102684591
    },
    {
      "date": "2024-07-31T00:00:00",
      "quarter_label": "2024-07 (Q3)",
      "revenue": 197208000,
      "gross_profit": 142892000,
      "operating_income": -87000,
      "net_income": 1841000,
      "opex": 142979000,
      "cogs": 54316000,
      "rd": 23622000,
      "sga": null,
      "fcf": 19839000,
      "ocf": 21322000,
      "capex": -1483000,
      "gross_margin": 0.724575067948562,
      "op_margin": -0.0004411585736886942,
      "fcf_margin": 0.10059936716563223,
      "incr_op_margin_yoy": -0.29749773248679506,
      "rev_growth_yoy": 0.10502339394278991,
      "rev_growth_yoy_accel": -0.025310068214648526,
      "fcf_margin_change": -0.09927509572947796
    },
    {
      "date": "2024-10-31T00:00:00",
      "quarter_label": "2024-10 (Q4)",
      "revenue": 200689000,
      "gross_profit": 142868000,
      "operating_income": 7889000,
      "net_income": 10455000,
      "opex": 134979000,
      "cogs": 57821000,
      "rd": 23280000,
      "sga": null,
      "fcf": 8219000,
      "ocf": 9191000,
      "capex": -972000,
      "gross_margin": 0.7118875473992097,
      "op_margin": 0.039309578502060405,
      "fcf_margin": 0.040953913767072435,
      "incr_op_margin_yoy": -0.3689780005569479,
      "rev_growth_yoy": 0.07709110425332082,
      "rev_growth_yoy_accel": -0.027932289689469092,
      "op_leverage_ratio": Infinity,
      "fcf_margin_change": -0.05964545339855979
    },
    {
      "date": "2025-01-31T00:00:00",
      "quarter_label": "2025-01 (Q1)",
      "revenue": 202539000,
      "gross_profit": 143723000,
      "operating_income": 10459000,
      "net_income": 98679000,
      "opex": 133264000,
      "cogs": 58816000,
      "rd": 22558000,
      "sga": null,
      "fcf": 4563000,
      "ocf": 5365000,
      "capex": -802000,
      "gross_margin": 0.7096065449123379,
      "op_margin": 0.051639437342931485,
      "fcf_margin": 0.022528994415890274,
      "incr_op_margin_yoy": -0.9602736437830053,
      "rev_growth_yoy": 0.042902676010648434,
      "rev_growth_yoy_accel": -0.03418842824267238,
      "fcf_margin_change": -0.01842491935118216
    },
    {
      "date": "2025-04-30T00:00:00",
      "quarter_label": "2025-04 (Q2)",
      "revenue": 205500000,
      "gross_profit": 142869000,
      "operating_income": -1755000,
      "net_income": -1568000,
      "opex": 144624000,
      "cogs": 62631000,
      "rd": 22811000,
      "sga": null,
      "fcf": 83487000,
      "ocf": 83776000,
      "capex": -289000,
      "gross_margin": 0.6952262773722627,
      "op_margin": -0.008540145985401459,
      "fcf_margin": 0.40626277372262776,
      "incr_op_margin_yoy": -0.7822259484384825,
      "rev_growth_yoy": 0.04869410792108513,
      "rev_growth_yoy_accel": 0.005791431910436698,
      "op_leverage_ratio": 0.1715000533022018,
      "fcf_margin_change": 0.38373377930673747
    },
    {
      "date": "2025-07-31T00:00:00",
      "quarter_label": "2025-07 (Q3)",
      "revenue": 212040000,
      "gross_profit": 144602000,
      "operating_income": 16272000,
      "net_income": 12615000,
      "opex": 128330000,
      "cogs": 67438000,
      "rd": 23162000,
      "sga": null,
      "fcf": 34426000,
      "ocf": 34791000,
      "capex": -365000,
      "gross_margin": 0.6819562346727033,
      "op_margin": 0.0767402376910017,
      "fcf_margin": 0.1623561592152424,
      "incr_op_margin_yoy": 1.1029530744336569,
      "rev_growth_yoy": 0.07520993063161738,
      "rev_growth_yoy_accel": 0.026515822710532246,
      "op_leverage_ratio": Infinity,
      "fcf_margin_change": -0.24390661450738535
    },
    {
      "date": "2025-10-31T00:00:00",
      "quarter_label": "2025-10 (Q4)",
      "revenue": 219068000,
      "gross_profit": 145486000,
      "operating_income": 11551000,
      "net_income": 2904000,
      "opex": 133935000,
      "cogs": 73582000,
      "rd": 24707000,
      "sga": null,
      "fcf": 19776000,
      "ocf": 19961000,
      "capex": -185000,
      "gross_margin": 0.6641134259681926,
      "op_margin": 0.052727920097869155,
      "fcf_margin": 0.09027333978490697,
      "incr_op_margin_yoy": 0.19924914304369118,
      "rev_growth_yoy": 0.09157950859289747,
      "rev_growth_yoy_accel": 0.016369577961280093,
      "op_leverage_ratio": 0.7588685150378944,
      "fcf_margin_change": -0.07208281943033544
    }
  ],
  "signals": [
    {
      "quarter": "2025-10 (Q4)",
      "signal": "INCREMENTAL MARGIN (YoY)",
      "detail": "YoY Incr OPM: +19.9% vs year-ago OPM: +3.9%",
      "severity": "MEDIUM"
    },
    {
      "quarter": "2025-07 (Q3)",
      "signal": "OP MARGIN TURNED POSITIVE (YoY)",
      "detail": "Op margin: -0.0% (year-ago) -> +7.7%",
      "severity": "HIGH"
    },
    {
      "quarter": "2025-07 (Q3)",
      "signal": "OP MARGIN TURNED POSITIVE (QoQ)",
      "detail": "Op margin: -0.9% -> +7.7%",
      "severity": "HIGH"
    },
    {
      "quarter": "2025-04 (Q2)",
      "signal": "FCF MARGIN EXPANSION",
      "detail": "FCF margin: +2.3% -> +40.6% (+38.4%)",
      "severity": "MEDIUM"
    },
    {
      "quarter": "2024-10 (Q4)",
      "signal": "OP MARGIN TURNED POSITIVE (QoQ)",
      "detail": "Op margin: -0.0% -> +3.9%",
      "severity": "HIGH"
    },
    {
      "quarter": "2024-04 (Q2)",
      "signal": "FCF MARGIN EXPANSION",
      "detail": "FCF margin: +7.9% -> +20.0% (+12.1%)",
      "severity": "MEDIUM"
    },
    {
      "quarter": "2024-04 (Q2)",
      "signal": "OP MARGIN TURNED POSITIVE (YoY)",
      "detail": "Op margin: -1.8% (year-ago) -> +2.9%",
      "severity": "HIGH"
    },
    {
      "quarter": "2024-01 (Q1)",
      "signal": "OPERATING LEVERAGE",
      "detail": "Rev growth +4.2% vs OpEx growth +1.2% (leverage: 3.5x)",
      "severity": "MEDIUM"
    },
    {
      "quarter": "2024-01 (Q1)",
      "signal": "OP MARGIN TURNED POSITIVE (YoY)",
      "detail": "Op margin: -1.1% (year-ago) -> +9.5%",
      "severity": "HIGH"
    },
    {
      "quarter": "2023-10 (Q4)",
      "signal": "OP MARGIN TURNED POSITIVE (YoY)",
      "detail": "Op margin: -2.9% (year-ago) -> +7.1%",
      "severity": "HIGH"
    },
    {
      "quarter": "2023-07 (Q3)",
      "signal": "OP MARGIN TURNED POSITIVE (YoY)",
      "detail": "Op margin: -14.4% (year-ago) -> +3.1%",
      "severity": "HIGH"
    },
    {
      "quarter": "2023-07 (Q3)",
      "signal": "OP MARGIN TURNED POSITIVE (QoQ)",
      "detail": "Op margin: -1.8% -> +3.1%",
      "severity": "HIGH"
    },
    {
      "quarter": "2023-01 (Q1)",
      "signal": "FCF MARGIN EXPANSION",
      "detail": "FCF margin: +0.7% -> +11.4% (+10.8%)",
      "severity": "MEDIUM"
    },
    {
      "quarter": "2022-07 (Q3)",
      "signal": "FCF TURNED POSITIVE",
      "detail": "FCF margin: -2.4% -> +2.8%",
      "severity": "HIGH"
    },
    {
      "quarter": "2022-04 (Q2)",
      "signal": "FCF MARGIN EXPANSION",
      "detail": "FCF margin: -11.7% -> -2.4% (+9.3%)",
      "severity": "MEDIUM"
    },
    {
      "quarter": "2021-10 (Q4)",
      "signal": "FCF MARGIN EXPANSION",
      "detail": "FCF margin: -7.7% -> -1.9% (+5.8%)",
      "severity": "MEDIUM"
    },
    {
      "quarter": "2021-10 (Q4)",
      "signal": "OPERATING LEVERAGE",
      "detail": "Rev growth +7.0% vs OpEx growth +3.6% (leverage: 2.0x)",
      "severity": "MEDIUM"
    }
  ],
  "data_quality": {
    "n_quarters": 20,
    "coverage": {
      "revenue": [
        20,
        20
      ],
      "gross_profit": [
        20,
        20
      ],
      "op_income": [
        20,
        20
      ],
      "fcf": [
        20,
        20
      ]
    },
    "gaps": [],
    "warnings": []
  },
  "market_cap": null,
  "source": "SEC EDGAR",
  "last_updated": "2026-02-02T21:45:24.348157",
  "sector": "Technology",
  "industry": "Software - Application"
}