{
  "ticker": "CXT",
  "name": "CRANE NXT, CO.",
  "quarters": [
    {
      "date": "2020-12-31T00:00:00",
      "quarter_label": "2020-12 (Q4)",
      "revenue": 683600000,
      "gross_profit": 227400000,
      "operating_income": 53900000,
      "net_income": 46900000,
      "opex": 173500000,
      "cogs": 456200000,
      "rd": null,
      "sga": 165600000,
      "fcf": 101400000,
      "ocf": 101400000,
      "capex": null,
      "gross_margin": 0.33265067290813344,
      "op_margin": 0.07884727911059099,
      "fcf_margin": 0.1483323581041545
    },
    {
      "date": "2021-03-31T00:00:00",
      "quarter_label": "2021-03 (Q1)",
      "revenue": 833500000,
      "gross_profit": 309000000,
      "operating_income": 146400000,
      "net_income": 108400000,
      "opex": 162600000,
      "cogs": 513600000,
      "rd": null,
      "sga": 186600000,
      "fcf": 50200000,
      "ocf": 50200000,
      "capex": null,
      "gross_margin": 0.3707258548290342,
      "op_margin": 0.17564487102579485,
      "fcf_margin": 0.06022795440911818,
      "op_leverage_ratio": Infinity,
      "fcf_margin_change": -0.0881044036950363
    },
    {
      "date": "2021-06-30T00:00:00",
      "quarter_label": "2021-06 (Q2)",
      "revenue": 796400000,
      "gross_profit": 319600000,
      "operating_income": 136900000,
      "net_income": 138300000,
      "opex": 182700000,
      "cogs": 476800000,
      "rd": null,
      "sga": 182900000,
      "fcf": 156500000,
      "ocf": 156500000,
      "capex": null,
      "gross_margin": 0.401305876443998,
      "op_margin": 0.17189854344550476,
      "fcf_margin": 0.1965092918131592,
      "fcf_margin_change": 0.13628133740404103
    },
    {
      "date": "2021-09-30T00:00:00",
      "quarter_label": "2021-09 (Q3)",
      "revenue": 833500000,
      "gross_profit": 324400000,
      "operating_income": 138200000,
      "net_income": 116600000,
      "opex": 186200000,
      "cogs": 509100000,
      "rd": null,
      "sga": 187300000,
      "fcf": 120300000,
      "ocf": 120300000,
      "capex": null,
      "gross_margin": 0.3892021595680864,
      "op_margin": 0.16580683863227355,
      "fcf_margin": 0.14433113377324536,
      "op_leverage_ratio": 2.4317177297840282,
      "fcf_margin_change": -0.05217815803991385
    },
    {
      "date": "2021-12-31T00:00:00",
      "quarter_label": "2021-12 (Q4)",
      "revenue": 770500000,
      "gross_profit": 288000000,
      "operating_income": 87100000,
      "net_income": 72100000,
      "opex": 200900000,
      "cogs": 482500000,
      "rd": null,
      "sga": 203400000,
      "fcf": -50000000,
      "ocf": -50000000,
      "capex": null,
      "gross_margin": 0.3737832576249189,
      "op_margin": 0.11304347826086956,
      "fcf_margin": -0.06489292667099286,
      "incr_op_margin_yoy": 0.38204833141542005,
      "rev_growth_yoy": 0.12712112346401405,
      "fcf_margin_change": -0.20922406044423822
    },
    {
      "date": "2022-03-31T00:00:00",
      "quarter_label": "2022-03 (Q1)",
      "revenue": 801100000,
      "gross_profit": 327300000,
      "operating_income": 133600000,
      "net_income": 105000000,
      "opex": 193700000,
      "cogs": 473800000,
      "rd": null,
      "sga": 193700000,
      "fcf": -55500000,
      "ocf": -55500000,
      "capex": null,
      "gross_margin": 0.4085632255648483,
      "op_margin": 0.16677069030083636,
      "fcf_margin": -0.06927974035700911,
      "incr_op_margin_yoy": 0.3950617283950617,
      "rev_growth_yoy": -0.03887222555488902,
      "rev_growth_yoy_accel": -0.16599334901890306,
      "op_leverage_ratio": Infinity,
      "fcf_margin_change": -0.004386813686016247
    },
    {
      "date": "2022-06-30T00:00:00",
      "quarter_label": "2022-06 (Q2)",
      "revenue": 864300000,
      "gross_profit": 328600000,
      "operating_income": 124400000,
      "net_income": 258200000,
      "opex": 204200000,
      "cogs": 535700000,
      "rd": null,
      "sga": 204200000,
      "fcf": 176600000,
      "ocf": 176600000,
      "capex": null,
      "gross_margin": 0.3801920629411084,
      "op_margin": 0.1439315052643758,
      "fcf_margin": 0.2043272012032859,
      "incr_op_margin_yoy": -0.18409425625920472,
      "rev_growth_yoy": 0.08525866398794575,
      "rev_growth_yoy_accel": 0.12413088954283477,
      "op_leverage_ratio": 1.4553607836843387,
      "fcf_margin_change": 0.273606941560295
    },
    {
      "date": "2022-09-30T00:00:00",
      "quarter_label": "2022-09 (Q3)",
      "revenue": 815100000,
      "gross_profit": 329500000,
      "operating_income": -31200000,
      "net_income": -59300000,
      "opex": 360700000,
      "cogs": 485600000,
      "rd": null,
      "sga": 198300000,
      "fcf": 109800000,
      "ocf": 109800000,
      "capex": null,
      "gross_margin": 0.4042448779290885,
      "op_margin": -0.03827751196172249,
      "fcf_margin": 0.1347073978652926,
      "incr_op_margin_yoy": 9.206521739130435,
      "rev_growth_yoy": -0.022075584883023396,
      "rev_growth_yoy_accel": -0.10733424887096915,
      "fcf_margin_change": -0.06961980333799331
    },
    {
      "date": "2022-12-31T00:00:00",
      "quarter_label": "2022-12 (Q4)",
      "revenue": 824100000,
      "gross_profit": 336400000,
      "operating_income": 129300000,
      "net_income": 97200000,
      "opex": 207100000,
      "cogs": 487700000,
      "rd": null,
      "sga": 196700000,
      "fcf": 75100000,
      "ocf": 75100000,
      "capex": null,
      "gross_margin": 0.40820288799902926,
      "op_margin": 0.15689843465598835,
      "fcf_margin": 0.09112971726732193,
      "incr_op_margin_yoy": 0.7873134328358209,
      "rev_growth_yoy": 0.06956521739130435,
      "rev_growth_yoy_accel": 0.09164080227432775,
      "op_leverage_ratio": Infinity,
      "fcf_margin_change": -0.04357768059797067
    },
    {
      "date": "2023-03-31T00:00:00",
      "quarter_label": "2023-03 (Q1)",
      "revenue": 842900000,
      "gross_profit": 361600000,
      "operating_income": 152200000,
      "net_income": 105700000,
      "opex": 209400000,
      "cogs": 481300000,
      "rd": null,
      "sga": 209400000,
      "fcf": 35500000,
      "ocf": 35500000,
      "capex": null,
      "gross_margin": 0.4289951358405505,
      "op_margin": 0.18056708980899278,
      "fcf_margin": 0.04211650255071776,
      "incr_op_margin_yoy": 0.4449760765550239,
      "rev_growth_yoy": 0.05217825489951317,
      "rev_growth_yoy_accel": -0.017386962491791176,
      "op_leverage_ratio": 2.0541407490648558,
      "fcf_margin_change": -0.049013214716604164
    },
    {
      "date": "2023-06-30T00:00:00",
      "quarter_label": "2023-06 (Q2)",
      "revenue": 352400000,
      "gross_profit": 168400000,
      "operating_income": 68800000,
      "net_income": 43200000,
      "opex": 99600000,
      "cogs": 184000000,
      "rd": null,
      "sga": 99600000,
      "fcf": 59500000,
      "ocf": 59500000,
      "capex": null,
      "gross_margin": 0.4778660612939841,
      "op_margin": 0.1952326901248581,
      "fcf_margin": 0.1688422247446084,
      "incr_op_margin_yoy": 0.10861496386012894,
      "rev_growth_yoy": -0.5922712021288904,
      "rev_growth_yoy_accel": -0.6444494570284036,
      "fcf_margin_change": 0.1267257221938906
    },
    {
      "date": "2023-09-30T00:00:00",
      "quarter_label": "2023-09 (Q3)",
      "revenue": 352900000,
      "gross_profit": 165500000,
      "operating_income": 79700000,
      "net_income": 51900000,
      "opex": 85800000,
      "cogs": 187400000,
      "rd": null,
      "sga": 85800000,
      "fcf": 102800000,
      "ocf": 102800000,
      "capex": null,
      "gross_margin": 0.4689713799943327,
      "op_margin": 0.2258430150184188,
      "fcf_margin": 0.2913006517427033,
      "incr_op_margin_yoy": -0.23993942016443098,
      "rev_growth_yoy": -0.5670469880996197,
      "rev_growth_yoy_accel": 0.025224214029270664,
      "fcf_margin_change": 0.12245842699809492
    },
    {
      "date": "2023-12-31T00:00:00",
      "quarter_label": "2023-12 (Q4)",
      "revenue": 356900000,
      "gross_profit": 165500000,
      "operating_income": 72400000,
      "net_income": 49500000,
      "opex": 93100000,
      "cogs": 191400000,
      "rd": null,
      "sga": 92600000,
      "fcf": 78500000,
      "ocf": 78500000,
      "capex": null,
      "gross_margin": 0.46371532642196694,
      "op_margin": 0.20285794340151303,
      "fcf_margin": 0.2199495657046792,
      "incr_op_margin_yoy": 0.12178938356164383,
      "rev_growth_yoy": -0.5669214901104235,
      "rev_growth_yoy_accel": 0.00012549798919625488,
      "op_leverage_ratio": 0.13322102190461033,
      "fcf_margin_change": -0.07135108603802412
    },
    {
      "date": "2024-03-31T00:00:00",
      "quarter_label": "2024-03 (Q1)",
      "revenue": 313600000,
      "gross_profit": 152400000,
      "operating_income": 55400000,
      "net_income": 37800000,
      "opex": 97000000,
      "cogs": 161200000,
      "rd": null,
      "sga": 94300000,
      "fcf": 9500000,
      "ocf": 9500000,
      "capex": null,
      "gross_margin": 0.48596938775510207,
      "op_margin": 0.17665816326530612,
      "fcf_margin": 0.030293367346938774,
      "incr_op_margin_yoy": 0.18288305308898545,
      "rev_growth_yoy": -0.6279511211294341,
      "rev_growth_yoy_accel": -0.0610296310190106,
      "fcf_margin_change": -0.18965619835774042
    },
    {
      "date": "2024-06-30T00:00:00",
      "quarter_label": "2024-06 (Q2)",
      "revenue": 370600000,
      "gross_profit": 160900000,
      "operating_income": 67600000,
      "net_income": 41600000,
      "opex": 93300000,
      "cogs": 209700000,
      "rd": null,
      "sga": 93300000,
      "fcf": 56800000,
      "ocf": 56800000,
      "capex": null,
      "gross_margin": 0.43416082029141934,
      "op_margin": 0.18240690771721532,
      "fcf_margin": 0.15326497571505668,
      "incr_op_margin_yoy": -0.06593406593406594,
      "rev_growth_yoy": 0.051645856980703744,
      "rev_growth_yoy_accel": 0.6795969781101379,
      "op_leverage_ratio": Infinity,
      "fcf_margin_change": 0.12297160836811791
    },
    {
      "date": "2024-09-30T00:00:00",
      "quarter_label": "2024-09 (Q3)",
      "revenue": 403500000,
      "gross_profit": 171300000,
      "operating_income": 75000000,
      "net_income": 47100000,
      "opex": 96300000,
      "cogs": 232200000,
      "rd": null,
      "sga": 96300000,
      "fcf": 66700000,
      "ocf": 66700000,
      "capex": null,
      "gross_margin": 0.4245353159851301,
      "op_margin": 0.18587360594795538,
      "fcf_margin": 0.16530359355638166,
      "incr_op_margin_yoy": -0.09288537549407115,
      "rev_growth_yoy": 0.1433833947293851,
      "rev_growth_yoy_accel": 0.09173753774868136,
      "op_leverage_ratio": 2.7609012412304375,
      "fcf_margin_change": 0.012038617841324983
    },
    {
      "date": "2024-12-31T00:00:00",
      "quarter_label": "2024-12 (Q4)",
      "revenue": 399100000,
      "gross_profit": 180500000,
      "operating_income": 70800000,
      "net_income": 57600000,
      "opex": 109700000,
      "cogs": 218600000,
      "rd": null,
      "sga": 102300000,
      "fcf": 81100000,
      "ocf": 81100000,
      "capex": null,
      "gross_margin": 0.45226760210473566,
      "op_margin": 0.17739914808318716,
      "fcf_margin": 0.2032072162365322,
      "incr_op_margin_yoy": -0.037914691943127965,
      "rev_growth_yoy": 0.11824040347436257,
      "rev_growth_yoy_accel": -0.025142991255022534,
      "fcf_margin_change": 0.037903622680150545
    },
    {
      "date": "2025-03-31T00:00:00",
      "quarter_label": "2025-03 (Q1)",
      "revenue": 330300000,
      "gross_profit": 140200000,
      "operating_income": 37300000,
      "net_income": 21700000,
      "opex": 102900000,
      "cogs": 190100000,
      "rd": null,
      "sga": 102900000,
      "fcf": -19100000,
      "ocf": -19100000,
      "capex": null,
      "gross_margin": 0.4244626097487133,
      "op_margin": 0.11292764153799577,
      "fcf_margin": -0.05782621858916137,
      "incr_op_margin_yoy": -1.0838323353293413,
      "rev_growth_yoy": 0.05325255102040816,
      "rev_growth_yoy_accel": -0.06498785245395441,
      "fcf_margin_change": -0.2610334348256936
    },
    {
      "date": "2025-06-30T00:00:00",
      "quarter_label": "2025-06 (Q2)",
      "revenue": 404400000,
      "gross_profit": 168800000,
      "operating_income": 47900000,
      "net_income": 24900000,
      "opex": 120900000,
      "cogs": 235600000,
      "rd": null,
      "sga": 113600000,
      "fcf": 62800000,
      "ocf": 62800000,
      "capex": null,
      "gross_margin": 0.41740850642927796,
      "op_margin": 0.11844708209693373,
      "fcf_margin": 0.1552917903066271,
      "incr_op_margin_yoy": -0.5828402366863905,
      "rev_growth_yoy": 0.09120345385860766,
      "rev_growth_yoy_accel": 0.0379509028381995,
      "op_leverage_ratio": 1.2824856191341205,
      "fcf_margin_change": 0.21311800889578847
    },
    {
      "date": "2025-09-30T00:00:00",
      "quarter_label": "2025-09 (Q3)",
      "revenue": 445100000,
      "gross_profit": 192600000,
      "operating_income": 81900000,
      "net_income": 50500000,
      "opex": 110700000,
      "cogs": 252500000,
      "rd": null,
      "sga": 107200000,
      "fcf": 92000000,
      "ocf": 92000000,
      "capex": null,
      "gross_margin": 0.43271175016850144,
      "op_margin": 0.1840035946978207,
      "fcf_margin": 0.20669512469108065,
      "incr_op_margin_yoy": 0.1658653846153846,
      "rev_growth_yoy": 0.10309789343246592,
      "rev_growth_yoy_accel": 0.01189443957385826,
      "op_leverage_ratio": Infinity,
      "fcf_margin_change": 0.05140333438445355
    }
  ],
  "signals": [
    {
      "quarter": "2025-09 (Q3)",
      "signal": "FCF MARGIN EXPANSION",
      "detail": "FCF margin: +15.5% -> +20.7% (+5.1%)",
      "severity": "MEDIUM"
    },
    {
      "quarter": "2025-06 (Q2)",
      "signal": "FCF TURNED POSITIVE",
      "detail": "FCF margin: -5.8% -> +15.5%",
      "severity": "HIGH"
    },
    {
      "quarter": "2025-03 (Q1)",
      "signal": "YoY REVENUE GROWTH DECELERATION",
      "detail": "YoY growth: +5.3% vs prior quarter YoY: +11.8% (decel: -6.5%)",
      "severity": "WARNING"
    },
    {
      "quarter": "2024-12 (Q4)",
      "signal": "GROSS MARGIN INFLECTION",
      "detail": "GM: +43.4% -> +42.5% -> +45.2% (reversal +2.8%)",
      "severity": "MEDIUM"
    },
    {
      "quarter": "2024-09 (Q3)",
      "signal": "OPERATING LEVERAGE",
      "detail": "Rev growth +8.9% vs OpEx growth +3.2% (leverage: 2.8x)",
      "severity": "MEDIUM"
    },
    {
      "quarter": "2024-09 (Q3)",
      "signal": "YoY REVENUE GROWTH ACCELERATION",
      "detail": "YoY growth: +14.3% vs prior quarter YoY: +5.2% (accel: +9.2%)",
      "severity": "MEDIUM"
    },
    {
      "quarter": "2024-06 (Q2)",
      "signal": "FCF MARGIN EXPANSION",
      "detail": "FCF margin: +3.0% -> +15.3% (+12.3%)",
      "severity": "MEDIUM"
    },
    {
      "quarter": "2024-06 (Q2)",
      "signal": "YoY REVENUE GROWTH ACCELERATION",
      "detail": "YoY growth: +5.2% vs prior quarter YoY: -62.8% (accel: +68.0%)",
      "severity": "HIGH"
    },
    {
      "quarter": "2024-03 (Q1)",
      "signal": "GROSS MARGIN INFLECTION",
      "detail": "GM: +46.9% -> +46.4% -> +48.6% (reversal +2.2%)",
      "severity": "MEDIUM"
    },
    {
      "quarter": "2024-03 (Q1)",
      "signal": "YoY REVENUE GROWTH DECELERATION",
      "detail": "YoY growth: -62.8% vs prior quarter YoY: -56.7% (decel: -6.1%)",
      "severity": "WARNING"
    },
    {
      "quarter": "2023-09 (Q3)",
      "signal": "FCF MARGIN EXPANSION",
      "detail": "FCF margin: +16.9% -> +29.1% (+12.2%)",
      "severity": "MEDIUM"
    },
    {
      "quarter": "2023-09 (Q3)",
      "signal": "OP MARGIN TURNED POSITIVE (YoY)",
      "detail": "Op margin: -3.8% (year-ago) -> +22.6%",
      "severity": "HIGH"
    },
    {
      "quarter": "2023-06 (Q2)",
      "signal": "FCF MARGIN EXPANSION",
      "detail": "FCF margin: +4.2% -> +16.9% (+12.7%)",
      "severity": "MEDIUM"
    },
    {
      "quarter": "2023-06 (Q2)",
      "signal": "YoY REVENUE GROWTH DECELERATION",
      "detail": "YoY growth: -59.2% vs prior quarter YoY: +5.2% (decel: -64.4%)",
      "severity": "WARNING"
    },
    {
      "quarter": "2023-03 (Q1)",
      "signal": "OPERATING LEVERAGE",
      "detail": "Rev growth +2.3% vs OpEx growth +1.1% (leverage: 2.1x)",
      "severity": "MEDIUM"
    },
    {
      "quarter": "2023-03 (Q1)",
      "signal": "INCREMENTAL MARGIN (YoY)",
      "detail": "YoY Incr OPM: +44.5% vs year-ago OPM: +16.7%",
      "severity": "HIGH"
    },
    {
      "quarter": "2022-12 (Q4)",
      "signal": "YoY REVENUE GROWTH ACCELERATION",
      "detail": "YoY growth: +7.0% vs prior quarter YoY: -2.2% (accel: +9.2%)",
      "severity": "MEDIUM"
    },
    {
      "quarter": "2022-12 (Q4)",
      "signal": "INCREMENTAL MARGIN (YoY)",
      "detail": "YoY Incr OPM: +78.7% vs year-ago OPM: +11.3%",
      "severity": "HIGH"
    },
    {
      "quarter": "2022-12 (Q4)",
      "signal": "OP MARGIN TURNED POSITIVE (QoQ)",
      "detail": "Op margin: -3.8% -> +15.7%",
      "severity": "HIGH"
    },
    {
      "quarter": "2022-09 (Q3)",
      "signal": "GROSS MARGIN INFLECTION",
      "detail": "GM: +40.9% -> +38.0% -> +40.4% (reversal +2.4%)",
      "severity": "MEDIUM"
    },
    {
      "quarter": "2022-09 (Q3)",
      "signal": "YoY REVENUE GROWTH DECELERATION",
      "detail": "YoY growth: -2.2% vs prior quarter YoY: +8.5% (decel: -10.7%)",
      "severity": "WARNING"
    },
    {
      "quarter": "2022-06 (Q2)",
      "signal": "FCF TURNED POSITIVE",
      "detail": "FCF margin: -6.9% -> +20.4%",
      "severity": "HIGH"
    },
    {
      "quarter": "2022-06 (Q2)",
      "signal": "YoY REVENUE GROWTH ACCELERATION",
      "detail": "YoY growth: +8.5% vs prior quarter YoY: -3.9% (accel: +12.4%)",
      "severity": "MEDIUM"
    },
    {
      "quarter": "2022-03 (Q1)",
      "signal": "GROSS MARGIN INFLECTION",
      "detail": "GM: +38.9% -> +37.4% -> +40.9% (reversal +3.5%)",
      "severity": "MEDIUM"
    },
    {
      "quarter": "2022-03 (Q1)",
      "signal": "YoY REVENUE GROWTH DECELERATION",
      "detail": "YoY growth: -3.9% vs prior quarter YoY: +12.7% (decel: -16.6%)",
      "severity": "WARNING"
    },
    {
      "quarter": "2022-03 (Q1)",
      "signal": "INCREMENTAL MARGIN (YoY)",
      "detail": "YoY Incr OPM: +39.5% vs year-ago OPM: +17.6%",
      "severity": "HIGH"
    },
    {
      "quarter": "2021-12 (Q4)",
      "signal": "INCREMENTAL MARGIN (YoY)",
      "detail": "YoY Incr OPM: +38.2% vs year-ago OPM: +7.9%",
      "severity": "HIGH"
    },
    {
      "quarter": "2021-09 (Q3)",
      "signal": "OPERATING LEVERAGE",
      "detail": "Rev growth +4.7% vs OpEx growth +1.9% (leverage: 2.4x)",
      "severity": "MEDIUM"
    },
    {
      "quarter": "2021-06 (Q2)",
      "signal": "FCF MARGIN EXPANSION",
      "detail": "FCF margin: +6.0% -> +19.7% (+13.6%)",
      "severity": "MEDIUM"
    }
  ],
  "data_quality": {
    "n_quarters": 20,
    "coverage": {
      "revenue": [
        20,
        20
      ],
      "gross_profit": [
        20,
        20
      ],
      "op_income": [
        20,
        20
      ],
      "fcf": [
        20,
        20
      ]
    },
    "gaps": [],
    "warnings": []
  },
  "market_cap": null,
  "source": "SEC EDGAR",
  "last_updated": "2026-02-02T21:24:09.746980"
}