{
  "ticker": "CYAN",
  "name": "Cyanotech Corp",
  "quarters": [
    {
      "date": "2020-12-31T00:00:00",
      "quarter_label": "2020-12 (Q4)",
      "revenue": 6985000,
      "gross_profit": 2071000,
      "operating_income": -441000,
      "net_income": 827000,
      "opex": 2512000,
      "cogs": 4914000,
      "rd": 211000,
      "sga": null,
      "fcf": -222000,
      "ocf": -222000,
      "capex": null,
      "gross_margin": 0.2964924838940587,
      "op_margin": -0.06313528990694345,
      "fcf_margin": -0.031782390837508945
    },
    {
      "date": "2021-03-31T00:00:00",
      "quarter_label": "2021-03 (Q1)",
      "revenue": 9438000,
      "gross_profit": 2771000,
      "operating_income": -25000,
      "net_income": -200000,
      "opex": 2795000,
      "cogs": 6668000,
      "rd": 120000,
      "sga": null,
      "fcf": 1481000,
      "ocf": 1481000,
      "capex": null,
      "gross_margin": 0.29360033905488453,
      "op_margin": -0.0026488662852299214,
      "fcf_margin": 0.15691883873702056,
      "op_leverage_ratio": 3.1171976294482624,
      "fcf_margin_change": 0.1887012295745295
    },
    {
      "date": "2021-06-30T00:00:00",
      "quarter_label": "2021-06 (Q2)",
      "revenue": 8964000,
      "gross_profit": 3672000,
      "operating_income": 619000,
      "net_income": 520000,
      "opex": 3053000,
      "cogs": 5292000,
      "rd": 156000,
      "sga": null,
      "fcf": -1858000,
      "ocf": -1858000,
      "capex": null,
      "gross_margin": 0.40963855421686746,
      "op_margin": 0.06905399375278894,
      "fcf_margin": -0.2072735385988398,
      "fcf_margin_change": -0.36419237733586035
    },
    {
      "date": "2021-09-30T00:00:00",
      "quarter_label": "2021-09 (Q3)",
      "revenue": 9419000,
      "gross_profit": 3762000,
      "operating_income": 1082000,
      "net_income": 970000,
      "opex": 2680000,
      "cogs": 5657000,
      "rd": 127000,
      "sga": null,
      "fcf": 2284000,
      "ocf": 2284000,
      "capex": null,
      "gross_margin": 0.39940545705488906,
      "op_margin": 0.1148741904660792,
      "fcf_margin": 0.24248858689882152,
      "op_leverage_ratio": Infinity,
      "fcf_margin_change": 0.4497621254976613
    },
    {
      "date": "2021-12-31T00:00:00",
      "quarter_label": "2021-12 (Q4)",
      "revenue": 9459000,
      "gross_profit": 3238000,
      "operating_income": 508000,
      "net_income": 386000,
      "opex": 2730000,
      "cogs": 6221000,
      "rd": 200000,
      "sga": null,
      "fcf": 918000,
      "ocf": 918000,
      "capex": null,
      "gross_margin": 0.3423194840892272,
      "op_margin": 0.053705465694047994,
      "fcf_margin": 0.09705042816365367,
      "incr_op_margin_yoy": 0.383589329021827,
      "rev_growth_yoy": 0.3541875447387258,
      "fcf_margin_change": -0.14543815873516786
    },
    {
      "date": "2022-03-31T00:00:00",
      "quarter_label": "2022-03 (Q1)",
      "revenue": 8126000,
      "gross_profit": 2894000,
      "operating_income": 364000,
      "net_income": 277000,
      "opex": 2530000,
      "cogs": 5232000,
      "rd": 229000,
      "sga": null,
      "fcf": 1035000,
      "ocf": 1035000,
      "capex": null,
      "gross_margin": 0.3561407826729018,
      "op_margin": 0.04479448683238986,
      "fcf_margin": 0.12736893920748216,
      "incr_op_margin_yoy": -0.2964939024390244,
      "rev_growth_yoy": -0.13901250264886628,
      "rev_growth_yoy_accel": -0.4932000473875921,
      "fcf_margin_change": 0.03031851104382849
    },
    {
      "date": "2022-06-30T00:00:00",
      "quarter_label": "2022-06 (Q2)",
      "revenue": 6716000,
      "gross_profit": 2318000,
      "operating_income": -425000,
      "net_income": -472000,
      "opex": 2743000,
      "cogs": 4398000,
      "rd": 246000,
      "sga": null,
      "fcf": -1299000,
      "ocf": -1299000,
      "capex": null,
      "gross_margin": 0.34514592019058965,
      "op_margin": -0.0632817153067302,
      "fcf_margin": -0.19341870160810007,
      "incr_op_margin_yoy": 0.46441281138790036,
      "rev_growth_yoy": -0.250780901383311,
      "rev_growth_yoy_accel": -0.11176839873444472,
      "fcf_margin_change": -0.3207876408155822
    },
    {
      "date": "2022-09-30T00:00:00",
      "quarter_label": "2022-09 (Q3)",
      "revenue": 5179000,
      "gross_profit": 1790000,
      "operating_income": -837000,
      "net_income": -940000,
      "opex": 2627000,
      "cogs": 3389000,
      "rd": 206000,
      "sga": null,
      "fcf": -1161000,
      "ocf": -1161000,
      "capex": null,
      "gross_margin": 0.34562656883568255,
      "op_margin": -0.16161421123769068,
      "fcf_margin": -0.22417455107163545,
      "incr_op_margin_yoy": 0.4525943396226415,
      "rev_growth_yoy": -0.45015394415543053,
      "rev_growth_yoy_accel": -0.19937304277211954,
      "fcf_margin_change": -0.03075584946353538
    },
    {
      "date": "2022-12-31T00:00:00",
      "quarter_label": "2022-12 (Q4)",
      "revenue": 5891000,
      "gross_profit": 1764000,
      "operating_income": -404000,
      "net_income": -598000,
      "opex": 2168000,
      "cogs": 4127000,
      "rd": 106000,
      "sga": null,
      "fcf": -223000,
      "ocf": -223000,
      "capex": null,
      "gross_margin": 0.29943982345951453,
      "op_margin": -0.06857918859276863,
      "fcf_margin": -0.037854354099473776,
      "incr_op_margin_yoy": 0.2556053811659193,
      "rev_growth_yoy": -0.3772068929062269,
      "rev_growth_yoy_accel": 0.07294705124920364,
      "op_leverage_ratio": Infinity,
      "fcf_margin_change": 0.18632019697216168
    },
    {
      "date": "2023-03-31T00:00:00",
      "quarter_label": "2023-03 (Q1)",
      "revenue": 5392000,
      "gross_profit": 1387000,
      "operating_income": -1254000,
      "net_income": -1430000,
      "opex": 2641000,
      "cogs": 4005000,
      "rd": 214000,
      "sga": null,
      "fcf": 583000,
      "ocf": 583000,
      "capex": null,
      "gross_margin": 0.25723293768545996,
      "op_margin": -0.232566765578635,
      "fcf_margin": 0.10812314540059347,
      "incr_op_margin_yoy": 0.5918068763716167,
      "rev_growth_yoy": -0.3364508983509722,
      "rev_growth_yoy_accel": 0.04075599455525469,
      "fcf_margin_change": 0.14597749950006725
    },
    {
      "date": "2023-06-30T00:00:00",
      "quarter_label": "2023-06 (Q2)",
      "revenue": 5146000,
      "gross_profit": 1532000,
      "operating_income": -1209000,
      "net_income": -1369000,
      "opex": 2741000,
      "cogs": 3614000,
      "rd": 191000,
      "sga": null,
      "fcf": -596000,
      "ocf": -596000,
      "capex": null,
      "gross_margin": 0.29770695685969684,
      "op_margin": -0.23493975903614459,
      "fcf_margin": -0.11581811115429459,
      "incr_op_margin_yoy": 0.49936305732484076,
      "rev_growth_yoy": -0.2337701012507445,
      "rev_growth_yoy_accel": 0.1026807971002277,
      "fcf_margin_change": -0.22394125655488806
    },
    {
      "date": "2023-09-30T00:00:00",
      "quarter_label": "2023-09 (Q3)",
      "revenue": 6373000,
      "gross_profit": 2088000,
      "operating_income": -632000,
      "net_income": -797000,
      "opex": 2720000,
      "cogs": 4285000,
      "rd": 175000,
      "sga": null,
      "fcf": 834000,
      "ocf": 834000,
      "capex": null,
      "gross_margin": 0.32763219833673307,
      "op_margin": -0.09916836654636749,
      "fcf_margin": 0.13086458496783304,
      "incr_op_margin_yoy": 0.17169179229480738,
      "rev_growth_yoy": 0.2305464375362039,
      "rev_growth_yoy_accel": 0.4643165387869484,
      "op_leverage_ratio": Infinity,
      "fcf_margin_change": 0.24668269612212762
    },
    {
      "date": "2023-12-31T00:00:00",
      "quarter_label": "2023-12 (Q4)",
      "revenue": 5582000,
      "gross_profit": 1649000,
      "operating_income": -848000,
      "net_income": -1020000,
      "opex": 2497000,
      "cogs": 3933000,
      "rd": 163000,
      "sga": null,
      "fcf": -1000000,
      "ocf": -1000000,
      "capex": null,
      "gross_margin": 0.29541383016839845,
      "op_margin": -0.15191687567180223,
      "fcf_margin": -0.17914725904693657,
      "rev_growth_yoy": -0.052452894245459174,
      "rev_growth_yoy_accel": -0.2829993317816631,
      "fcf_margin_change": -0.3100118440147696
    },
    {
      "date": "2024-03-31T00:00:00",
      "quarter_label": "2024-03 (Q1)",
      "revenue": 5970000,
      "gross_profit": 675000,
      "operating_income": -1903000,
      "net_income": -2081000,
      "opex": 2578000,
      "cogs": 5295000,
      "rd": 159000,
      "sga": null,
      "fcf": 307000,
      "ocf": 307000,
      "capex": null,
      "gross_margin": 0.11306532663316583,
      "op_margin": -0.3187604690117253,
      "fcf_margin": 0.051423785594639865,
      "rev_growth_yoy": 0.10719584569732937,
      "rev_growth_yoy_accel": 0.15964873994278855,
      "op_leverage_ratio": 2.142769306987628,
      "fcf_margin_change": 0.23057104464157643
    },
    {
      "date": "2024-06-30T00:00:00",
      "quarter_label": "2024-06 (Q2)",
      "revenue": 5898000,
      "gross_profit": 1476000,
      "operating_income": -1041000,
      "net_income": -1202000,
      "opex": 2517000,
      "cogs": 4422000,
      "rd": 84000,
      "sga": null,
      "fcf": 243000,
      "ocf": 243000,
      "capex": null,
      "gross_margin": 0.25025432349949134,
      "op_margin": -0.17650050864699898,
      "fcf_margin": 0.041200406917599186,
      "rev_growth_yoy": 0.14613291877186163,
      "rev_growth_yoy_accel": 0.03893707307453226,
      "fcf_margin_change": -0.010223378677040679
    },
    {
      "date": "2024-09-30T00:00:00",
      "quarter_label": "2024-09 (Q3)",
      "revenue": 5845000,
      "gross_profit": 1479000,
      "operating_income": -975000,
      "net_income": -1150000,
      "opex": 2454000,
      "cogs": 4366000,
      "rd": 137000,
      "sga": null,
      "fcf": -444000,
      "ocf": -444000,
      "capex": null,
      "gross_margin": 0.25303678357570575,
      "op_margin": -0.16680923866552608,
      "fcf_margin": -0.07596236099230111,
      "rev_growth_yoy": -0.08284952141848423,
      "rev_growth_yoy_accel": -0.22898244019034586,
      "fcf_margin_change": -0.1171627679099003
    },
    {
      "date": "2024-12-31T00:00:00",
      "quarter_label": "2024-12 (Q4)",
      "revenue": 6172000,
      "gross_profit": 2179000,
      "operating_income": -50000,
      "net_income": -224000,
      "opex": 2229000,
      "cogs": 3993000,
      "rd": 127000,
      "sga": null,
      "fcf": -935000,
      "ocf": -935000,
      "capex": null,
      "gross_margin": 0.3530460142579391,
      "op_margin": -0.008101101749837978,
      "fcf_margin": -0.15149060272197018,
      "rev_growth_yoy": 0.10569688283769259,
      "rev_growth_yoy_accel": 0.1885464042561768,
      "op_leverage_ratio": Infinity,
      "fcf_margin_change": -0.07552824172966907
    },
    {
      "date": "2025-03-31T00:00:00",
      "quarter_label": "2025-03 (Q1)",
      "revenue": 6300000,
      "gross_profit": 1742000,
      "operating_income": -442000,
      "net_income": -627000,
      "opex": 2184000,
      "cogs": 4558000,
      "rd": 101000,
      "sga": null,
      "fcf": -57000,
      "ocf": -57000,
      "capex": null,
      "gross_margin": 0.2765079365079365,
      "op_margin": -0.07015873015873016,
      "fcf_margin": -0.009047619047619047,
      "rev_growth_yoy": 0.05527638190954774,
      "rev_growth_yoy_accel": -0.050420500928144846,
      "op_leverage_ratio": Infinity,
      "fcf_margin_change": 0.14244298367435113
    },
    {
      "date": "2025-06-30T00:00:00",
      "quarter_label": "2025-06 (Q2)",
      "revenue": 5820000,
      "gross_profit": 1773000,
      "operating_income": -753000,
      "net_income": -926000,
      "opex": 2526000,
      "cogs": 4047000,
      "rd": 74000,
      "sga": null,
      "fcf": -328000,
      "ocf": -328000,
      "capex": null,
      "gross_margin": 0.30463917525773193,
      "op_margin": -0.12938144329896908,
      "fcf_margin": -0.056357388316151204,
      "rev_growth_yoy": -0.013224821973550356,
      "rev_growth_yoy_accel": -0.0685012038830981,
      "fcf_margin_change": -0.047309769268532156
    },
    {
      "date": "2025-09-30T00:00:00",
      "quarter_label": "2025-09 (Q3)",
      "revenue": 6976000,
      "gross_profit": 2393000,
      "operating_income": 190000,
      "net_income": 1000,
      "opex": 2203000,
      "cogs": 4583000,
      "rd": 78000,
      "sga": null,
      "fcf": 108000,
      "ocf": 108000,
      "capex": null,
      "gross_margin": 0.34303325688073394,
      "op_margin": 0.02723623853211009,
      "fcf_margin": 0.01548165137614679,
      "incr_op_margin_yoy": 1.0300618921308577,
      "rev_growth_yoy": 0.19349871685201026,
      "rev_growth_yoy_accel": 0.2067235388255606,
      "op_leverage_ratio": Infinity,
      "fcf_margin_change": 0.07183903969229799
    }
  ],
  "signals": [
    {
      "quarter": "2025-09 (Q3)",
      "signal": "FCF TURNED POSITIVE",
      "detail": "FCF margin: -5.6% -> +1.5%",
      "severity": "HIGH"
    },
    {
      "quarter": "2025-09 (Q3)",
      "signal": "YoY REVENUE GROWTH ACCELERATION",
      "detail": "YoY growth: +19.3% vs prior quarter YoY: -1.3% (accel: +20.7%)",
      "severity": "HIGH"
    },
    {
      "quarter": "2025-09 (Q3)",
      "signal": "OP MARGIN TURNED POSITIVE (YoY)",
      "detail": "Op margin: -16.7% (year-ago) -> +2.7%",
      "severity": "HIGH"
    },
    {
      "quarter": "2025-09 (Q3)",
      "signal": "OP MARGIN TURNED POSITIVE (QoQ)",
      "detail": "Op margin: -12.9% -> +2.7%",
      "severity": "HIGH"
    },
    {
      "quarter": "2025-06 (Q2)",
      "signal": "GROSS MARGIN INFLECTION",
      "detail": "GM: +35.3% -> +27.7% -> +30.5% (reversal +2.8%)",
      "severity": "MEDIUM"
    },
    {
      "quarter": "2025-06 (Q2)",
      "signal": "YoY REVENUE GROWTH DECELERATION",
      "detail": "YoY growth: -1.3% vs prior quarter YoY: +5.5% (decel: -6.9%)",
      "severity": "WARNING"
    },
    {
      "quarter": "2025-03 (Q1)",
      "signal": "FCF MARGIN EXPANSION",
      "detail": "FCF margin: -15.1% -> -0.9% (+14.2%)",
      "severity": "MEDIUM"
    },
    {
      "quarter": "2025-03 (Q1)",
      "signal": "YoY REVENUE GROWTH DECELERATION",
      "detail": "YoY growth: +5.5% vs prior quarter YoY: +10.6% (decel: -5.0%)",
      "severity": "WARNING"
    },
    {
      "quarter": "2024-12 (Q4)",
      "signal": "YoY REVENUE GROWTH ACCELERATION",
      "detail": "YoY growth: +10.6% vs prior quarter YoY: -8.3% (accel: +18.9%)",
      "severity": "HIGH"
    },
    {
      "quarter": "2024-09 (Q3)",
      "signal": "YoY REVENUE GROWTH DECELERATION",
      "detail": "YoY growth: -8.3% vs prior quarter YoY: +14.6% (decel: -22.9%)",
      "severity": "WARNING"
    },
    {
      "quarter": "2024-06 (Q2)",
      "signal": "GROSS MARGIN INFLECTION",
      "detail": "GM: +29.5% -> +11.3% -> +25.0% (reversal +13.7%)",
      "severity": "HIGH"
    },
    {
      "quarter": "2024-03 (Q1)",
      "signal": "FCF TURNED POSITIVE",
      "detail": "FCF margin: -17.9% -> +5.1%",
      "severity": "HIGH"
    },
    {
      "quarter": "2024-03 (Q1)",
      "signal": "OPERATING LEVERAGE",
      "detail": "Rev growth +7.0% vs OpEx growth +3.2% (leverage: 2.1x)",
      "severity": "MEDIUM"
    },
    {
      "quarter": "2024-03 (Q1)",
      "signal": "YoY REVENUE GROWTH ACCELERATION",
      "detail": "YoY growth: +10.7% vs prior quarter YoY: -5.2% (accel: +16.0%)",
      "severity": "HIGH"
    },
    {
      "quarter": "2023-12 (Q4)",
      "signal": "YoY REVENUE GROWTH DECELERATION",
      "detail": "YoY growth: -5.2% vs prior quarter YoY: +23.1% (decel: -28.3%)",
      "severity": "WARNING"
    },
    {
      "quarter": "2023-09 (Q3)",
      "signal": "FCF TURNED POSITIVE",
      "detail": "FCF margin: -11.6% -> +13.1%",
      "severity": "HIGH"
    },
    {
      "quarter": "2023-09 (Q3)",
      "signal": "YoY REVENUE GROWTH ACCELERATION",
      "detail": "YoY growth: +23.1% vs prior quarter YoY: -23.4% (accel: +46.4%)",
      "severity": "HIGH"
    },
    {
      "quarter": "2023-06 (Q2)",
      "signal": "GROSS MARGIN INFLECTION",
      "detail": "GM: +29.9% -> +25.7% -> +29.8% (reversal +4.0%)",
      "severity": "MEDIUM"
    },
    {
      "quarter": "2023-06 (Q2)",
      "signal": "YoY REVENUE GROWTH ACCELERATION",
      "detail": "YoY growth: -23.4% vs prior quarter YoY: -33.6% (accel: +10.3%)",
      "severity": "MEDIUM"
    },
    {
      "quarter": "2023-03 (Q1)",
      "signal": "FCF TURNED POSITIVE",
      "detail": "FCF margin: -3.8% -> +10.8%",
      "severity": "HIGH"
    },
    {
      "quarter": "2022-12 (Q4)",
      "signal": "FCF MARGIN EXPANSION",
      "detail": "FCF margin: -22.4% -> -3.8% (+18.6%)",
      "severity": "MEDIUM"
    },
    {
      "quarter": "2022-12 (Q4)",
      "signal": "YoY REVENUE GROWTH ACCELERATION",
      "detail": "YoY growth: -37.7% vs prior quarter YoY: -45.0% (accel: +7.3%)",
      "severity": "MEDIUM"
    },
    {
      "quarter": "2022-09 (Q3)",
      "signal": "YoY REVENUE GROWTH DECELERATION",
      "detail": "YoY growth: -45.0% vs prior quarter YoY: -25.1% (decel: -19.9%)",
      "severity": "WARNING"
    },
    {
      "quarter": "2022-06 (Q2)",
      "signal": "YoY REVENUE GROWTH DECELERATION",
      "detail": "YoY growth: -25.1% vs prior quarter YoY: -13.9% (decel: -11.2%)",
      "severity": "WARNING"
    },
    {
      "quarter": "2022-03 (Q1)",
      "signal": "YoY REVENUE GROWTH DECELERATION",
      "detail": "YoY growth: -13.9% vs prior quarter YoY: +35.4% (decel: -49.3%)",
      "severity": "WARNING"
    },
    {
      "quarter": "2022-03 (Q1)",
      "signal": "OP MARGIN TURNED POSITIVE (YoY)",
      "detail": "Op margin: -0.3% (year-ago) -> +4.5%",
      "severity": "HIGH"
    },
    {
      "quarter": "2021-12 (Q4)",
      "signal": "OP MARGIN TURNED POSITIVE (YoY)",
      "detail": "Op margin: -6.3% (year-ago) -> +5.4%",
      "severity": "HIGH"
    },
    {
      "quarter": "2021-09 (Q3)",
      "signal": "FCF TURNED POSITIVE",
      "detail": "FCF margin: -20.7% -> +24.2%",
      "severity": "HIGH"
    },
    {
      "quarter": "2021-06 (Q2)",
      "signal": "GROSS MARGIN INFLECTION",
      "detail": "GM: +29.6% -> +29.4% -> +41.0% (reversal +11.6%)",
      "severity": "HIGH"
    },
    {
      "quarter": "2021-06 (Q2)",
      "signal": "OP MARGIN TURNED POSITIVE (QoQ)",
      "detail": "Op margin: -0.3% -> +6.9%",
      "severity": "HIGH"
    },
    {
      "quarter": "2021-03 (Q1)",
      "signal": "FCF TURNED POSITIVE",
      "detail": "FCF margin: -3.2% -> +15.7%",
      "severity": "HIGH"
    },
    {
      "quarter": "2021-03 (Q1)",
      "signal": "OPERATING LEVERAGE",
      "detail": "Rev growth +35.1% vs OpEx growth +11.3% (leverage: 3.1x)",
      "severity": "MEDIUM"
    }
  ],
  "data_quality": {
    "n_quarters": 20,
    "coverage": {
      "revenue": [
        20,
        20
      ],
      "gross_profit": [
        20,
        20
      ],
      "op_income": [
        20,
        20
      ],
      "fcf": [
        20,
        20
      ]
    },
    "gaps": [],
    "warnings": []
  },
  "market_cap": null,
  "source": "SEC EDGAR",
  "last_updated": "2026-02-03T00:25:39.218600",
  "sector": "Consumer Defensive",
  "industry": "Packaged Foods"
}