{
  "ticker": "CYRX",
  "name": "CRYOPORT,\u00a0INC.",
  "quarters": [
    {
      "date": "2020-12-31T00:00:00",
      "quarter_label": "2020-12 (Q4)",
      "revenue": 48361000,
      "gross_profit": 19894000,
      "operating_income": -9847000,
      "net_income": -11529540,
      "opex": 29739678,
      "cogs": 28467048,
      "rd": 3493113,
      "sga": 26247000,
      "fcf": -13511000,
      "ocf": -9712000,
      "capex": -3799000,
      "gross_margin": 0.41136452926945266,
      "op_margin": -0.20361448274436011,
      "fcf_margin": -0.2793780112073778
    },
    {
      "date": "2021-03-31T00:00:00",
      "quarter_label": "2021-03 (Q1)",
      "revenue": 53284000,
      "gross_profit": 24550000,
      "operating_income": -1142000,
      "net_income": -3527000,
      "opex": 25692000,
      "cogs": 28734000,
      "rd": 4304000,
      "sga": 21388000,
      "fcf": -8802000,
      "ocf": -5991000,
      "capex": -2811000,
      "gross_margin": 0.4607386832820359,
      "op_margin": -0.021432324900532995,
      "fcf_margin": -0.1651903010284513,
      "op_leverage_ratio": Infinity,
      "fcf_margin_change": 0.11418771017892651
    },
    {
      "date": "2021-06-30T00:00:00",
      "quarter_label": "2021-06 (Q2)",
      "revenue": 56191000,
      "gross_profit": 25402000,
      "operating_income": -3748000,
      "net_income": -5389000,
      "opex": 29150000,
      "cogs": 30789000,
      "rd": 4462000,
      "sga": 24688000,
      "fcf": -1267000,
      "ocf": 2627000,
      "capex": -3894000,
      "gross_margin": 0.45206527735758395,
      "op_margin": -0.06670107312558951,
      "fcf_margin": -0.02254809489064085,
      "op_leverage_ratio": 0.40534156182380787,
      "fcf_margin_change": 0.14264220613781045
    },
    {
      "date": "2021-09-30T00:00:00",
      "quarter_label": "2021-09 (Q3)",
      "revenue": 56693000,
      "gross_profit": 23513000,
      "operating_income": -4576000,
      "net_income": -6526000,
      "opex": 28089000,
      "cogs": 33180000,
      "rd": 4188000,
      "sga": 23901000,
      "fcf": 25000,
      "ocf": 8876000,
      "capex": -8851000,
      "gross_margin": 0.4147425608099765,
      "op_margin": -0.08071543224031186,
      "fcf_margin": 0.00044097154851568975,
      "fcf_margin_change": 0.02298906643915654
    },
    {
      "date": "2021-12-31T00:00:00",
      "quarter_label": "2021-12 (Q4)",
      "revenue": 56440000,
      "gross_profit": 23113000,
      "operating_income": -8362000,
      "net_income": -260086000,
      "opex": 31476000,
      "cogs": 33327000,
      "rd": 3890000,
      "sga": 27586000,
      "fcf": -5712000,
      "ocf": 2614000,
      "capex": -8326000,
      "gross_margin": 0.4095145287030475,
      "op_margin": -0.14815733522324592,
      "fcf_margin": -0.10120481927710843,
      "incr_op_margin_yoy": 0.1838098774600817,
      "rev_growth_yoy": 0.16705609892268564,
      "fcf_margin_change": -0.10164579082562412
    },
    {
      "date": "2022-03-31T00:00:00",
      "quarter_label": "2022-03 (Q1)",
      "revenue": 52302000,
      "gross_profit": 22341000,
      "operating_income": -7819000,
      "net_income": -13404000,
      "opex": 30160000,
      "cogs": 29961000,
      "rd": 3538000,
      "sga": 26622000,
      "fcf": -3721000,
      "ocf": 524000,
      "capex": -4245000,
      "gross_margin": 0.4271538373293564,
      "op_margin": -0.14949715116056747,
      "fcf_margin": -0.07114450690222171,
      "rev_growth_yoy": -0.018429547331281434,
      "rev_growth_yoy_accel": -0.18548564625396707,
      "fcf_margin_change": 0.030060312374886725
    },
    {
      "date": "2022-06-30T00:00:00",
      "quarter_label": "2022-06 (Q2)",
      "revenue": 64153000,
      "gross_profit": 28838000,
      "operating_income": -5247000,
      "net_income": -9177000,
      "opex": 34085000,
      "cogs": 35315000,
      "rd": 3522000,
      "sga": 30563000,
      "fcf": -11826000,
      "ocf": -7011000,
      "capex": -4815000,
      "gross_margin": 0.44951911835767616,
      "op_margin": -0.08178884853397347,
      "fcf_margin": -0.1843405608467258,
      "incr_op_margin_yoy": -0.18826927907560914,
      "rev_growth_yoy": 0.14169528928120162,
      "rev_growth_yoy_accel": 0.16012483661248306,
      "op_leverage_ratio": 1.7411186916163282,
      "fcf_margin_change": -0.11319605394450408
    },
    {
      "date": "2022-09-30T00:00:00",
      "quarter_label": "2022-09 (Q3)",
      "revenue": 60464000,
      "gross_profit": 26417000,
      "operating_income": -7803000,
      "net_income": -5316000,
      "opex": 34220000,
      "cogs": 34047000,
      "rd": 3985000,
      "sga": 30235000,
      "fcf": -4208000,
      "ocf": 982000,
      "capex": -5190000,
      "gross_margin": 0.43690460439269646,
      "op_margin": -0.12905199788303784,
      "fcf_margin": -0.06959513098703361,
      "incr_op_margin_yoy": -0.8557411827101564,
      "rev_growth_yoy": 0.06651614837810664,
      "rev_growth_yoy_accel": -0.07517914090309498,
      "fcf_margin_change": 0.11474542985969217
    },
    {
      "date": "2022-12-31T00:00:00",
      "quarter_label": "2022-12 (Q4)",
      "revenue": 60358000,
      "gross_profit": 26277000,
      "operating_income": -11035000,
      "net_income": -9436000,
      "opex": 37312000,
      "cogs": 34081000,
      "rd": 4677000,
      "sga": 32635000,
      "fcf": -4203000,
      "ocf": 3654000,
      "capex": -7857000,
      "gross_margin": 0.43535239736240433,
      "op_margin": -0.18282580602405646,
      "fcf_margin": -0.06963451406607243,
      "incr_op_margin_yoy": -0.6822358346094947,
      "rev_growth_yoy": 0.06941885187810064,
      "rev_growth_yoy_accel": 0.002902703499993997,
      "fcf_margin_change": -3.93830790388211e-05
    },
    {
      "date": "2023-03-31T00:00:00",
      "quarter_label": "2023-03 (Q1)",
      "revenue": 62817000,
      "gross_profit": 27072000,
      "operating_income": -10045000,
      "net_income": -5574000,
      "opex": 37117000,
      "cogs": 35745000,
      "rd": 3876000,
      "sga": 33241000,
      "fcf": -6795000,
      "ocf": 2774000,
      "capex": -9569000,
      "gross_margin": 0.4309661397392426,
      "op_margin": -0.15990894184695226,
      "fcf_margin": -0.10817135488800803,
      "incr_op_margin_yoy": -0.21169757489301,
      "rev_growth_yoy": 0.20104393713433522,
      "rev_growth_yoy_accel": 0.13162508525623456,
      "op_leverage_ratio": Infinity,
      "fcf_margin_change": -0.03853684082193559
    },
    {
      "date": "2023-06-30T00:00:00",
      "quarter_label": "2023-06 (Q2)",
      "revenue": 57021000,
      "gross_profit": 24733000,
      "operating_income": -18332000,
      "net_income": -18355000,
      "opex": 43065000,
      "cogs": 32288000,
      "rd": 4263000,
      "sga": 38802000,
      "fcf": -12728000,
      "ocf": -4054000,
      "capex": -8674000,
      "gross_margin": 0.43375247715753845,
      "op_margin": -0.3214955893442767,
      "fcf_margin": -0.2232160081373529,
      "incr_op_margin_yoy": 1.8346887268648346,
      "rev_growth_yoy": -0.11117173008277087,
      "rev_growth_yoy_accel": -0.3122156672171061,
      "fcf_margin_change": -0.11504465324934487
    },
    {
      "date": "2023-09-30T00:00:00",
      "quarter_label": "2023-09 (Q3)",
      "revenue": 56157000,
      "gross_profit": 24266000,
      "operating_income": -16909000,
      "net_income": -13269000,
      "opex": 41175000,
      "cogs": 31891000,
      "rd": 5152000,
      "sga": 36023000,
      "fcf": -10928000,
      "ocf": -1959000,
      "capex": -8969000,
      "gross_margin": 0.4321099773848318,
      "op_margin": -0.3011022668589846,
      "fcf_margin": -0.19459728974126111,
      "incr_op_margin_yoy": 2.114232644532157,
      "rev_growth_yoy": -0.07123246890711829,
      "rev_growth_yoy_accel": 0.03993926117565258,
      "fcf_margin_change": 0.028618718396091786
    },
    {
      "date": "2023-12-31T00:00:00",
      "quarter_label": "2023-12 (Q4)",
      "revenue": 57260000,
      "gross_profit": 23261000,
      "operating_income": -69871000,
      "net_income": -62389000,
      "opex": 93132000,
      "cogs": 33999000,
      "rd": 4749000,
      "sga": 38814000,
      "fcf": -9091000,
      "ocf": 2482000,
      "capex": -11573000,
      "gross_margin": 0.4062347188264059,
      "op_margin": -1.2202410059378275,
      "fcf_margin": -0.15876702759343347,
      "incr_op_margin_yoy": 18.99160748870239,
      "rev_growth_yoy": -0.05132708174558468,
      "rev_growth_yoy_accel": 0.01990538716153361,
      "op_leverage_ratio": 0.015565431133455156,
      "fcf_margin_change": 0.03583026214782764
    },
    {
      "date": "2024-03-31T00:00:00",
      "quarter_label": "2024-03 (Q1)",
      "revenue": 54592000,
      "gross_profit": 21775000,
      "operating_income": -21281000,
      "net_income": -18895000,
      "opex": 43056000,
      "cogs": 32817000,
      "rd": 4752000,
      "sga": 38304000,
      "fcf": -7271000,
      "ocf": -3265000,
      "capex": -4006000,
      "gross_margin": 0.39886796600234464,
      "op_margin": -0.38981902110199296,
      "fcf_margin": -0.13318801289566237,
      "incr_op_margin_yoy": 1.3660790273556231,
      "rev_growth_yoy": -0.1309358931499435,
      "rev_growth_yoy_accel": -0.07960881140435883,
      "fcf_margin_change": 0.025579014697771102
    },
    {
      "date": "2024-06-30T00:00:00",
      "quarter_label": "2024-06 (Q2)",
      "revenue": 57597000,
      "gross_profit": 25190000,
      "operating_income": -79228000,
      "net_income": -77989000,
      "opex": 104418000,
      "cogs": 32407000,
      "rd": 4646000,
      "sga": 35963000,
      "fcf": -11815000,
      "ocf": -8025000,
      "capex": -3790000,
      "gross_margin": 0.4373491674913624,
      "op_margin": -1.3755577547441706,
      "fcf_margin": -0.2051322117471396,
      "rev_growth_yoy": 0.010101541537328352,
      "rev_growth_yoy_accel": 0.14103743468727184,
      "op_leverage_ratio": 0.0386233238200928,
      "fcf_margin_change": -0.07194419885147724
    },
    {
      "date": "2024-09-30T00:00:00",
      "quarter_label": "2024-09 (Q3)",
      "revenue": 56664000,
      "gross_profit": 25385000,
      "operating_income": -16426000,
      "net_income": 805000,
      "opex": 41811000,
      "cogs": 31279000,
      "rd": 4157000,
      "sga": 37654000,
      "fcf": -3792000,
      "ocf": 447000,
      "capex": -4239000,
      "gross_margin": 0.44799167019624453,
      "op_margin": -0.2898842298461104,
      "fcf_margin": -0.06692079627276577,
      "rev_growth_yoy": 0.009028260056626956,
      "rev_growth_yoy_accel": -0.001073281480701396,
      "fcf_margin_change": 0.13821141547437382
    },
    {
      "date": "2024-12-31T00:00:00",
      "quarter_label": "2024-12 (Q4)",
      "revenue": 59532000,
      "gross_profit": 27281000,
      "operating_income": -13931000,
      "net_income": -18677000,
      "opex": 41212000,
      "cogs": 32251000,
      "rd": 4155000,
      "sga": 37057000,
      "fcf": -10699000,
      "ocf": -5480000,
      "capex": -5219000,
      "gross_margin": 0.45825774373446215,
      "op_margin": -0.23400860041658267,
      "fcf_margin": -0.1797184707384264,
      "incr_op_margin_yoy": 24.621478873239436,
      "rev_growth_yoy": 0.039678658749563396,
      "rev_growth_yoy_accel": 0.03065039869293644,
      "op_leverage_ratio": Infinity,
      "fcf_margin_change": -0.11279767446566062
    },
    {
      "date": "2025-03-31T00:00:00",
      "quarter_label": "2025-03 (Q1)",
      "revenue": 41040000,
      "gross_profit": 18641000,
      "operating_income": -9484000,
      "net_income": -11981000,
      "opex": 28125000,
      "cogs": 22399000,
      "rd": 3934000,
      "sga": 24191000,
      "fcf": -7510000,
      "ocf": -4342000,
      "capex": -3168000,
      "gross_margin": 0.45421539961013646,
      "op_margin": -0.2310916179337232,
      "fcf_margin": -0.18299220272904484,
      "incr_op_margin_yoy": -0.8704988193624558,
      "rev_growth_yoy": -0.24824150058616648,
      "rev_growth_yoy_accel": -0.2879201593357299,
      "fcf_margin_change": -0.0032737319906184503
    },
    {
      "date": "2025-06-30T00:00:00",
      "quarter_label": "2025-06 (Q2)",
      "revenue": 45454000,
      "gross_profit": 21377000,
      "operating_income": -9649000,
      "net_income": 105180000,
      "opex": 31026000,
      "cogs": 24077000,
      "rd": 4118000,
      "sga": 26908000,
      "fcf": -11696000,
      "ocf": -7345000,
      "capex": -4351000,
      "gross_margin": 0.4702996435957231,
      "op_margin": -0.2122805473665684,
      "fcf_margin": -0.2573150877810534,
      "incr_op_margin_yoy": -5.729967882730792,
      "rev_growth_yoy": -0.21082695279268018,
      "rev_growth_yoy_accel": 0.0374145477934863,
      "op_leverage_ratio": 1.0427249829157519,
      "fcf_margin_change": -0.07432288505200854
    },
    {
      "date": "2025-09-30T00:00:00",
      "quarter_label": "2025-09 (Q3)",
      "revenue": 44233000,
      "gross_profit": 21325000,
      "operating_income": -9932000,
      "net_income": -6943000,
      "opex": 31257000,
      "cogs": 22908000,
      "rd": 4523000,
      "sga": 26734000,
      "fcf": -1265000,
      "ocf": 2188000,
      "capex": -3453000,
      "gross_margin": 0.482106119865259,
      "op_margin": -0.22453824068003528,
      "fcf_margin": -0.028598557637962606,
      "incr_op_margin_yoy": -0.522403668248733,
      "rev_growth_yoy": -0.21938091204291968,
      "rev_growth_yoy_accel": -0.008553959250239496,
      "fcf_margin_change": 0.2287165301430908
    }
  ],
  "signals": [
    {
      "quarter": "2025-09 (Q3)",
      "signal": "FCF MARGIN EXPANSION",
      "detail": "FCF margin: -25.7% -> -2.9% (+22.9%)",
      "severity": "MEDIUM"
    },
    {
      "quarter": "2025-03 (Q1)",
      "signal": "YoY REVENUE GROWTH DECELERATION",
      "detail": "YoY growth: -24.8% vs prior quarter YoY: +4.0% (decel: -28.8%)",
      "severity": "WARNING"
    },
    {
      "quarter": "2024-09 (Q3)",
      "signal": "FCF MARGIN EXPANSION",
      "detail": "FCF margin: -20.5% -> -6.7% (+13.8%)",
      "severity": "MEDIUM"
    },
    {
      "quarter": "2024-06 (Q2)",
      "signal": "GROSS MARGIN INFLECTION",
      "detail": "GM: +40.6% -> +39.9% -> +43.7% (reversal +3.8%)",
      "severity": "MEDIUM"
    },
    {
      "quarter": "2024-06 (Q2)",
      "signal": "YoY REVENUE GROWTH ACCELERATION",
      "detail": "YoY growth: +1.0% vs prior quarter YoY: -13.1% (accel: +14.1%)",
      "severity": "MEDIUM"
    },
    {
      "quarter": "2024-03 (Q1)",
      "signal": "YoY REVENUE GROWTH DECELERATION",
      "detail": "YoY growth: -13.1% vs prior quarter YoY: -5.1% (decel: -8.0%)",
      "severity": "WARNING"
    },
    {
      "quarter": "2023-06 (Q2)",
      "signal": "YoY REVENUE GROWTH DECELERATION",
      "detail": "YoY growth: -11.1% vs prior quarter YoY: +20.1% (decel: -31.2%)",
      "severity": "WARNING"
    },
    {
      "quarter": "2023-03 (Q1)",
      "signal": "YoY REVENUE GROWTH ACCELERATION",
      "detail": "YoY growth: +20.1% vs prior quarter YoY: +6.9% (accel: +13.2%)",
      "severity": "MEDIUM"
    },
    {
      "quarter": "2022-09 (Q3)",
      "signal": "FCF MARGIN EXPANSION",
      "detail": "FCF margin: -18.4% -> -7.0% (+11.5%)",
      "severity": "MEDIUM"
    },
    {
      "quarter": "2022-09 (Q3)",
      "signal": "YoY REVENUE GROWTH DECELERATION",
      "detail": "YoY growth: +6.7% vs prior quarter YoY: +14.2% (decel: -7.5%)",
      "severity": "WARNING"
    },
    {
      "quarter": "2022-06 (Q2)",
      "signal": "OPERATING LEVERAGE",
      "detail": "Rev growth +22.7% vs OpEx growth +13.0% (leverage: 1.7x)",
      "severity": "MEDIUM"
    },
    {
      "quarter": "2022-06 (Q2)",
      "signal": "YoY REVENUE GROWTH ACCELERATION",
      "detail": "YoY growth: +14.2% vs prior quarter YoY: -1.8% (accel: +16.0%)",
      "severity": "HIGH"
    },
    {
      "quarter": "2022-03 (Q1)",
      "signal": "YoY REVENUE GROWTH DECELERATION",
      "detail": "YoY growth: -1.8% vs prior quarter YoY: +16.7% (decel: -18.5%)",
      "severity": "WARNING"
    },
    {
      "quarter": "2021-09 (Q3)",
      "signal": "FCF TURNED POSITIVE",
      "detail": "FCF margin: -2.3% -> +0.0%",
      "severity": "HIGH"
    },
    {
      "quarter": "2021-06 (Q2)",
      "signal": "FCF MARGIN EXPANSION",
      "detail": "FCF margin: -16.5% -> -2.3% (+14.3%)",
      "severity": "MEDIUM"
    },
    {
      "quarter": "2021-03 (Q1)",
      "signal": "FCF MARGIN EXPANSION",
      "detail": "FCF margin: -27.9% -> -16.5% (+11.4%)",
      "severity": "MEDIUM"
    }
  ],
  "data_quality": {
    "n_quarters": 20,
    "coverage": {
      "revenue": [
        20,
        20
      ],
      "gross_profit": [
        20,
        20
      ],
      "op_income": [
        20,
        20
      ],
      "fcf": [
        20,
        20
      ]
    },
    "gaps": [],
    "warnings": []
  },
  "market_cap": null,
  "source": "SEC EDGAR",
  "last_updated": "2026-02-02T22:24:15.729228",
  "sector": "Industrials",
  "industry": "Integrated Freight & Logistics"
}