{
  "ticker": "DAIO",
  "name": "DATA I/O CORPORATION",
  "quarters": [
    {
      "date": "2020-12-31T00:00:00",
      "quarter_label": "2020-12 (Q4)",
      "revenue": 4941000,
      "gross_profit": 2322000,
      "operating_income": -1491000,
      "net_income": -1646000,
      "opex": 3813000,
      "cogs": 2619000,
      "rd": 1594000,
      "sga": 1567000,
      "fcf": 767000,
      "ocf": 973000,
      "capex": -206000,
      "gross_margin": 0.46994535519125685,
      "op_margin": -0.3017607771706132,
      "fcf_margin": 0.15523173446670716
    },
    {
      "date": "2021-03-31T00:00:00",
      "quarter_label": "2021-03 (Q1)",
      "revenue": 6015000,
      "gross_profit": 3338000,
      "operating_income": -330000,
      "net_income": -333000,
      "opex": 3668000,
      "cogs": 2677000,
      "rd": 1606000,
      "sga": 2062000,
      "fcf": -68000,
      "ocf": 24000,
      "capex": -92000,
      "gross_margin": 0.5549459684123026,
      "op_margin": -0.05486284289276808,
      "fcf_margin": -0.011305070656691604,
      "op_leverage_ratio": Infinity,
      "fcf_margin_change": -0.16653680512339875
    },
    {
      "date": "2021-06-30T00:00:00",
      "quarter_label": "2021-06 (Q2)",
      "revenue": 6733000,
      "gross_profit": 3837000,
      "operating_income": 110000,
      "net_income": -29000,
      "opex": 3727000,
      "cogs": 2896000,
      "rd": 1673000,
      "sga": 2054000,
      "fcf": -323000,
      "ocf": -180000,
      "capex": -143000,
      "gross_margin": 0.5698796970147036,
      "op_margin": 0.016337442447645924,
      "fcf_margin": -0.04797267191445121,
      "op_leverage_ratio": 7.421063161305775,
      "fcf_margin_change": -0.036667601257759606
    },
    {
      "date": "2021-09-30T00:00:00",
      "quarter_label": "2021-09 (Q3)",
      "revenue": 6730000,
      "gross_profit": 4088000,
      "operating_income": 142000,
      "net_income": 12000,
      "opex": 3946000,
      "cogs": 2642000,
      "rd": 1730000,
      "sga": 2216000,
      "fcf": 1293000,
      "ocf": 1419000,
      "capex": -126000,
      "gross_margin": 0.6074294205052005,
      "op_margin": 0.02109955423476969,
      "fcf_margin": 0.19212481426448738,
      "fcf_margin_change": 0.24009748617893859
    },
    {
      "date": "2021-12-31T00:00:00",
      "quarter_label": "2021-12 (Q4)",
      "revenue": 6357000,
      "gross_profit": 3457000,
      "operating_income": -195000,
      "net_income": -205000,
      "opex": 3652000,
      "cogs": 2900000,
      "rd": 1626000,
      "sga": 2026000,
      "fcf": -115000,
      "ocf": 147000,
      "capex": -262000,
      "gross_margin": 0.543809973257826,
      "op_margin": -0.03067484662576687,
      "fcf_margin": -0.018090294163913796,
      "incr_op_margin_yoy": 0.9152542372881356,
      "rev_growth_yoy": 0.286581663630844,
      "fcf_margin_change": -0.2102151084284012
    },
    {
      "date": "2022-03-31T00:00:00",
      "quarter_label": "2022-03 (Q1)",
      "revenue": 4965000,
      "gross_profit": 2303000,
      "operating_income": -1361000,
      "net_income": -1820000,
      "opex": 3664000,
      "cogs": 2662000,
      "rd": 1616000,
      "sga": 2048000,
      "fcf": -1854000,
      "ocf": -1582000,
      "capex": -272000,
      "gross_margin": 0.4638469284994965,
      "op_margin": -0.2741188318227593,
      "fcf_margin": -0.37341389728096674,
      "incr_op_margin_yoy": 0.981904761904762,
      "rev_growth_yoy": -0.1745635910224439,
      "rev_growth_yoy_accel": -0.4611452546532879,
      "fcf_margin_change": -0.35532360311705297
    },
    {
      "date": "2022-06-30T00:00:00",
      "quarter_label": "2022-06 (Q2)",
      "revenue": 4769000,
      "gross_profit": 2758000,
      "operating_income": -727000,
      "net_income": -657000,
      "opex": 3485000,
      "cogs": 2011000,
      "rd": 1557000,
      "sga": 1928000,
      "fcf": -1546000,
      "ocf": -1170000,
      "capex": -376000,
      "gross_margin": 0.5783183057244705,
      "op_margin": -0.15244286013839378,
      "fcf_margin": -0.3241769763053051,
      "incr_op_margin_yoy": 0.42617107942973526,
      "rev_growth_yoy": -0.2916976087925145,
      "rev_growth_yoy_accel": -0.1171340177700706,
      "fcf_margin_change": 0.049236920975661624
    },
    {
      "date": "2022-09-30T00:00:00",
      "quarter_label": "2022-09 (Q3)",
      "revenue": 7212000,
      "gross_profit": 4111000,
      "operating_income": 712000,
      "net_income": 847000,
      "opex": 3399000,
      "cogs": 3101000,
      "rd": 1432000,
      "sga": 1967000,
      "fcf": 1066000,
      "ocf": 1212000,
      "capex": -146000,
      "gross_margin": 0.5700221852468109,
      "op_margin": 0.09872434830837493,
      "fcf_margin": 0.14780920687742652,
      "rev_growth_yoy": 0.07161961367013372,
      "rev_growth_yoy_accel": 0.3633172224626482,
      "op_leverage_ratio": Infinity,
      "fcf_margin_change": 0.47198618318273167
    },
    {
      "date": "2022-12-31T00:00:00",
      "quarter_label": "2022-12 (Q4)",
      "revenue": 7271000,
      "gross_profit": 4038000,
      "operating_income": 627000,
      "net_income": 510000,
      "opex": 3411000,
      "cogs": 3233000,
      "rd": 1478000,
      "sga": 1933000,
      "fcf": 202000,
      "ocf": 488000,
      "capex": -286000,
      "gross_margin": 0.5553568972631,
      "op_margin": 0.08623298033282904,
      "fcf_margin": 0.02778159812955577,
      "rev_growth_yoy": 0.14377851187667137,
      "rev_growth_yoy_accel": 0.07215889820653765,
      "fcf_margin_change": -0.12002760874787075
    },
    {
      "date": "2023-03-31T00:00:00",
      "quarter_label": "2023-03 (Q1)",
      "revenue": 7231000,
      "gross_profit": 4302000,
      "operating_income": 169000,
      "net_income": 95000,
      "opex": 4133000,
      "cogs": 2929000,
      "rd": 1625000,
      "sga": 2508000,
      "fcf": 280000,
      "ocf": 463000,
      "capex": -183000,
      "gross_margin": 0.5949384594108699,
      "op_margin": 0.023371594523579033,
      "fcf_margin": 0.03872216844143272,
      "incr_op_margin_yoy": 0.675198587819947,
      "rev_growth_yoy": 0.45639476334340384,
      "rev_growth_yoy_accel": 0.31261625146673244,
      "fcf_margin_change": 0.010940570311876948
    },
    {
      "date": "2023-06-30T00:00:00",
      "quarter_label": "2023-06 (Q2)",
      "revenue": 7398000,
      "gross_profit": 4373000,
      "operating_income": 164000,
      "net_income": 300000,
      "opex": 4209000,
      "cogs": 3025000,
      "rd": 1720000,
      "sga": 2489000,
      "fcf": 625000,
      "ocf": 757000,
      "capex": -132000,
      "gross_margin": 0.5911057042443904,
      "op_margin": 0.02216815355501487,
      "fcf_margin": 0.08448229251148959,
      "incr_op_margin_yoy": 0.3389121338912134,
      "rev_growth_yoy": 0.5512686097714405,
      "rev_growth_yoy_accel": 0.0948738464280367,
      "op_leverage_ratio": 1.255942979423389,
      "fcf_margin_change": 0.04576012407005687
    },
    {
      "date": "2023-09-30T00:00:00",
      "quarter_label": "2023-09 (Q3)",
      "revenue": 6561000,
      "gross_profit": 3520000,
      "operating_income": -63000,
      "net_income": -53000,
      "opex": 3583000,
      "cogs": 3041000,
      "rd": 1577000,
      "sga": 2006000,
      "fcf": 66000,
      "ocf": 241000,
      "capex": -175000,
      "gross_margin": 0.5365035817710715,
      "op_margin": -0.009602194787379973,
      "fcf_margin": 0.010059442158207591,
      "rev_growth_yoy": -0.09026622296173045,
      "rev_growth_yoy_accel": -0.641534832733171,
      "fcf_margin_change": -0.074422850353282
    },
    {
      "date": "2023-12-31T00:00:00",
      "quarter_label": "2023-12 (Q4)",
      "revenue": 6874000,
      "gross_profit": 3991000,
      "operating_income": 178000,
      "net_income": 144000,
      "opex": 3813000,
      "cogs": 2883000,
      "rd": 1602000,
      "sga": 2211000,
      "fcf": 262000,
      "ocf": 967000,
      "capex": -705000,
      "gross_margin": 0.5805935408786732,
      "op_margin": 0.02589467558917661,
      "fcf_margin": 0.03811463485597905,
      "rev_growth_yoy": -0.05460046761105763,
      "rev_growth_yoy_accel": 0.035665755350672824,
      "op_leverage_ratio": 0.7431787307078057,
      "fcf_margin_change": 0.028055192697771462
    },
    {
      "date": "2024-03-31T00:00:00",
      "quarter_label": "2024-03 (Q1)",
      "revenue": 6099000,
      "gross_profit": 3220000,
      "operating_income": -860000,
      "net_income": -807000,
      "opex": 4080000,
      "cogs": 2879000,
      "rd": 1582000,
      "sga": 2498000,
      "fcf": -180000,
      "ocf": -41000,
      "capex": -139000,
      "gross_margin": 0.5279554025250041,
      "op_margin": -0.14100672241351042,
      "fcf_margin": -0.029513034923757994,
      "incr_op_margin_yoy": 0.9090106007067138,
      "rev_growth_yoy": -0.1565481952703637,
      "rev_growth_yoy_accel": -0.10194772765930607,
      "fcf_margin_change": -0.06762766977973705
    },
    {
      "date": "2024-06-30T00:00:00",
      "quarter_label": "2024-06 (Q2)",
      "revenue": 5062000,
      "gross_profit": 2757000,
      "operating_income": -566000,
      "net_income": -797000,
      "opex": 3323000,
      "cogs": 2305000,
      "rd": 1413000,
      "sga": 1910000,
      "fcf": -268000,
      "ocf": -243000,
      "capex": -25000,
      "gross_margin": 0.5446463848281312,
      "op_margin": -0.11181351244567364,
      "fcf_margin": -0.05294350059265113,
      "incr_op_margin_yoy": 0.3125,
      "rev_growth_yoy": -0.3157610164909435,
      "rev_growth_yoy_accel": -0.1592128212205798,
      "fcf_margin_change": -0.023430465668893133
    },
    {
      "date": "2024-09-30T00:00:00",
      "quarter_label": "2024-09 (Q3)",
      "revenue": 5423000,
      "gross_profit": 2924000,
      "operating_income": -325000,
      "net_income": -307000,
      "opex": 3249000,
      "cogs": 2499000,
      "rd": 1544000,
      "sga": 1705000,
      "fcf": 724000,
      "ocf": 839000,
      "capex": -115000,
      "gross_margin": 0.5391849529780565,
      "op_margin": -0.0599299280840863,
      "fcf_margin": 0.13350543979347224,
      "incr_op_margin_yoy": 0.23022847100175747,
      "rev_growth_yoy": -0.173449169333943,
      "rev_growth_yoy_accel": 0.14231184715700052,
      "op_leverage_ratio": Infinity,
      "fcf_margin_change": 0.18644894038612336
    },
    {
      "date": "2024-12-31T00:00:00",
      "quarter_label": "2024-12 (Q4)",
      "revenue": 5185000,
      "gross_profit": 2706000,
      "operating_income": -1287000,
      "net_income": -1182000,
      "opex": 3993000,
      "cogs": 2479000,
      "rd": 1701000,
      "sga": 2292000,
      "fcf": -1738000,
      "ocf": -1550000,
      "capex": -188000,
      "gross_margin": 0.5218900675024108,
      "op_margin": -0.24821600771456123,
      "fcf_margin": -0.3351976856316297,
      "incr_op_margin_yoy": 0.8673771462403789,
      "rev_growth_yoy": -0.24570846668606341,
      "rev_growth_yoy_accel": -0.07225929735212042,
      "fcf_margin_change": -0.46870312542510195
    },
    {
      "date": "2025-03-31T00:00:00",
      "quarter_label": "2025-03 (Q1)",
      "revenue": 6176000,
      "gross_profit": 3188000,
      "operating_income": -377000,
      "net_income": -382000,
      "opex": 3565000,
      "cogs": 2988000,
      "rd": 1515000,
      "sga": 2050000,
      "fcf": 53000,
      "ocf": 109000,
      "capex": -56000,
      "gross_margin": 0.5161917098445595,
      "op_margin": -0.06104274611398964,
      "fcf_margin": 0.00858160621761658,
      "rev_growth_yoy": 0.012625020495163142,
      "rev_growth_yoy_accel": 0.25833348718122656,
      "op_leverage_ratio": Infinity,
      "fcf_margin_change": 0.34377929184924627
    },
    {
      "date": "2025-06-30T00:00:00",
      "quarter_label": "2025-06 (Q2)",
      "revenue": 5948000,
      "gross_profit": 2960000,
      "operating_income": -844000,
      "net_income": -742000,
      "opex": 3804000,
      "cogs": 2988000,
      "rd": 1662000,
      "sga": 2142000,
      "fcf": -633000,
      "ocf": -342000,
      "capex": -291000,
      "gross_margin": 0.4976462676529926,
      "op_margin": -0.14189643577673167,
      "fcf_margin": -0.10642232683254875,
      "rev_growth_yoy": 0.17502963255630186,
      "rev_growth_yoy_accel": 0.1624046120611387,
      "fcf_margin_change": -0.11500393305016533
    },
    {
      "date": "2025-09-30T00:00:00",
      "quarter_label": "2025-09 (Q3)",
      "revenue": 5393000,
      "gross_profit": 2734000,
      "operating_income": -1393000,
      "net_income": -1362000,
      "opex": 4127000,
      "cogs": 2659000,
      "rd": 1709000,
      "sga": 2418000,
      "fcf": -348000,
      "ocf": -343000,
      "capex": -5000,
      "gross_margin": 0.5069534581865381,
      "op_margin": -0.25829779343593545,
      "fcf_margin": -0.06452809197107362,
      "rev_growth_yoy": -0.0055319933616079665,
      "rev_growth_yoy_accel": -0.18056162591790983,
      "fcf_margin_change": 0.04189423486147513
    }
  ],
  "signals": [
    {
      "quarter": "2025-09 (Q3)",
      "signal": "YoY REVENUE GROWTH DECELERATION",
      "detail": "YoY growth: -0.6% vs prior quarter YoY: +17.5% (decel: -18.1%)",
      "severity": "WARNING"
    },
    {
      "quarter": "2025-06 (Q2)",
      "signal": "YoY REVENUE GROWTH ACCELERATION",
      "detail": "YoY growth: +17.5% vs prior quarter YoY: +1.3% (accel: +16.2%)",
      "severity": "HIGH"
    },
    {
      "quarter": "2025-03 (Q1)",
      "signal": "FCF TURNED POSITIVE",
      "detail": "FCF margin: -33.5% -> +0.9%",
      "severity": "HIGH"
    },
    {
      "quarter": "2025-03 (Q1)",
      "signal": "YoY REVENUE GROWTH ACCELERATION",
      "detail": "YoY growth: +1.3% vs prior quarter YoY: -24.6% (accel: +25.8%)",
      "severity": "HIGH"
    },
    {
      "quarter": "2024-12 (Q4)",
      "signal": "YoY REVENUE GROWTH DECELERATION",
      "detail": "YoY growth: -24.6% vs prior quarter YoY: -17.3% (decel: -7.2%)",
      "severity": "WARNING"
    },
    {
      "quarter": "2024-09 (Q3)",
      "signal": "FCF TURNED POSITIVE",
      "detail": "FCF margin: -5.3% -> +13.4%",
      "severity": "HIGH"
    },
    {
      "quarter": "2024-09 (Q3)",
      "signal": "YoY REVENUE GROWTH ACCELERATION",
      "detail": "YoY growth: -17.3% vs prior quarter YoY: -31.6% (accel: +14.2%)",
      "severity": "MEDIUM"
    },
    {
      "quarter": "2024-06 (Q2)",
      "signal": "YoY REVENUE GROWTH DECELERATION",
      "detail": "YoY growth: -31.6% vs prior quarter YoY: -15.7% (decel: -15.9%)",
      "severity": "WARNING"
    },
    {
      "quarter": "2024-03 (Q1)",
      "signal": "YoY REVENUE GROWTH DECELERATION",
      "detail": "YoY growth: -15.7% vs prior quarter YoY: -5.5% (decel: -10.2%)",
      "severity": "WARNING"
    },
    {
      "quarter": "2023-12 (Q4)",
      "signal": "GROSS MARGIN INFLECTION",
      "detail": "GM: +59.1% -> +53.7% -> +58.1% (reversal +4.4%)",
      "severity": "MEDIUM"
    },
    {
      "quarter": "2023-12 (Q4)",
      "signal": "OP MARGIN TURNED POSITIVE (QoQ)",
      "detail": "Op margin: -1.0% -> +2.6%",
      "severity": "HIGH"
    },
    {
      "quarter": "2023-09 (Q3)",
      "signal": "YoY REVENUE GROWTH DECELERATION",
      "detail": "YoY growth: -9.0% vs prior quarter YoY: +55.1% (decel: -64.2%)",
      "severity": "WARNING"
    },
    {
      "quarter": "2023-06 (Q2)",
      "signal": "YoY REVENUE GROWTH ACCELERATION",
      "detail": "YoY growth: +55.1% vs prior quarter YoY: +45.6% (accel: +9.5%)",
      "severity": "MEDIUM"
    },
    {
      "quarter": "2023-06 (Q2)",
      "signal": "OP MARGIN TURNED POSITIVE (YoY)",
      "detail": "Op margin: -15.2% (year-ago) -> +2.2%",
      "severity": "HIGH"
    },
    {
      "quarter": "2023-03 (Q1)",
      "signal": "GROSS MARGIN INFLECTION",
      "detail": "GM: +57.0% -> +55.5% -> +59.5% (reversal +4.0%)",
      "severity": "MEDIUM"
    },
    {
      "quarter": "2023-03 (Q1)",
      "signal": "YoY REVENUE GROWTH ACCELERATION",
      "detail": "YoY growth: +45.6% vs prior quarter YoY: +14.4% (accel: +31.3%)",
      "severity": "HIGH"
    },
    {
      "quarter": "2023-03 (Q1)",
      "signal": "OP MARGIN TURNED POSITIVE (YoY)",
      "detail": "Op margin: -27.4% (year-ago) -> +2.3%",
      "severity": "HIGH"
    },
    {
      "quarter": "2022-12 (Q4)",
      "signal": "YoY REVENUE GROWTH ACCELERATION",
      "detail": "YoY growth: +14.4% vs prior quarter YoY: +7.2% (accel: +7.2%)",
      "severity": "MEDIUM"
    },
    {
      "quarter": "2022-12 (Q4)",
      "signal": "OP MARGIN TURNED POSITIVE (YoY)",
      "detail": "Op margin: -3.1% (year-ago) -> +8.6%",
      "severity": "HIGH"
    },
    {
      "quarter": "2022-09 (Q3)",
      "signal": "FCF TURNED POSITIVE",
      "detail": "FCF margin: -32.4% -> +14.8%",
      "severity": "HIGH"
    },
    {
      "quarter": "2022-09 (Q3)",
      "signal": "YoY REVENUE GROWTH ACCELERATION",
      "detail": "YoY growth: +7.2% vs prior quarter YoY: -29.2% (accel: +36.3%)",
      "severity": "HIGH"
    },
    {
      "quarter": "2022-09 (Q3)",
      "signal": "OP MARGIN TURNED POSITIVE (QoQ)",
      "detail": "Op margin: -15.2% -> +9.9%",
      "severity": "HIGH"
    },
    {
      "quarter": "2022-06 (Q2)",
      "signal": "GROSS MARGIN INFLECTION",
      "detail": "GM: +54.4% -> +46.4% -> +57.8% (reversal +11.4%)",
      "severity": "HIGH"
    },
    {
      "quarter": "2022-06 (Q2)",
      "signal": "YoY REVENUE GROWTH DECELERATION",
      "detail": "YoY growth: -29.2% vs prior quarter YoY: -17.5% (decel: -11.7%)",
      "severity": "WARNING"
    },
    {
      "quarter": "2022-03 (Q1)",
      "signal": "YoY REVENUE GROWTH DECELERATION",
      "detail": "YoY growth: -17.5% vs prior quarter YoY: +28.7% (decel: -46.1%)",
      "severity": "WARNING"
    },
    {
      "quarter": "2021-09 (Q3)",
      "signal": "FCF TURNED POSITIVE",
      "detail": "FCF margin: -4.8% -> +19.2%",
      "severity": "HIGH"
    },
    {
      "quarter": "2021-06 (Q2)",
      "signal": "OPERATING LEVERAGE",
      "detail": "Rev growth +11.9% vs OpEx growth +1.6% (leverage: 7.4x)",
      "severity": "MEDIUM"
    },
    {
      "quarter": "2021-06 (Q2)",
      "signal": "OP MARGIN TURNED POSITIVE (QoQ)",
      "detail": "Op margin: -5.5% -> +1.6%",
      "severity": "HIGH"
    }
  ],
  "data_quality": {
    "n_quarters": 20,
    "coverage": {
      "revenue": [
        20,
        20
      ],
      "gross_profit": [
        20,
        20
      ],
      "op_income": [
        20,
        20
      ],
      "fcf": [
        20,
        20
      ]
    },
    "gaps": [],
    "warnings": []
  },
  "market_cap": null,
  "source": "SEC EDGAR",
  "last_updated": "2026-02-02T23:52:46.708682",
  "sector": "Technology",
  "industry": "Electronic Components"
}