{
  "ticker": "DAKT",
  "name": "Daktronics, Inc.",
  "quarters": [
    {
      "date": "2021-01-30T00:00:00",
      "quarter_label": "2021-01 (Q1)",
      "revenue": 94139000,
      "gross_profit": 23941000,
      "operating_income": -236000,
      "net_income": -214000,
      "opex": 24177000,
      "cogs": 70198000,
      "rd": 5784000,
      "sga": null,
      "fcf": 7087000,
      "ocf": 8246000,
      "capex": -1159000,
      "gross_margin": 0.25431542718745687,
      "op_margin": -0.0025069312399749306,
      "fcf_margin": 0.07528229532924717
    },
    {
      "date": "2021-05-01T00:00:00",
      "quarter_label": "2021-05 (Q2)",
      "revenue": 116883000,
      "gross_profit": 27567000,
      "operating_income": 1136000,
      "net_income": 257000,
      "opex": 26431000,
      "cogs": 89316000,
      "rd": 6793000,
      "sga": null,
      "fcf": 17035000,
      "ocf": 17991000,
      "capex": -956000,
      "gross_margin": 0.23585123585123585,
      "op_margin": 0.009719120830231942,
      "fcf_margin": 0.1457440346329235,
      "op_leverage_ratio": 2.5914674889412193,
      "fcf_margin_change": 0.07046173930367634
    },
    {
      "date": "2021-07-31T00:00:00",
      "quarter_label": "2021-07 (Q3)",
      "revenue": 144732000,
      "gross_profit": 32188000,
      "operating_income": 5660000,
      "net_income": 3685000,
      "opex": 26528000,
      "cogs": 112544000,
      "rd": 7162000,
      "sga": null,
      "fcf": -2302000,
      "ocf": -1019000,
      "capex": -1283000,
      "gross_margin": 0.22239725838100766,
      "op_margin": 0.0391067628444297,
      "fcf_margin": -0.015905259375950033,
      "op_leverage_ratio": 64.92322960020554,
      "fcf_margin_change": -0.16164929400887354
    },
    {
      "date": "2021-10-30T00:00:00",
      "quarter_label": "2021-10 (Q4)",
      "revenue": 164477000,
      "gross_profit": 32264000,
      "operating_income": 4385000,
      "net_income": 2374000,
      "opex": 27879000,
      "cogs": 132213000,
      "rd": 7196000,
      "sga": null,
      "fcf": -10739000,
      "ocf": -7515000,
      "capex": -3224000,
      "gross_margin": 0.19616116539090572,
      "op_margin": 0.026660262529107415,
      "fcf_margin": -0.06529180371723706,
      "op_leverage_ratio": 2.6788089077496164,
      "fcf_margin_change": -0.049386544341287024
    },
    {
      "date": "2022-01-29T00:00:00",
      "quarter_label": "2022-01 (Q1)",
      "revenue": 139558000,
      "gross_profit": 22308000,
      "operating_income": -5680000,
      "net_income": -4350000,
      "opex": 27988000,
      "cogs": 117250000,
      "rd": 6925000,
      "sga": null,
      "fcf": -22447000,
      "ocf": -16930000,
      "capex": -5517000,
      "gross_margin": 0.15984751859441954,
      "op_margin": -0.040699924045916394,
      "fcf_margin": -0.16084352025681078,
      "incr_op_margin_yoy": -0.11986173187432572,
      "rev_growth_yoy": 0.48246741520517533,
      "fcf_margin_change": -0.09555171653957373
    },
    {
      "date": "2022-04-30T00:00:00",
      "quarter_label": "2022-04 (Q2)",
      "revenue": 162203000,
      "gross_profit": 29937000,
      "operating_income": -319000,
      "net_income": -1117000,
      "opex": 30256000,
      "cogs": 132266000,
      "rd": 7730000,
      "sga": null,
      "fcf": -11923000,
      "ocf": -1571000,
      "capex": -10352000,
      "gross_margin": 0.18456502037570205,
      "op_margin": -0.001966671393254132,
      "fcf_margin": -0.07350665524065522,
      "incr_op_margin_yoy": -0.03210503089143866,
      "rev_growth_yoy": 0.3877381655159433,
      "rev_growth_yoy_accel": -0.09472924968923202,
      "op_leverage_ratio": 2.002379558461379,
      "fcf_margin_change": 0.08733686501615556
    },
    {
      "date": "2022-07-30T00:00:00",
      "quarter_label": "2022-07 (Q3)",
      "revenue": 171920000,
      "gross_profit": 25794000,
      "operating_income": -5519000,
      "net_income": -5326000,
      "opex": 31313000,
      "cogs": 146126000,
      "rd": 7439000,
      "sga": null,
      "fcf": -33470000,
      "ocf": -22815000,
      "capex": -10655000,
      "gross_margin": 0.15003489995346672,
      "op_margin": -0.032102140530479294,
      "fcf_margin": -0.19468357375523498,
      "incr_op_margin_yoy": -0.4111740473738414,
      "rev_growth_yoy": 0.187850648094409,
      "rev_growth_yoy_accel": -0.19988751742153432,
      "op_leverage_ratio": 1.7147856659592688,
      "fcf_margin_change": -0.12117691851457976
    },
    {
      "date": "2022-10-29T00:00:00",
      "quarter_label": "2022-10 (Q4)",
      "revenue": 187439000,
      "gross_profit": 31704000,
      "operating_income": 1526000,
      "net_income": -12984000,
      "opex": 30178000,
      "cogs": 155735000,
      "rd": 6966000,
      "sga": null,
      "fcf": -4705000,
      "ocf": 877000,
      "capex": -5582000,
      "gross_margin": 0.16914302786506544,
      "op_margin": 0.008141315307913509,
      "fcf_margin": -0.025101499687898463,
      "incr_op_margin_yoy": -0.12451006009929448,
      "rev_growth_yoy": 0.13960614554010592,
      "rev_growth_yoy_accel": -0.04824450255430307,
      "op_leverage_ratio": Infinity,
      "fcf_margin_change": 0.16958207406733652
    },
    {
      "date": "2023-01-28T00:00:00",
      "quarter_label": "2023-01 (Q1)",
      "revenue": 184975000,
      "gross_profit": 41713000,
      "operating_income": 7118000,
      "net_income": 3713000,
      "opex": 34595000,
      "cogs": 143262000,
      "rd": 7250000,
      "sga": null,
      "fcf": 6879000,
      "ocf": 12451000,
      "capex": -5572000,
      "gross_margin": 0.2255061494796594,
      "op_margin": 0.03848087579402622,
      "fcf_margin": 0.03718880929855386,
      "incr_op_margin_yoy": 0.2817887575137063,
      "rev_growth_yoy": 0.3254345863368635,
      "rev_growth_yoy_accel": 0.1858284407967576,
      "fcf_margin_change": 0.062290308986452325
    },
    {
      "date": "2023-04-29T00:00:00",
      "quarter_label": "2023-04 (Q2)",
      "revenue": 209862000,
      "gross_profit": 52144000,
      "operating_income": 18263000,
      "net_income": 21399000,
      "opex": 33881000,
      "cogs": 157718000,
      "rd": 8334000,
      "sga": null,
      "fcf": 20935000,
      "ocf": 24511000,
      "capex": -3576000,
      "gross_margin": 0.24846804090306965,
      "op_margin": 0.08702385377057305,
      "fcf_margin": 0.09975603015314825,
      "incr_op_margin_yoy": 0.38989487819719254,
      "rev_growth_yoy": 0.2938231721978015,
      "rev_growth_yoy_accel": -0.03161141413906199,
      "op_leverage_ratio": Infinity,
      "fcf_margin_change": 0.0625672208545944
    },
    {
      "date": "2023-07-29T00:00:00",
      "quarter_label": "2023-07 (Q3)",
      "revenue": 232531000,
      "gross_profit": 71147000,
      "operating_income": 40216000,
      "net_income": 19196000,
      "opex": 30931000,
      "cogs": 161384000,
      "rd": 8403000,
      "sga": null,
      "fcf": 14703000,
      "ocf": 19250000,
      "capex": -4547000,
      "gross_margin": 0.3059678064430119,
      "op_margin": 0.17294898314633317,
      "fcf_margin": 0.06323027897355621,
      "incr_op_margin_yoy": 0.754566002870766,
      "rev_growth_yoy": 0.3525535132619823,
      "rev_growth_yoy_accel": 0.05873034106418079,
      "op_leverage_ratio": Infinity,
      "fcf_margin_change": -0.036525751179592045
    },
    {
      "date": "2023-10-28T00:00:00",
      "quarter_label": "2023-10 (Q4)",
      "revenue": 199369000,
      "gross_profit": 54199000,
      "operating_income": 19436000,
      "net_income": 2165000,
      "opex": 34763000,
      "cogs": 145170000,
      "rd": 9221000,
      "sga": null,
      "fcf": 20382000,
      "ocf": 25061000,
      "capex": -4679000,
      "gross_margin": 0.27185269525352485,
      "op_margin": 0.09748757329374176,
      "fcf_margin": 0.10223254367529555,
      "incr_op_margin_yoy": 1.5012573344509639,
      "rev_growth_yoy": 0.06364737327877336,
      "rev_growth_yoy_accel": -0.28890613998320896,
      "fcf_margin_change": 0.03900226470173934
    },
    {
      "date": "2024-01-27T00:00:00",
      "quarter_label": "2024-01 (Q1)",
      "revenue": 170303000,
      "gross_profit": 41718000,
      "operating_income": 8036000,
      "net_income": 10742000,
      "opex": 33682000,
      "cogs": 128585000,
      "rd": 8835000,
      "sga": null,
      "fcf": 5076000,
      "ocf": 9478000,
      "capex": -4402000,
      "gross_margin": 0.24496338878352114,
      "op_margin": 0.04718648526449916,
      "fcf_margin": 0.029805699253683142,
      "incr_op_margin_yoy": -0.06256815703380589,
      "rev_growth_yoy": -0.07931882686849574,
      "rev_growth_yoy_accel": -0.1429662001472691,
      "fcf_margin_change": -0.0724268444216124
    },
    {
      "date": "2024-04-27T00:00:00",
      "quarter_label": "2024-04 (Q2)",
      "revenue": 215880000,
      "gross_profit": 55379000,
      "operating_income": 19427000,
      "net_income": 2518000,
      "opex": 35952000,
      "cogs": 160501000,
      "rd": 9283000,
      "sga": null,
      "fcf": 6100000,
      "ocf": 9452000,
      "capex": -3352000,
      "gross_margin": 0.256526774133778,
      "op_margin": 0.08998980915323328,
      "fcf_margin": 0.02825643876227534,
      "incr_op_margin_yoy": 0.193419740777667,
      "rev_growth_yoy": 0.028675987077222173,
      "rev_growth_yoy_accel": 0.10799481394571792,
      "op_leverage_ratio": 3.9709594412715705,
      "fcf_margin_change": -0.0015492604914078036
    },
    {
      "date": "2024-07-27T00:00:00",
      "quarter_label": "2024-07 (Q3)",
      "revenue": 226088000,
      "gross_profit": 59698000,
      "operating_income": 22716000,
      "net_income": -4946000,
      "opex": 36982000,
      "cogs": 166390000,
      "rd": 9623000,
      "sga": null,
      "fcf": 14400000,
      "ocf": 19481000,
      "capex": -5081000,
      "gross_margin": 0.2640476274724886,
      "op_margin": 0.10047415165776158,
      "fcf_margin": 0.0636920137291674,
      "incr_op_margin_yoy": 2.716126028247711,
      "rev_growth_yoy": -0.027708133539184023,
      "rev_growth_yoy_accel": -0.0563841206164062,
      "op_leverage_ratio": 1.6504945034188356,
      "fcf_margin_change": 0.035435574966892064
    },
    {
      "date": "2024-10-26T00:00:00",
      "quarter_label": "2024-10 (Q4)",
      "revenue": 208331000,
      "gross_profit": 55863000,
      "operating_income": 15770000,
      "net_income": 21406000,
      "opex": 40093000,
      "cogs": 152468000,
      "rd": 9839000,
      "sga": null,
      "fcf": 37954000,
      "ocf": 43339000,
      "capex": -5385000,
      "gross_margin": 0.26814540322851615,
      "op_margin": 0.07569684780469542,
      "fcf_margin": 0.1821812404298928,
      "incr_op_margin_yoy": -0.40906047757197056,
      "rev_growth_yoy": 0.044951823001569954,
      "rev_growth_yoy_accel": 0.07265995654075398,
      "fcf_margin_change": 0.11848922670072541
    },
    {
      "date": "2025-01-25T00:00:00",
      "quarter_label": "2025-01 (Q1)",
      "revenue": 149507000,
      "gross_profit": 36781000,
      "operating_income": -3628000,
      "net_income": -17156000,
      "opex": 40409000,
      "cogs": 112726000,
      "rd": 9440000,
      "sga": null,
      "fcf": 7817000,
      "ocf": 12019000,
      "capex": -4202000,
      "gross_margin": 0.2460152367447678,
      "op_margin": -0.02426642230798558,
      "fcf_margin": 0.052285177282669036,
      "incr_op_margin_yoy": 0.5608770917484132,
      "rev_growth_yoy": -0.12211176550031415,
      "rev_growth_yoy_accel": -0.1670635885018841,
      "fcf_margin_change": -0.12989606314722377
    },
    {
      "date": "2025-04-26T00:00:00",
      "quarter_label": "2025-04 (Q2)",
      "revenue": 172551000,
      "gross_profit": 43145000,
      "operating_income": -1740000,
      "net_income": -9425000,
      "opex": 44885000,
      "cogs": 129406000,
      "rd": 9958000,
      "sga": null,
      "fcf": 18048000,
      "ocf": 22874000,
      "capex": -4826000,
      "gross_margin": 0.250042016563219,
      "op_margin": -0.010083975172557678,
      "fcf_margin": 0.10459516316914999,
      "incr_op_margin_yoy": 0.4885180825774885,
      "rev_growth_yoy": -0.20070872707059478,
      "rev_growth_yoy_accel": -0.07859696157028064,
      "op_leverage_ratio": 1.3915036977684652,
      "fcf_margin_change": 0.052309985886480954
    },
    {
      "date": "2025-08-02T00:00:00",
      "quarter_label": "2025-08 (Q3)",
      "revenue": 218972000,
      "gross_profit": 65072000,
      "operating_income": 23272000,
      "net_income": 16470000,
      "opex": 41800000,
      "cogs": 153900000,
      "rd": 10671000,
      "sga": null,
      "fcf": 21806000,
      "ocf": 26097000,
      "capex": -4291000,
      "gross_margin": 0.2971704144822169,
      "op_margin": 0.10627842829220174,
      "fcf_margin": 0.09958350839376724,
      "incr_op_margin_yoy": -0.07813378302417089,
      "rev_growth_yoy": -0.03147447011783022,
      "rev_growth_yoy_accel": 0.16923425695276456,
      "op_leverage_ratio": Infinity,
      "fcf_margin_change": -0.005011654775382748
    },
    {
      "date": "2025-11-01T00:00:00",
      "quarter_label": "2025-11 (Q4)",
      "revenue": 229253000,
      "gross_profit": 61825000,
      "operating_income": 21563000,
      "net_income": 17481000,
      "opex": 40262000,
      "cogs": 167428000,
      "rd": 10444000,
      "sga": null,
      "fcf": 14037000,
      "ocf": 16507000,
      "capex": -2470000,
      "gross_margin": 0.2696802222871674,
      "op_margin": 0.09405765682455627,
      "fcf_margin": 0.061229296890335135,
      "incr_op_margin_yoy": 0.2768855749928305,
      "rev_growth_yoy": 0.10042672477931752,
      "rev_growth_yoy_accel": 0.13190119489714774,
      "op_leverage_ratio": Infinity,
      "fcf_margin_change": -0.03835421150343211
    }
  ],
  "signals": [
    {
      "quarter": "2025-11 (Q4)",
      "signal": "YoY REVENUE GROWTH ACCELERATION",
      "detail": "YoY growth: +10.0% vs prior quarter YoY: -3.1% (accel: +13.2%)",
      "severity": "MEDIUM"
    },
    {
      "quarter": "2025-11 (Q4)",
      "signal": "INCREMENTAL MARGIN (YoY)",
      "detail": "YoY Incr OPM: +27.7% vs year-ago OPM: +7.6%",
      "severity": "HIGH"
    },
    {
      "quarter": "2025-08 (Q3)",
      "signal": "YoY REVENUE GROWTH ACCELERATION",
      "detail": "YoY growth: -3.1% vs prior quarter YoY: -20.1% (accel: +16.9%)",
      "severity": "HIGH"
    },
    {
      "quarter": "2025-08 (Q3)",
      "signal": "OP MARGIN TURNED POSITIVE (QoQ)",
      "detail": "Op margin: -1.0% -> +10.6%",
      "severity": "HIGH"
    },
    {
      "quarter": "2025-04 (Q2)",
      "signal": "FCF MARGIN EXPANSION",
      "detail": "FCF margin: +5.2% -> +10.5% (+5.2%)",
      "severity": "MEDIUM"
    },
    {
      "quarter": "2025-04 (Q2)",
      "signal": "YoY REVENUE GROWTH DECELERATION",
      "detail": "YoY growth: -20.1% vs prior quarter YoY: -12.2% (decel: -7.9%)",
      "severity": "WARNING"
    },
    {
      "quarter": "2025-01 (Q1)",
      "signal": "YoY REVENUE GROWTH DECELERATION",
      "detail": "YoY growth: -12.2% vs prior quarter YoY: +4.5% (decel: -16.7%)",
      "severity": "WARNING"
    },
    {
      "quarter": "2024-10 (Q4)",
      "signal": "FCF MARGIN EXPANSION",
      "detail": "FCF margin: +6.4% -> +18.2% (+11.8%)",
      "severity": "MEDIUM"
    },
    {
      "quarter": "2024-10 (Q4)",
      "signal": "YoY REVENUE GROWTH ACCELERATION",
      "detail": "YoY growth: +4.5% vs prior quarter YoY: -2.8% (accel: +7.3%)",
      "severity": "MEDIUM"
    },
    {
      "quarter": "2024-07 (Q3)",
      "signal": "OPERATING LEVERAGE",
      "detail": "Rev growth +4.7% vs OpEx growth +2.9% (leverage: 1.7x)",
      "severity": "MEDIUM"
    },
    {
      "quarter": "2024-07 (Q3)",
      "signal": "YoY REVENUE GROWTH DECELERATION",
      "detail": "YoY growth: -2.8% vs prior quarter YoY: +2.9% (decel: -5.6%)",
      "severity": "WARNING"
    },
    {
      "quarter": "2024-07 (Q3)",
      "signal": "INCREMENTAL MARGIN (YoY)",
      "detail": "YoY Incr OPM: +271.6% vs year-ago OPM: +17.3%",
      "severity": "HIGH"
    },
    {
      "quarter": "2024-04 (Q2)",
      "signal": "OPERATING LEVERAGE",
      "detail": "Rev growth +26.8% vs OpEx growth +6.7% (leverage: 4.0x)",
      "severity": "MEDIUM"
    },
    {
      "quarter": "2024-04 (Q2)",
      "signal": "YoY REVENUE GROWTH ACCELERATION",
      "detail": "YoY growth: +2.9% vs prior quarter YoY: -7.9% (accel: +10.8%)",
      "severity": "MEDIUM"
    },
    {
      "quarter": "2024-04 (Q2)",
      "signal": "INCREMENTAL MARGIN (YoY)",
      "detail": "YoY Incr OPM: +19.3% vs year-ago OPM: +8.7%",
      "severity": "MEDIUM"
    },
    {
      "quarter": "2024-01 (Q1)",
      "signal": "YoY REVENUE GROWTH DECELERATION",
      "detail": "YoY growth: -7.9% vs prior quarter YoY: +6.4% (decel: -14.3%)",
      "severity": "WARNING"
    },
    {
      "quarter": "2023-10 (Q4)",
      "signal": "YoY REVENUE GROWTH DECELERATION",
      "detail": "YoY growth: +6.4% vs prior quarter YoY: +35.3% (decel: -28.9%)",
      "severity": "WARNING"
    },
    {
      "quarter": "2023-10 (Q4)",
      "signal": "INCREMENTAL MARGIN (YoY)",
      "detail": "YoY Incr OPM: +150.1% vs year-ago OPM: +0.8%",
      "severity": "HIGH"
    },
    {
      "quarter": "2023-07 (Q3)",
      "signal": "YoY REVENUE GROWTH ACCELERATION",
      "detail": "YoY growth: +35.3% vs prior quarter YoY: +29.4% (accel: +5.9%)",
      "severity": "MEDIUM"
    },
    {
      "quarter": "2023-07 (Q3)",
      "signal": "OP MARGIN TURNED POSITIVE (YoY)",
      "detail": "Op margin: -3.2% (year-ago) -> +17.3%",
      "severity": "HIGH"
    },
    {
      "quarter": "2023-04 (Q2)",
      "signal": "FCF MARGIN EXPANSION",
      "detail": "FCF margin: +3.7% -> +10.0% (+6.3%)",
      "severity": "MEDIUM"
    },
    {
      "quarter": "2023-04 (Q2)",
      "signal": "OP MARGIN TURNED POSITIVE (YoY)",
      "detail": "Op margin: -0.2% (year-ago) -> +8.7%",
      "severity": "HIGH"
    },
    {
      "quarter": "2023-01 (Q1)",
      "signal": "FCF TURNED POSITIVE",
      "detail": "FCF margin: -2.5% -> +3.7%",
      "severity": "HIGH"
    },
    {
      "quarter": "2023-01 (Q1)",
      "signal": "YoY REVENUE GROWTH ACCELERATION",
      "detail": "YoY growth: +32.5% vs prior quarter YoY: +14.0% (accel: +18.6%)",
      "severity": "HIGH"
    },
    {
      "quarter": "2023-01 (Q1)",
      "signal": "OP MARGIN TURNED POSITIVE (YoY)",
      "detail": "Op margin: -4.1% (year-ago) -> +3.8%",
      "severity": "HIGH"
    },
    {
      "quarter": "2022-10 (Q4)",
      "signal": "FCF MARGIN EXPANSION",
      "detail": "FCF margin: -19.5% -> -2.5% (+17.0%)",
      "severity": "MEDIUM"
    },
    {
      "quarter": "2022-10 (Q4)",
      "signal": "OP MARGIN TURNED POSITIVE (QoQ)",
      "detail": "Op margin: -3.2% -> +0.8%",
      "severity": "HIGH"
    },
    {
      "quarter": "2022-07 (Q3)",
      "signal": "OPERATING LEVERAGE",
      "detail": "Rev growth +6.0% vs OpEx growth +3.5% (leverage: 1.7x)",
      "severity": "MEDIUM"
    },
    {
      "quarter": "2022-07 (Q3)",
      "signal": "YoY REVENUE GROWTH DECELERATION",
      "detail": "YoY growth: +18.8% vs prior quarter YoY: +38.8% (decel: -20.0%)",
      "severity": "WARNING"
    },
    {
      "quarter": "2022-04 (Q2)",
      "signal": "FCF MARGIN EXPANSION",
      "detail": "FCF margin: -16.1% -> -7.4% (+8.7%)",
      "severity": "MEDIUM"
    },
    {
      "quarter": "2022-04 (Q2)",
      "signal": "OPERATING LEVERAGE",
      "detail": "Rev growth +16.2% vs OpEx growth +8.1% (leverage: 2.0x)",
      "severity": "MEDIUM"
    },
    {
      "quarter": "2022-04 (Q2)",
      "signal": "GROSS MARGIN INFLECTION",
      "detail": "GM: +19.6% -> +16.0% -> +18.5% (reversal +2.5%)",
      "severity": "MEDIUM"
    },
    {
      "quarter": "2022-04 (Q2)",
      "signal": "YoY REVENUE GROWTH DECELERATION",
      "detail": "YoY growth: +38.8% vs prior quarter YoY: +48.2% (decel: -9.5%)",
      "severity": "WARNING"
    },
    {
      "quarter": "2021-10 (Q4)",
      "signal": "OPERATING LEVERAGE",
      "detail": "Rev growth +13.6% vs OpEx growth +5.1% (leverage: 2.7x)",
      "severity": "MEDIUM"
    },
    {
      "quarter": "2021-07 (Q3)",
      "signal": "OPERATING LEVERAGE",
      "detail": "Rev growth +23.8% vs OpEx growth +0.4% (leverage: 64.9x)",
      "severity": "MEDIUM"
    },
    {
      "quarter": "2021-05 (Q2)",
      "signal": "FCF MARGIN EXPANSION",
      "detail": "FCF margin: +7.5% -> +14.6% (+7.0%)",
      "severity": "MEDIUM"
    },
    {
      "quarter": "2021-05 (Q2)",
      "signal": "OPERATING LEVERAGE",
      "detail": "Rev growth +24.2% vs OpEx growth +9.3% (leverage: 2.6x)",
      "severity": "MEDIUM"
    },
    {
      "quarter": "2021-05 (Q2)",
      "signal": "OP MARGIN TURNED POSITIVE (QoQ)",
      "detail": "Op margin: -0.3% -> +1.0%",
      "severity": "HIGH"
    }
  ],
  "data_quality": {
    "n_quarters": 20,
    "coverage": {
      "revenue": [
        20,
        20
      ],
      "gross_profit": [
        20,
        20
      ],
      "op_income": [
        20,
        20
      ],
      "fcf": [
        20,
        20
      ]
    },
    "gaps": [],
    "warnings": []
  },
  "market_cap": null,
  "source": "SEC EDGAR",
  "last_updated": "2026-02-02T21:59:17.883231",
  "sector": "Technology",
  "industry": "Electronic Components"
}