{
  "ticker": "DAN",
  "name": "DANA Inc",
  "quarters": [
    {
      "date": "2020-12-31T00:00:00",
      "quarter_label": "2020-12 (Q4)",
      "revenue": 2108000000,
      "gross_profit": 211000000,
      "operating_income": 100000000,
      "net_income": 40000000,
      "opex": 111000000,
      "cogs": 1897000000,
      "rd": null,
      "sga": 122000000,
      "fcf": 191000000,
      "ocf": 191000000,
      "capex": null,
      "gross_margin": 0.10009487666034156,
      "op_margin": 0.04743833017077799,
      "fcf_margin": 0.09060721062618596
    },
    {
      "date": "2021-03-31T00:00:00",
      "quarter_label": "2021-03 (Q1)",
      "revenue": 2263000000,
      "gross_profit": 251000000,
      "operating_income": 108000000,
      "net_income": 71000000,
      "opex": 143000000,
      "cogs": 2012000000,
      "rd": null,
      "sga": 119000000,
      "fcf": 27000000,
      "ocf": 27000000,
      "capex": null,
      "gross_margin": 0.11091471498011489,
      "op_margin": 0.047724259832081305,
      "fcf_margin": 0.011931064958020326,
      "op_leverage_ratio": 0.25505514705882354,
      "fcf_margin_change": -0.07867614566816564
    },
    {
      "date": "2021-06-30T00:00:00",
      "quarter_label": "2021-06 (Q2)",
      "revenue": 2205000000,
      "gross_profit": 252000000,
      "operating_income": 113000000,
      "net_income": 53000000,
      "opex": 139000000,
      "cogs": 1953000000,
      "rd": null,
      "sga": 126000000,
      "fcf": 67000000,
      "ocf": 67000000,
      "capex": null,
      "gross_margin": 0.11428571428571428,
      "op_margin": 0.05124716553287982,
      "fcf_margin": 0.030385487528344673,
      "fcf_margin_change": 0.01845442257032435
    },
    {
      "date": "2021-09-30T00:00:00",
      "quarter_label": "2021-09 (Q3)",
      "revenue": 2204000000,
      "gross_profit": 206000000,
      "operating_income": 94000000,
      "net_income": 48000000,
      "opex": 112000000,
      "cogs": 1998000000,
      "rd": null,
      "sga": 103000000,
      "fcf": -75000000,
      "ocf": -75000000,
      "capex": null,
      "gross_margin": 0.09346642468239565,
      "op_margin": 0.0426497277676951,
      "fcf_margin": -0.03402903811252268,
      "fcf_margin_change": -0.06441452564086736
    },
    {
      "date": "2021-12-31T00:00:00",
      "quarter_label": "2021-12 (Q4)",
      "revenue": 2273000000,
      "gross_profit": 128000000,
      "operating_income": 80000000,
      "net_income": 25000000,
      "opex": 48000000,
      "cogs": 2145000000,
      "rd": null,
      "sga": 112000000,
      "fcf": 139000000,
      "ocf": 139000000,
      "capex": null,
      "gross_margin": 0.056313242410910694,
      "op_margin": 0.03519577650681918,
      "fcf_margin": 0.061152661680598325,
      "incr_op_margin_yoy": -0.12121212121212122,
      "rev_growth_yoy": 0.07827324478178369,
      "op_leverage_ratio": Infinity,
      "fcf_margin_change": 0.09518169979312101
    },
    {
      "date": "2022-03-31T00:00:00",
      "quarter_label": "2022-03 (Q1)",
      "revenue": 2480000000,
      "gross_profit": 197000000,
      "operating_income": 66000000,
      "net_income": 17000000,
      "opex": 131000000,
      "cogs": 2283000000,
      "rd": null,
      "sga": 130000000,
      "fcf": -121000000,
      "ocf": -121000000,
      "capex": null,
      "gross_margin": 0.07943548387096774,
      "op_margin": 0.02661290322580645,
      "fcf_margin": -0.04879032258064516,
      "incr_op_margin_yoy": -0.1935483870967742,
      "rev_growth_yoy": 0.0958904109589041,
      "rev_growth_yoy_accel": 0.01761716617712042,
      "op_leverage_ratio": 0.05266645111020413,
      "fcf_margin_change": -0.10994298426124349
    },
    {
      "date": "2022-06-30T00:00:00",
      "quarter_label": "2022-06 (Q2)",
      "revenue": 2586000000,
      "gross_profit": 183000000,
      "operating_income": 59000000,
      "net_income": 8000000,
      "opex": 124000000,
      "cogs": 2403000000,
      "rd": null,
      "sga": 130000000,
      "fcf": 257000000,
      "ocf": 257000000,
      "capex": null,
      "gross_margin": 0.07076566125290024,
      "op_margin": 0.022815158546017015,
      "fcf_margin": 0.09938128383604021,
      "incr_op_margin_yoy": -0.14173228346456693,
      "rev_growth_yoy": 0.1727891156462585,
      "rev_growth_yoy_accel": 0.07689870468735441,
      "op_leverage_ratio": Infinity,
      "fcf_margin_change": 0.14817160641668536
    },
    {
      "date": "2022-09-30T00:00:00",
      "quarter_label": "2022-09 (Q3)",
      "revenue": 2535000000,
      "gross_profit": 203000000,
      "operating_income": -101000000,
      "net_income": -88000000,
      "opex": 304000000,
      "cogs": 2332000000,
      "rd": null,
      "sga": 114000000,
      "fcf": 171000000,
      "ocf": 171000000,
      "capex": null,
      "gross_margin": 0.08007889546351085,
      "op_margin": -0.0398422090729783,
      "fcf_margin": 0.06745562130177515,
      "incr_op_margin_yoy": -0.5891238670694864,
      "rev_growth_yoy": 0.1501814882032668,
      "rev_growth_yoy_accel": -0.022607627442991718,
      "fcf_margin_change": -0.031925662534265056
    },
    {
      "date": "2022-12-31T00:00:00",
      "quarter_label": "2022-12 (Q4)",
      "revenue": 2555000000,
      "gross_profit": 180000000,
      "operating_income": 62000000,
      "net_income": -179000000,
      "opex": 118000000,
      "cogs": 2375000000,
      "rd": null,
      "sga": 121000000,
      "fcf": 342000000,
      "ocf": 342000000,
      "capex": null,
      "gross_margin": 0.07045009784735812,
      "op_margin": 0.02426614481409002,
      "fcf_margin": 0.13385518590998044,
      "incr_op_margin_yoy": -0.06382978723404255,
      "rev_growth_yoy": 0.12406511218653761,
      "rev_growth_yoy_accel": -0.026116376016729184,
      "fcf_margin_change": 0.06639956460820529
    },
    {
      "date": "2023-03-31T00:00:00",
      "quarter_label": "2023-03 (Q1)",
      "revenue": 2644000000,
      "gross_profit": 229000000,
      "operating_income": 90000000,
      "net_income": 28000000,
      "opex": 139000000,
      "cogs": 2415000000,
      "rd": null,
      "sga": 140000000,
      "fcf": -170000000,
      "ocf": -170000000,
      "capex": null,
      "gross_margin": 0.08661119515885023,
      "op_margin": 0.0340393343419062,
      "fcf_margin": -0.06429652042360061,
      "incr_op_margin_yoy": 0.14634146341463414,
      "rev_growth_yoy": 0.06612903225806452,
      "rev_growth_yoy_accel": -0.05793607992847309,
      "op_leverage_ratio": 0.19573199142670766,
      "fcf_margin_change": -0.19815170633358103
    },
    {
      "date": "2023-06-30T00:00:00",
      "quarter_label": "2023-06 (Q2)",
      "revenue": 2748000000,
      "gross_profit": 271000000,
      "operating_income": 124000000,
      "net_income": 30000000,
      "opex": 147000000,
      "cogs": 2477000000,
      "rd": null,
      "sga": 144000000,
      "fcf": 256000000,
      "ocf": 256000000,
      "capex": null,
      "gross_margin": 0.09861717612809316,
      "op_margin": 0.04512372634643377,
      "fcf_margin": 0.09315866084425037,
      "incr_op_margin_yoy": 0.4012345679012346,
      "rev_growth_yoy": 0.06264501160092807,
      "rev_growth_yoy_accel": -0.003484020657136447,
      "op_leverage_ratio": 0.6834341906202723,
      "fcf_margin_change": 0.15745518126785096
    },
    {
      "date": "2023-09-30T00:00:00",
      "quarter_label": "2023-09 (Q3)",
      "revenue": 2669000000,
      "gross_profit": 236000000,
      "operating_income": 91000000,
      "net_income": 19000000,
      "opex": 145000000,
      "cogs": 2433000000,
      "rd": null,
      "sga": 126000000,
      "fcf": 112000000,
      "ocf": 112000000,
      "capex": null,
      "gross_margin": 0.08842263019857624,
      "op_margin": 0.034095166729112024,
      "fcf_margin": 0.04196328212813788,
      "incr_op_margin_yoy": 1.4328358208955223,
      "rev_growth_yoy": 0.05285996055226824,
      "rev_growth_yoy_accel": -0.009785051048659829,
      "fcf_margin_change": -0.05119537871611249
    },
    {
      "date": "2023-12-31T00:00:00",
      "quarter_label": "2023-12 (Q4)",
      "revenue": 2494000000,
      "gross_profit": 164000000,
      "operating_income": 11000000,
      "net_income": -39000000,
      "opex": 153000000,
      "cogs": 2330000000,
      "rd": null,
      "sga": 139000000,
      "fcf": 278000000,
      "ocf": 278000000,
      "capex": null,
      "gross_margin": 0.06575781876503609,
      "op_margin": 0.004410585404971933,
      "fcf_margin": 0.11146752205292702,
      "incr_op_margin_yoy": 0.8360655737704918,
      "rev_growth_yoy": -0.023874755381604697,
      "rev_growth_yoy_accel": -0.07673471593387293,
      "fcf_margin_change": 0.06950423992478914
    },
    {
      "date": "2024-03-31T00:00:00",
      "quarter_label": "2024-03 (Q1)",
      "revenue": 2735000000,
      "gross_profit": 244000000,
      "operating_income": 70000000,
      "net_income": 3000000,
      "opex": 174000000,
      "cogs": 2491000000,
      "rd": null,
      "sga": 139000000,
      "fcf": -102000000,
      "ocf": -102000000,
      "capex": null,
      "gross_margin": 0.08921389396709324,
      "op_margin": 0.025594149908592323,
      "fcf_margin": -0.03729433272394881,
      "incr_op_margin_yoy": -0.21978021978021978,
      "rev_growth_yoy": 0.034417549167927386,
      "rev_growth_yoy_accel": 0.05829230454953208,
      "op_leverage_ratio": 0.704032535227403,
      "fcf_margin_change": -0.14876185477687584
    },
    {
      "date": "2024-06-30T00:00:00",
      "quarter_label": "2024-06 (Q2)",
      "revenue": 2738000000,
      "gross_profit": 255000000,
      "operating_income": 104000000,
      "net_income": 16000000,
      "opex": 151000000,
      "cogs": 2483000000,
      "rd": null,
      "sga": 132000000,
      "fcf": 215000000,
      "ocf": 215000000,
      "capex": null,
      "gross_margin": 0.0931336742147553,
      "op_margin": 0.03798392987582177,
      "fcf_margin": 0.0785244704163623,
      "incr_op_margin_yoy": 2.0,
      "rev_growth_yoy": -0.00363901018922853,
      "rev_growth_yoy_accel": -0.03805655935715591,
      "fcf_margin_change": 0.11581880314031112
    },
    {
      "date": "2024-09-30T00:00:00",
      "quarter_label": "2024-09 (Q3)",
      "revenue": 2476000000,
      "gross_profit": 245000000,
      "operating_income": 88000000,
      "net_income": 4000000,
      "opex": 157000000,
      "cogs": 2231000000,
      "rd": null,
      "sga": 130000000,
      "fcf": 35000000,
      "ocf": 35000000,
      "capex": null,
      "gross_margin": 0.09894991922455573,
      "op_margin": 0.035541195476575124,
      "fcf_margin": 0.014135702746365105,
      "incr_op_margin_yoy": 0.015544041450777202,
      "rev_growth_yoy": -0.07231172723866616,
      "rev_growth_yoy_accel": -0.06867271704943763,
      "fcf_margin_change": -0.0643887676699972
    },
    {
      "date": "2024-12-31T00:00:00",
      "quarter_label": "2024-12 (Q4)",
      "revenue": 2335000000,
      "gross_profit": 132000000,
      "operating_income": -36000000,
      "net_income": -80000000,
      "opex": 168000000,
      "cogs": 2203000000,
      "rd": null,
      "sga": 123000000,
      "fcf": 302000000,
      "ocf": 302000000,
      "capex": null,
      "gross_margin": 0.05653104925053533,
      "op_margin": -0.015417558886509636,
      "fcf_margin": 0.12933618843683084,
      "incr_op_margin_yoy": 0.29559748427672955,
      "rev_growth_yoy": -0.06375300721732158,
      "rev_growth_yoy_accel": 0.008558720021344585,
      "fcf_margin_change": 0.11520048569046573
    },
    {
      "date": "2025-03-31T00:00:00",
      "quarter_label": "2025-03 (Q1)",
      "revenue": 2352000000,
      "gross_profit": 220000000,
      "operating_income": 72000000,
      "net_income": 25000000,
      "opex": 148000000,
      "cogs": 2132000000,
      "rd": null,
      "sga": 132000000,
      "fcf": -37000000,
      "ocf": -37000000,
      "capex": null,
      "gross_margin": 0.0935374149659864,
      "op_margin": 0.030612244897959183,
      "fcf_margin": -0.015731292517006803,
      "incr_op_margin_yoy": -0.005221932114882507,
      "rev_growth_yoy": -0.140036563071298,
      "rev_growth_yoy_accel": -0.07628355585397642,
      "fcf_margin_change": -0.14506748095383765
    },
    {
      "date": "2025-06-30T00:00:00",
      "quarter_label": "2025-06 (Q2)",
      "revenue": 1935000000,
      "gross_profit": 138000000,
      "operating_income": 16000000,
      "net_income": 27000000,
      "opex": 122000000,
      "cogs": 1797000000,
      "rd": null,
      "sga": 99000000,
      "fcf": 32000000,
      "ocf": 32000000,
      "capex": null,
      "gross_margin": 0.07131782945736434,
      "op_margin": 0.008268733850129198,
      "fcf_margin": 0.016537467700258397,
      "incr_op_margin_yoy": 0.1095890410958904,
      "rev_growth_yoy": -0.2932797662527392,
      "rev_growth_yoy_accel": -0.15324320318144122,
      "fcf_margin_change": 0.0322687602172652
    },
    {
      "date": "2025-09-30T00:00:00",
      "quarter_label": "2025-09 (Q3)",
      "revenue": 1917000000,
      "gross_profit": 166000000,
      "operating_income": 53000000,
      "net_income": 83000000,
      "opex": 113000000,
      "cogs": 1751000000,
      "rd": null,
      "sga": 87000000,
      "fcf": 111000000,
      "ocf": 111000000,
      "capex": null,
      "gross_margin": 0.08659363588941053,
      "op_margin": 0.02764736567553469,
      "fcf_margin": 0.057902973395931145,
      "incr_op_margin_yoy": 0.0626118067978533,
      "rev_growth_yoy": -0.22576736672051698,
      "rev_growth_yoy_accel": 0.06751239953222224,
      "fcf_margin_change": 0.04136550569567275
    }
  ],
  "signals": [
    {
      "quarter": "2025-09 (Q3)",
      "signal": "YoY REVENUE GROWTH ACCELERATION",
      "detail": "YoY growth: -22.6% vs prior quarter YoY: -29.3% (accel: +6.8%)",
      "severity": "MEDIUM"
    },
    {
      "quarter": "2025-06 (Q2)",
      "signal": "FCF TURNED POSITIVE",
      "detail": "FCF margin: -1.6% -> +1.7%",
      "severity": "HIGH"
    },
    {
      "quarter": "2025-06 (Q2)",
      "signal": "YoY REVENUE GROWTH DECELERATION",
      "detail": "YoY growth: -29.3% vs prior quarter YoY: -14.0% (decel: -15.3%)",
      "severity": "WARNING"
    },
    {
      "quarter": "2025-03 (Q1)",
      "signal": "GROSS MARGIN INFLECTION",
      "detail": "GM: +9.9% -> +5.7% -> +9.4% (reversal +3.7%)",
      "severity": "MEDIUM"
    },
    {
      "quarter": "2025-03 (Q1)",
      "signal": "YoY REVENUE GROWTH DECELERATION",
      "detail": "YoY growth: -14.0% vs prior quarter YoY: -6.4% (decel: -7.6%)",
      "severity": "WARNING"
    },
    {
      "quarter": "2025-03 (Q1)",
      "signal": "OP MARGIN TURNED POSITIVE (QoQ)",
      "detail": "Op margin: -1.5% -> +3.1%",
      "severity": "HIGH"
    },
    {
      "quarter": "2024-12 (Q4)",
      "signal": "FCF MARGIN EXPANSION",
      "detail": "FCF margin: +1.4% -> +12.9% (+11.5%)",
      "severity": "MEDIUM"
    },
    {
      "quarter": "2024-09 (Q3)",
      "signal": "YoY REVENUE GROWTH DECELERATION",
      "detail": "YoY growth: -7.2% vs prior quarter YoY: -0.4% (decel: -6.9%)",
      "severity": "WARNING"
    },
    {
      "quarter": "2024-06 (Q2)",
      "signal": "FCF TURNED POSITIVE",
      "detail": "FCF margin: -3.7% -> +7.9%",
      "severity": "HIGH"
    },
    {
      "quarter": "2024-06 (Q2)",
      "signal": "INCREMENTAL MARGIN (YoY)",
      "detail": "YoY Incr OPM: +200.0% vs year-ago OPM: +4.5%",
      "severity": "HIGH"
    },
    {
      "quarter": "2024-03 (Q1)",
      "signal": "GROSS MARGIN INFLECTION",
      "detail": "GM: +8.8% -> +6.6% -> +8.9% (reversal +2.3%)",
      "severity": "MEDIUM"
    },
    {
      "quarter": "2024-03 (Q1)",
      "signal": "YoY REVENUE GROWTH ACCELERATION",
      "detail": "YoY growth: +3.4% vs prior quarter YoY: -2.4% (accel: +5.8%)",
      "severity": "MEDIUM"
    },
    {
      "quarter": "2023-12 (Q4)",
      "signal": "FCF MARGIN EXPANSION",
      "detail": "FCF margin: +4.2% -> +11.1% (+7.0%)",
      "severity": "MEDIUM"
    },
    {
      "quarter": "2023-12 (Q4)",
      "signal": "YoY REVENUE GROWTH DECELERATION",
      "detail": "YoY growth: -2.4% vs prior quarter YoY: +5.3% (decel: -7.7%)",
      "severity": "WARNING"
    },
    {
      "quarter": "2023-12 (Q4)",
      "signal": "INCREMENTAL MARGIN (YoY)",
      "detail": "YoY Incr OPM: +83.6% vs year-ago OPM: +2.4%",
      "severity": "HIGH"
    },
    {
      "quarter": "2023-09 (Q3)",
      "signal": "OP MARGIN TURNED POSITIVE (YoY)",
      "detail": "Op margin: -4.0% (year-ago) -> +3.4%",
      "severity": "HIGH"
    },
    {
      "quarter": "2023-06 (Q2)",
      "signal": "FCF TURNED POSITIVE",
      "detail": "FCF margin: -6.4% -> +9.3%",
      "severity": "HIGH"
    },
    {
      "quarter": "2023-06 (Q2)",
      "signal": "INCREMENTAL MARGIN (YoY)",
      "detail": "YoY Incr OPM: +40.1% vs year-ago OPM: +2.3%",
      "severity": "HIGH"
    },
    {
      "quarter": "2023-03 (Q1)",
      "signal": "YoY REVENUE GROWTH DECELERATION",
      "detail": "YoY growth: +6.6% vs prior quarter YoY: +12.4% (decel: -5.8%)",
      "severity": "WARNING"
    },
    {
      "quarter": "2023-03 (Q1)",
      "signal": "INCREMENTAL MARGIN (YoY)",
      "detail": "YoY Incr OPM: +14.6% vs year-ago OPM: +2.7%",
      "severity": "MEDIUM"
    },
    {
      "quarter": "2022-12 (Q4)",
      "signal": "FCF MARGIN EXPANSION",
      "detail": "FCF margin: +6.7% -> +13.4% (+6.6%)",
      "severity": "MEDIUM"
    },
    {
      "quarter": "2022-12 (Q4)",
      "signal": "OP MARGIN TURNED POSITIVE (QoQ)",
      "detail": "Op margin: -4.0% -> +2.4%",
      "severity": "HIGH"
    },
    {
      "quarter": "2022-06 (Q2)",
      "signal": "FCF TURNED POSITIVE",
      "detail": "FCF margin: -4.9% -> +9.9%",
      "severity": "HIGH"
    },
    {
      "quarter": "2022-06 (Q2)",
      "signal": "YoY REVENUE GROWTH ACCELERATION",
      "detail": "YoY growth: +17.3% vs prior quarter YoY: +9.6% (accel: +7.7%)",
      "severity": "MEDIUM"
    },
    {
      "quarter": "2022-03 (Q1)",
      "signal": "GROSS MARGIN INFLECTION",
      "detail": "GM: +9.3% -> +5.6% -> +7.9% (reversal +2.3%)",
      "severity": "MEDIUM"
    },
    {
      "quarter": "2021-12 (Q4)",
      "signal": "FCF TURNED POSITIVE",
      "detail": "FCF margin: -3.4% -> +6.1%",
      "severity": "HIGH"
    }
  ],
  "data_quality": {
    "n_quarters": 20,
    "coverage": {
      "revenue": [
        20,
        20
      ],
      "gross_profit": [
        20,
        20
      ],
      "op_income": [
        20,
        20
      ],
      "fcf": [
        20,
        20
      ]
    },
    "gaps": [],
    "warnings": []
  },
  "market_cap": null,
  "source": "SEC EDGAR",
  "last_updated": "2026-02-02T21:17:48.360422"
}