{
  "ticker": "DASH",
  "name": "DOORDASH, INC.",
  "sector": "Consumer Cyclical",
  "industry": "Internet Retail",
  "quarters": [
    {
      "date": "2021-03-31T00:00:00",
      "quarter_label": "2021-03 (Q1)",
      "revenue": 1077000000,
      "gross_profit": 514000000,
      "operating_income": -99000000,
      "net_income": -110000000,
      "opex": 1176000000,
      "cogs": 563000000,
      "rd": 82000000,
      "sga": null,
      "fcf": 134000000,
      "ocf": 166000000,
      "capex": -32000000,
      "gross_margin": 0.47725162488393685,
      "op_margin": -0.09192200557103064,
      "fcf_margin": 0.1244196843082637
    },
    {
      "date": "2021-06-30T00:00:00",
      "quarter_label": "2021-06 (Q2)",
      "revenue": 1236000000,
      "gross_profit": 681000000,
      "operating_income": -99000000,
      "net_income": -102000000,
      "opex": 1335000000,
      "cogs": 555000000,
      "rd": 100000000,
      "sga": null,
      "fcf": 221000000,
      "ocf": 252000000,
      "capex": -31000000,
      "gross_margin": 0.5509708737864077,
      "op_margin": -0.08009708737864078,
      "fcf_margin": 0.17880258899676377,
      "op_leverage_ratio": 1.0919220055710306,
      "fcf_margin_change": 0.05438290468850007
    },
    {
      "date": "2021-09-30T00:00:00",
      "quarter_label": "2021-09 (Q3)",
      "revenue": 1275000000,
      "gross_profit": 690000000,
      "operating_income": -100000000,
      "net_income": -101000000,
      "opex": 1375000000,
      "cogs": 585000000,
      "rd": 115000000,
      "sga": null,
      "fcf": 76000000,
      "ocf": 107000000,
      "capex": -31000000,
      "gross_margin": 0.5411764705882353,
      "op_margin": -0.0784313725490196,
      "fcf_margin": 0.0596078431372549,
      "op_leverage_ratio": 1.0530946601941746,
      "fcf_margin_change": -0.11919474585950887
    },
    {
      "date": "2021-12-31T00:00:00",
      "quarter_label": "2021-12 (Q4)",
      "revenue": 1300000000,
      "gross_profit": 665000000,
      "operating_income": -154000000,
      "net_income": -155000000,
      "opex": 1454000000,
      "cogs": 635000000,
      "rd": 133000000,
      "sga": null,
      "fcf": 132000000,
      "ocf": 167000000,
      "capex": -35000000,
      "gross_margin": 0.5115384615384615,
      "op_margin": -0.11846153846153847,
      "fcf_margin": 0.10153846153846154,
      "op_leverage_ratio": 0.3412757508066518,
      "fcf_margin_change": 0.04193061840120663
    },
    {
      "date": "2022-03-31T00:00:00",
      "quarter_label": "2022-03 (Q1)",
      "revenue": 1456000000,
      "gross_profit": 693000000,
      "operating_income": -173000000,
      "net_income": -167000000,
      "opex": 1629000000,
      "cogs": 763000000,
      "rd": 148000000,
      "sga": null,
      "fcf": -52000000,
      "ocf": -20000000,
      "capex": -32000000,
      "gross_margin": 0.47596153846153844,
      "op_margin": -0.11881868131868131,
      "fcf_margin": -0.03571428571428571,
      "incr_op_margin_yoy": -0.19525065963060687,
      "rev_growth_yoy": 0.3519034354688951,
      "op_leverage_ratio": 0.9970285714285714,
      "fcf_margin_change": -0.13725274725274725
    },
    {
      "date": "2022-06-30T00:00:00",
      "quarter_label": "2022-06 (Q2)",
      "revenue": 1608000000,
      "gross_profit": 728000000,
      "operating_income": -273000000,
      "net_income": -263000000,
      "opex": 1881000000,
      "cogs": 880000000,
      "rd": 205000000,
      "sga": null,
      "fcf": 120000000,
      "ocf": 165000000,
      "capex": -45000000,
      "gross_margin": 0.4527363184079602,
      "op_margin": -0.16977611940298507,
      "fcf_margin": 0.07462686567164178,
      "incr_op_margin_yoy": -0.46774193548387094,
      "rev_growth_yoy": 0.30097087378640774,
      "rev_growth_yoy_accel": -0.05093256168248733,
      "op_leverage_ratio": 0.6748430141287285,
      "fcf_margin_change": 0.1103411513859275
    },
    {
      "date": "2022-09-30T00:00:00",
      "quarter_label": "2022-09 (Q3)",
      "revenue": 1701000000,
      "gross_profit": 770000000,
      "operating_income": -308000000,
      "net_income": -295000000,
      "opex": 2009000000,
      "cogs": 931000000,
      "rd": 226000000,
      "sga": null,
      "fcf": 145000000,
      "ocf": 199000000,
      "capex": -54000000,
      "gross_margin": 0.45267489711934156,
      "op_margin": -0.18106995884773663,
      "fcf_margin": 0.08524397413286303,
      "incr_op_margin_yoy": -0.48826291079812206,
      "rev_growth_yoy": 0.3341176470588235,
      "rev_growth_yoy_accel": 0.033146773272415775,
      "op_leverage_ratio": 0.8499154617537313,
      "fcf_margin_change": 0.010617108461221242
    },
    {
      "date": "2022-12-31T00:00:00",
      "quarter_label": "2022-12 (Q4)",
      "revenue": 1818000000,
      "gross_profit": 804000000,
      "operating_income": -370000000,
      "net_income": -640000000,
      "opex": 2188000000,
      "cogs": 1014000000,
      "rd": 250000000,
      "sga": null,
      "fcf": -22000000,
      "ocf": 23000000,
      "capex": -45000000,
      "gross_margin": 0.44224422442244227,
      "op_margin": -0.20352035203520352,
      "fcf_margin": -0.0121012101210121,
      "incr_op_margin_yoy": -0.416988416988417,
      "rev_growth_yoy": 0.3984615384615385,
      "rev_growth_yoy_accel": 0.06434389140271496,
      "op_leverage_ratio": 0.7719842747775708,
      "fcf_margin_change": -0.09734518425387513
    },
    {
      "date": "2023-03-31T00:00:00",
      "quarter_label": "2023-03 (Q1)",
      "revenue": 2035000000,
      "gross_profit": 966000000,
      "operating_income": -171000000,
      "net_income": -161000000,
      "opex": 2206000000,
      "cogs": 1069000000,
      "rd": 231000000,
      "sga": null,
      "fcf": 358000000,
      "ocf": 397000000,
      "capex": -39000000,
      "gross_margin": 0.4746928746928747,
      "op_margin": -0.08402948402948403,
      "fcf_margin": 0.1759213759213759,
      "incr_op_margin_yoy": 0.0034542314335060447,
      "rev_growth_yoy": 0.39766483516483514,
      "rev_growth_yoy_accel": -0.0007967032967033383,
      "op_leverage_ratio": 14.509106466202176,
      "fcf_margin_change": 0.188022586042388
    },
    {
      "date": "2023-06-30T00:00:00",
      "quarter_label": "2023-06 (Q2)",
      "revenue": 2133000000,
      "gross_profit": 998000000,
      "operating_income": -211000000,
      "net_income": -170000000,
      "opex": 2344000000,
      "cogs": 1135000000,
      "rd": 269000000,
      "sga": null,
      "fcf": 366000000,
      "ocf": 393000000,
      "capex": -27000000,
      "gross_margin": 0.46788560712611343,
      "op_margin": -0.09892170651664323,
      "fcf_margin": 0.17158931082981715,
      "incr_op_margin_yoy": 0.1180952380952381,
      "rev_growth_yoy": 0.32649253731343286,
      "rev_growth_yoy_accel": -0.07117229785140228,
      "op_leverage_ratio": 0.7698180393832569,
      "fcf_margin_change": -0.004332065091558757
    },
    {
      "date": "2023-09-30T00:00:00",
      "quarter_label": "2023-09 (Q3)",
      "revenue": 2164000000,
      "gross_profit": 1008000000,
      "operating_income": -108000000,
      "net_income": -73000000,
      "opex": 2272000000,
      "cogs": 1156000000,
      "rd": 250000000,
      "sga": null,
      "fcf": 370000000,
      "ocf": 398000000,
      "capex": -28000000,
      "gross_margin": 0.4658040665434381,
      "op_margin": -0.04990757855822551,
      "fcf_margin": 0.1709796672828096,
      "incr_op_margin_yoy": 0.4319654427645788,
      "rev_growth_yoy": 0.2721928277483833,
      "rev_growth_yoy_accel": -0.054299709565049536,
      "op_leverage_ratio": null,
      "fcf_margin_change": -0.0006096435470075434
    },
    {
      "date": "2023-12-31T00:00:00",
      "quarter_label": "2023-12 (Q4)",
      "revenue": 2303000000,
      "gross_profit": 1074000000,
      "operating_income": -89000000,
      "net_income": -154000000,
      "opex": 2392000000,
      "cogs": 1229000000,
      "rd": 253000000,
      "sga": null,
      "fcf": 456000000,
      "ocf": 485000000,
      "capex": -29000000,
      "gross_margin": 0.46634824142422926,
      "op_margin": -0.03864524533217542,
      "fcf_margin": 0.19800260529743813,
      "incr_op_margin_yoy": 0.5793814432989691,
      "rev_growth_yoy": 0.2667766776677668,
      "rev_growth_yoy_accel": -0.005416150080616522,
      "op_leverage_ratio": 1.2161429451632777,
      "fcf_margin_change": 0.027022938014628517
    },
    {
      "date": "2024-03-31T00:00:00",
      "quarter_label": "2024-03 (Q1)",
      "revenue": 2513000000,
      "gross_profit": 1183000000,
      "operating_income": -61000000,
      "net_income": -23000000,
      "opex": 2574000000,
      "cogs": 1330000000,
      "rd": 279000000,
      "sga": null,
      "fcf": 536000000,
      "ocf": 553000000,
      "capex": -17000000,
      "gross_margin": 0.47075208913649025,
      "op_margin": -0.024273776362912853,
      "fcf_margin": 0.2132908873855949,
      "incr_op_margin_yoy": 0.2301255230125523,
      "rev_growth_yoy": 0.2348894348894349,
      "rev_growth_yoy_accel": -0.03188724277833191,
      "op_leverage_ratio": 1.1984368215371255,
      "fcf_margin_change": 0.015288282088156774
    },
    {
      "date": "2024-06-30T00:00:00",
      "quarter_label": "2024-06 (Q2)",
      "revenue": 2630000000,
      "gross_profit": 1245000000,
      "operating_income": -201000000,
      "net_income": -157000000,
      "opex": 2831000000,
      "cogs": 1385000000,
      "rd": 303000000,
      "sga": null,
      "fcf": 507000000,
      "ocf": 530000000,
      "capex": -23000000,
      "gross_margin": 0.47338403041825095,
      "op_margin": -0.07642585551330798,
      "fcf_margin": 0.19277566539923954,
      "incr_op_margin_yoy": 0.02012072434607646,
      "rev_growth_yoy": 0.23300515705578997,
      "rev_growth_yoy_accel": -0.0018842778336449206,
      "op_leverage_ratio": 0.4663036258150226,
      "fcf_margin_change": -0.02051522198635536
    },
    {
      "date": "2024-09-30T00:00:00",
      "quarter_label": "2024-09 (Q3)",
      "revenue": 2706000000,
      "gross_profit": 1332000000,
      "operating_income": 107000000,
      "net_income": 162000000,
      "opex": 2599000000,
      "cogs": 1374000000,
      "rd": 289000000,
      "sga": null,
      "fcf": 499000000,
      "ocf": 531000000,
      "capex": -32000000,
      "gross_margin": 0.49223946784922396,
      "op_margin": 0.03954175905395418,
      "fcf_margin": 0.18440502586844051,
      "incr_op_margin_yoy": 0.3966789667896679,
      "rev_growth_yoy": 0.25046210720887246,
      "rev_growth_yoy_accel": 0.01745695015308249,
      "op_leverage_ratio": null,
      "fcf_margin_change": -0.008370639530799029
    },
    {
      "date": "2024-12-31T00:00:00",
      "quarter_label": "2024-12 (Q4)",
      "revenue": 2873000000,
      "gross_profit": 1420000000,
      "operating_income": 117000000,
      "net_income": 141000000,
      "opex": 2756000000,
      "cogs": 1453000000,
      "rd": 297000000,
      "sga": null,
      "fcf": 486000000,
      "ocf": 518000000,
      "capex": -32000000,
      "gross_margin": 0.4942568743473721,
      "op_margin": 0.04072398190045249,
      "fcf_margin": 0.16916115558649494,
      "incr_op_margin_yoy": 0.36140350877192984,
      "rev_growth_yoy": 0.24750325662179765,
      "rev_growth_yoy_accel": -0.0029588505870748183,
      "op_leverage_ratio": 1.0216339250827366,
      "fcf_margin_change": -0.01524387028194557
    },
    {
      "date": "2025-03-31T00:00:00",
      "quarter_label": "2025-03 (Q1)",
      "revenue": 3032000000,
      "gross_profit": 1532000000,
      "operating_income": 155000000,
      "net_income": 193000000,
      "opex": 2877000000,
      "cogs": 1500000000,
      "rd": 306000000,
      "sga": null,
      "fcf": 561000000,
      "ocf": 635000000,
      "capex": -74000000,
      "gross_margin": 0.5052770448548812,
      "op_margin": 0.05112137203166227,
      "fcf_margin": 0.18502638522427442,
      "incr_op_margin_yoy": 0.4161849710982659,
      "rev_growth_yoy": 0.20652606446478314,
      "rev_growth_yoy_accel": -0.04097719215701451,
      "op_leverage_ratio": 1.2605362551886616,
      "fcf_margin_change": 0.015865229637779477
    },
    {
      "date": "2025-06-30T00:00:00",
      "quarter_label": "2025-06 (Q2)",
      "revenue": 3284000000,
      "gross_profit": 1668000000,
      "operating_income": 163000000,
      "net_income": 285000000,
      "opex": 3121000000,
      "cogs": 1616000000,
      "rd": 351000000,
      "sga": null,
      "fcf": 438000000,
      "ocf": 504000000,
      "capex": -66000000,
      "gross_margin": 0.5079171741778319,
      "op_margin": 0.04963459196102314,
      "fcf_margin": 0.13337393422655297,
      "incr_op_margin_yoy": 0.5565749235474006,
      "rev_growth_yoy": 0.24866920152091254,
      "rev_growth_yoy_accel": 0.042143137056129404,
      "op_leverage_ratio": 0.9799894026558243,
      "fcf_margin_change": -0.05165245099772145
    },
    {
      "date": "2025-09-30T00:00:00",
      "quarter_label": "2025-09 (Q3)",
      "revenue": 3446000000,
      "gross_profit": 1759000000,
      "operating_income": 258000000,
      "net_income": 244000000,
      "opex": 3188000000,
      "cogs": 1687000000,
      "rd": 355000000,
      "sga": null,
      "fcf": 808000000,
      "ocf": 871000000,
      "capex": -63000000,
      "gross_margin": 0.5104468949506674,
      "op_margin": 0.07486941381311665,
      "fcf_margin": 0.23447475333720255,
      "incr_op_margin_yoy": 0.20405405405405405,
      "rev_growth_yoy": 0.2734663710273466,
      "rev_growth_yoy_accel": 0.02479716950643407,
      "op_leverage_ratio": 2.2978984492882724,
      "fcf_margin_change": 0.10110081911064958
    },
    {
      "date": "2025-12-31T00:00:00",
      "quarter_label": "2025-12 (Q4)",
      "revenue": 3955000000,
      "gross_profit": 2020000000,
      "operating_income": 147000000,
      "net_income": 213000000,
      "opex": 3808000000,
      "cogs": 1935000000,
      "rd": 419000000,
      "sga": null,
      "fcf": 367000000,
      "ocf": 421000000,
      "capex": -54000000,
      "gross_margin": 0.5107458912768648,
      "op_margin": 0.03716814159292035,
      "fcf_margin": 0.09279393173198483,
      "incr_op_margin_yoy": 0.027726432532347505,
      "rev_growth_yoy": 0.37660981552384265,
      "rev_growth_yoy_accel": 0.10314344449649604,
      "op_leverage_ratio": 0.7595023683372961,
      "fcf_margin_change": -0.14168082160521772
    }
  ],
  "signals": [
    {
      "quarter": "2025-12 (Q4)",
      "signal": "YoY REVENUE GROWTH ACCELERATION",
      "detail": "YoY growth: +37.7% vs prior quarter YoY: +27.3% (accel: +10.3%)",
      "severity": "MEDIUM"
    },
    {
      "quarter": "2025-09 (Q3)",
      "signal": "FCF MARGIN EXPANSION",
      "detail": "FCF margin: +13.3% -> +23.4% (+10.1%)",
      "severity": "MEDIUM"
    },
    {
      "quarter": "2025-09 (Q3)",
      "signal": "OPERATING LEVERAGE",
      "detail": "Rev growth +4.9% vs OpEx growth +2.1% (leverage: 2.3x)",
      "severity": "MEDIUM"
    },
    {
      "quarter": "2025-09 (Q3)",
      "signal": "INCREMENTAL MARGIN (YoY)",
      "detail": "YoY Incr OPM: +20.4% vs year-ago OPM: +4.0%",
      "severity": "MEDIUM"
    },
    {
      "quarter": "2025-06 (Q2)",
      "signal": "OP MARGIN TURNED POSITIVE (YoY)",
      "detail": "Op margin: -7.6% (year-ago) -> +5.0%",
      "severity": "HIGH"
    },
    {
      "quarter": "2025-03 (Q1)",
      "signal": "OP MARGIN TURNED POSITIVE (YoY)",
      "detail": "Op margin: -2.4% (year-ago) -> +5.1%",
      "severity": "HIGH"
    },
    {
      "quarter": "2024-12 (Q4)",
      "signal": "OP MARGIN TURNED POSITIVE (YoY)",
      "detail": "Op margin: -3.9% (year-ago) -> +4.1%",
      "severity": "HIGH"
    },
    {
      "quarter": "2024-09 (Q3)",
      "signal": "OP MARGIN TURNED POSITIVE (YoY)",
      "detail": "Op margin: -5.0% (year-ago) -> +4.0%",
      "severity": "HIGH"
    },
    {
      "quarter": "2024-09 (Q3)",
      "signal": "OP MARGIN TURNED POSITIVE (QoQ)",
      "detail": "Op margin: -7.6% -> +4.0%",
      "severity": "HIGH"
    },
    {
      "quarter": "2023-09 (Q3)",
      "signal": "YoY REVENUE GROWTH DECELERATION",
      "detail": "YoY growth: +27.2% vs prior quarter YoY: +32.6% (decel: -5.4%)",
      "severity": "WARNING"
    },
    {
      "quarter": "2023-06 (Q2)",
      "signal": "YoY REVENUE GROWTH DECELERATION",
      "detail": "YoY growth: +32.6% vs prior quarter YoY: +39.8% (decel: -7.1%)",
      "severity": "WARNING"
    },
    {
      "quarter": "2023-03 (Q1)",
      "signal": "FCF TURNED POSITIVE",
      "detail": "FCF margin: -1.2% -> +17.6%",
      "severity": "HIGH"
    },
    {
      "quarter": "2023-03 (Q1)",
      "signal": "OPERATING LEVERAGE",
      "detail": "Rev growth +11.9% vs OpEx growth +0.8% (leverage: 14.5x)",
      "severity": "MEDIUM"
    },
    {
      "quarter": "2023-03 (Q1)",
      "signal": "GROSS MARGIN INFLECTION",
      "detail": "GM: +45.3% -> +44.2% -> +47.5% (reversal +3.2%)",
      "severity": "MEDIUM"
    },
    {
      "quarter": "2022-12 (Q4)",
      "signal": "YoY REVENUE GROWTH ACCELERATION",
      "detail": "YoY growth: +39.8% vs prior quarter YoY: +33.4% (accel: +6.4%)",
      "severity": "MEDIUM"
    },
    {
      "quarter": "2022-06 (Q2)",
      "signal": "FCF TURNED POSITIVE",
      "detail": "FCF margin: -3.6% -> +7.5%",
      "severity": "HIGH"
    },
    {
      "quarter": "2022-06 (Q2)",
      "signal": "YoY REVENUE GROWTH DECELERATION",
      "detail": "YoY growth: +30.1% vs prior quarter YoY: +35.2% (decel: -5.1%)",
      "severity": "WARNING"
    },
    {
      "quarter": "2021-06 (Q2)",
      "signal": "FCF MARGIN EXPANSION",
      "detail": "FCF margin: +12.4% -> +17.9% (+5.4%)",
      "severity": "MEDIUM"
    }
  ],
  "data_quality": {
    "n_quarters": 20,
    "coverage": {
      "revenue": [
        20,
        20
      ],
      "gross_profit": [
        20,
        20
      ],
      "op_income": [
        20,
        20
      ],
      "fcf": [
        20,
        20
      ]
    },
    "gaps": [],
    "warnings": []
  },
  "market_cap": null,
  "source": "SEC EDGAR",
  "last_updated": "2026-02-24T10:28:04.282406"
}