{
  "ticker": "DBD",
  "name": "Diebold Nixdorf, Incorporated",
  "sector": "Technology",
  "industry": "Software - Application",
  "quarters": [
    {
      "date": "2020-09-30T00:00:00",
      "quarter_label": "2020-09 (Q3)",
      "revenue": 995200000,
      "gross_profit": 284100000,
      "operating_income": 23800000,
      "net_income": -101400000,
      "opex": 260300000,
      "cogs": 711100000,
      "rd": 30200000,
      "sga": 226000000,
      "fcf": -28800000,
      "ocf": -28800000,
      "capex": null,
      "gross_margin": 0.2854702572347267,
      "op_margin": 0.023914790996784566,
      "fcf_margin": -0.028938906752411574
    },
    {
      "date": "2020-12-31T00:00:00",
      "quarter_label": "2020-12 (Q4)",
      "revenue": 1105900000,
      "gross_profit": 276500000,
      "operating_income": 5700000,
      "net_income": -51200000,
      "opex": 270800000,
      "cogs": 829400000,
      "rd": 40000000,
      "sga": 228900000,
      "fcf": 214700000,
      "ocf": 214700000,
      "capex": null,
      "gross_margin": 0.25002260602224435,
      "op_margin": 0.005154173071706303,
      "fcf_margin": 0.19414051903427074,
      "op_leverage_ratio": 2.7575419154800187,
      "fcf_margin_change": 0.2230794257866823
    },
    {
      "date": "2021-03-31T00:00:00",
      "quarter_label": "2021-03 (Q1)",
      "revenue": 943900000,
      "gross_profit": 273200000,
      "operating_income": 36200000,
      "net_income": -8100000,
      "opex": 237000000,
      "cogs": 670700000,
      "rd": 34100000,
      "sga": 203400000,
      "fcf": -65200000,
      "ocf": -65200000,
      "capex": null,
      "gross_margin": 0.28943744040682273,
      "op_margin": 0.038351520288166116,
      "fcf_margin": -0.06907511388918318,
      "fcf_margin_change": -0.2632156329234539
    },
    {
      "date": "2021-06-30T00:00:00",
      "quarter_label": "2021-06 (Q2)",
      "revenue": 943500000,
      "gross_profit": 251900000,
      "operating_income": 12900000,
      "net_income": -30300000,
      "opex": 239000000,
      "cogs": 691600000,
      "rd": 35600000,
      "sga": 204800000,
      "fcf": -78500000,
      "ocf": -78500000,
      "capex": null,
      "gross_margin": 0.26698463169051406,
      "op_margin": 0.013672496025437202,
      "fcf_margin": -0.08320084790673025,
      "fcf_margin_change": -0.014125734017547076
    },
    {
      "date": "2021-09-30T00:00:00",
      "quarter_label": "2021-09 (Q3)",
      "revenue": 958200000,
      "gross_profit": 260100000,
      "operating_income": 38700000,
      "net_income": -2100000,
      "opex": 221400000,
      "cogs": 698100000,
      "rd": 25600000,
      "sga": 195500000,
      "fcf": -147900000,
      "ocf": -147900000,
      "capex": null,
      "gross_margin": 0.2714464621164684,
      "op_margin": 0.04038822792736381,
      "fcf_margin": -0.154351909830933,
      "incr_op_margin_yoy": -0.4027027027027027,
      "rev_growth_yoy": -0.037178456591639875,
      "op_leverage_ratio": null,
      "fcf_margin_change": -0.07115106192420274
    },
    {
      "date": "2021-12-31T00:00:00",
      "quarter_label": "2021-12 (Q4)",
      "revenue": 1059600000,
      "gross_profit": 258200000,
      "operating_income": 49300000,
      "net_income": -38300000,
      "opex": 208900000,
      "cogs": 801400000,
      "rd": 31000000,
      "sga": 171900000,
      "fcf": 414900000,
      "ocf": 414900000,
      "capex": null,
      "gross_margin": 0.243676859192148,
      "op_margin": 0.04652699131747829,
      "fcf_margin": 0.39156285390713474,
      "incr_op_margin_yoy": -0.9416846652267818,
      "rev_growth_yoy": -0.04186635319649155,
      "rev_growth_yoy_accel": -0.004687896604851673,
      "op_leverage_ratio": null,
      "fcf_margin_change": 0.5459147637380677
    },
    {
      "date": "2022-03-31T00:00:00",
      "quarter_label": "2022-03 (Q1)",
      "revenue": 829800000,
      "gross_profit": 185300000,
      "operating_income": -83400000,
      "net_income": -183100000,
      "opex": 268700000,
      "cogs": 644500000,
      "rd": 32300000,
      "sga": 181000000,
      "fcf": -226200000,
      "ocf": -226200000,
      "capex": null,
      "gross_margin": 0.22330682092070378,
      "op_margin": -0.1005061460592914,
      "fcf_margin": -0.2725958062183659,
      "incr_op_margin_yoy": 1.0482033304119194,
      "rev_growth_yoy": -0.12088144930607056,
      "rev_growth_yoy_accel": -0.07901509610957902,
      "fcf_margin_change": -0.6641586601255006
    },
    {
      "date": "2022-06-30T00:00:00",
      "quarter_label": "2022-06 (Q2)",
      "revenue": 851700000,
      "gross_profit": 160800000,
      "operating_income": -91500000,
      "net_income": -199200000,
      "opex": 252300000,
      "cogs": 690900000,
      "rd": 33100000,
      "sga": 213800000,
      "fcf": -80400000,
      "ocf": -80400000,
      "capex": null,
      "gross_margin": 0.1887988728425502,
      "op_margin": -0.1074321944346601,
      "fcf_margin": -0.0943994364212751,
      "incr_op_margin_yoy": 1.1372549019607843,
      "rev_growth_yoy": -0.0972972972972973,
      "rev_growth_yoy_accel": 0.023584152008773257,
      "op_leverage_ratio": null,
      "fcf_margin_change": 0.17819636979709078
    },
    {
      "date": "2022-09-30T00:00:00",
      "quarter_label": "2022-09 (Q3)",
      "revenue": 810400000,
      "gross_profit": 193800000,
      "operating_income": 5500000,
      "net_income": -49800000,
      "opex": 188300000,
      "cogs": 616600000,
      "rd": 26700000,
      "sga": 163100000,
      "fcf": -176200000,
      "ocf": -176200000,
      "capex": null,
      "gross_margin": 0.23914116485686082,
      "op_margin": 0.006786771964461994,
      "fcf_margin": -0.21742349457058244,
      "incr_op_margin_yoy": 0.22462787550744248,
      "rev_growth_yoy": -0.15424754748486746,
      "rev_growth_yoy_accel": -0.05695025018757016,
      "fcf_margin_change": -0.12302405814930734
    },
    {
      "date": "2022-12-31T00:00:00",
      "quarter_label": "2022-12 (Q4)",
      "revenue": 968800000,
      "gross_profit": 217400000,
      "operating_income": -42300000,
      "net_income": -149300000,
      "opex": 259700000,
      "cogs": 751400000,
      "rd": 28600000,
      "sga": 183700000,
      "fcf": 94900000,
      "ocf": 94900000,
      "capex": null,
      "gross_margin": 0.22440132122213047,
      "op_margin": -0.04366226259289843,
      "fcf_margin": 0.09795623451692816,
      "incr_op_margin_yoy": 1.0088105726872247,
      "rev_growth_yoy": -0.08569271423178558,
      "rev_growth_yoy_accel": 0.06855483325308188,
      "op_leverage_ratio": 0.5154752917949016,
      "fcf_margin_change": 0.3153797290875106
    },
    {
      "date": "2023-03-31T00:00:00",
      "quarter_label": "2023-03 (Q1)",
      "revenue": 858100000,
      "gross_profit": 209300000,
      "operating_income": -2100000,
      "net_income": -111100000,
      "opex": 211400000,
      "cogs": 648800000,
      "rd": 26400000,
      "sga": 183800000,
      "fcf": -95900000,
      "ocf": -95900000,
      "capex": null,
      "gross_margin": 0.24391096608786855,
      "op_margin": -0.0024472672182729287,
      "fcf_margin": -0.1117585363011304,
      "incr_op_margin_yoy": 2.872791519434629,
      "rev_growth_yoy": 0.03410460351892022,
      "rev_growth_yoy_accel": 0.1197973177507058,
      "fcf_margin_change": -0.20971477081805856
    },
    {
      "date": "2023-06-30T00:00:00",
      "quarter_label": "2023-06 (Q2)",
      "revenue": 922200000,
      "gross_profit": 225200000,
      "operating_income": -3900000,
      "net_income": -677100000,
      "opex": 229100000,
      "cogs": 697000000,
      "rd": 25400000,
      "sga": 201000000,
      "fcf": -241700000,
      "ocf": -241700000,
      "capex": null,
      "gross_margin": 0.24419865538928648,
      "op_margin": -0.004229017566688354,
      "fcf_margin": -0.26209065278681415,
      "incr_op_margin_yoy": 1.2425531914893617,
      "rev_growth_yoy": 0.08277562522014793,
      "rev_growth_yoy_accel": 0.04867102170122771,
      "op_leverage_ratio": 0.8921786867188514,
      "fcf_margin_change": -0.15033211648568373
    },
    {
      "date": "2024-03-31T00:00:00",
      "quarter_label": "2024-03 (Q1)",
      "revenue": 895400000,
      "gross_profit": 208600000,
      "operating_income": 23800000,
      "net_income": -14600000,
      "opex": 184800000,
      "cogs": 686800000,
      "rd": 24200000,
      "sga": 161600000,
      "fcf": -23500000,
      "ocf": -23500000,
      "capex": null,
      "gross_margin": 0.23296850569577843,
      "op_margin": 0.026580299307572035,
      "fcf_margin": -0.02624525351798079,
      "incr_op_margin_yoy": 0.6943699731903485,
      "rev_growth_yoy": 0.04346812725789535,
      "rev_growth_yoy_accel": -0.03930749796225258,
      "fcf_margin_change": 0.23584539926883336
    },
    {
      "date": "2024-06-30T00:00:00",
      "quarter_label": "2024-06 (Q2)",
      "revenue": 939700000,
      "gross_profit": 243200000,
      "operating_income": 70700000,
      "net_income": 14900000,
      "opex": 172500000,
      "cogs": 696500000,
      "rd": 22100000,
      "sga": 152200000,
      "fcf": -8000000,
      "ocf": -8000000,
      "capex": null,
      "gross_margin": 0.25880600191550496,
      "op_margin": 0.07523677769500904,
      "fcf_margin": -0.008513355326167926,
      "incr_op_margin_yoy": 4.2628571428571425,
      "rev_growth_yoy": 0.01897636087616569,
      "rev_growth_yoy_accel": -0.024491766381729663,
      "op_leverage_ratio": null,
      "fcf_margin_change": 0.017731898191812864
    },
    {
      "date": "2024-09-30T00:00:00",
      "quarter_label": "2024-09 (Q3)",
      "revenue": 927100000,
      "gross_profit": 236600000,
      "operating_income": 46400000,
      "net_income": -22400000,
      "opex": 190200000,
      "cogs": 690500000,
      "rd": 23400000,
      "sga": 164600000,
      "fcf": -15500000,
      "ocf": -15500000,
      "capex": null,
      "gross_margin": 0.25520440081976054,
      "op_margin": 0.05004853845324129,
      "fcf_margin": -0.016718800560888793,
      "fcf_margin_change": -0.008205445234720866
    },
    {
      "date": "2024-12-31T00:00:00",
      "quarter_label": "2024-12 (Q4)",
      "revenue": 988900000,
      "gross_profit": 231600000,
      "operating_income": 41200000,
      "net_income": 5600000,
      "opex": 190400000,
      "cogs": 757300000,
      "rd": 23900000,
      "sga": 165200000,
      "fcf": 196200000,
      "ocf": 196200000,
      "capex": null,
      "gross_margin": 0.23419961573465467,
      "op_margin": 0.041662453230862574,
      "fcf_margin": 0.19840226514308829,
      "op_leverage_ratio": 63.39316147125445,
      "fcf_margin_change": 0.21512106570397707
    },
    {
      "date": "2025-03-31T00:00:00",
      "quarter_label": "2025-03 (Q1)",
      "revenue": 841100000,
      "gross_profit": 202400000,
      "operating_income": 29600000,
      "net_income": -8300000,
      "opex": 172800000,
      "cogs": 638700000,
      "rd": 22700000,
      "sga": 151800000,
      "fcf": 15700000,
      "ocf": 15700000,
      "capex": null,
      "gross_margin": 0.24063726072999644,
      "op_margin": 0.0351920104624896,
      "fcf_margin": 0.018666032576388065,
      "incr_op_margin_yoy": -0.10681399631675875,
      "rev_growth_yoy": -0.06064328791601519,
      "fcf_margin_change": -0.1797362325667002
    },
    {
      "date": "2025-06-30T00:00:00",
      "quarter_label": "2025-06 (Q2)",
      "revenue": 915200000,
      "gross_profit": 234000000,
      "operating_income": 56200000,
      "net_income": 12200000,
      "opex": 177800000,
      "cogs": 681200000,
      "rd": 22400000,
      "sga": 154200000,
      "fcf": 30100000,
      "ocf": 30100000,
      "capex": null,
      "gross_margin": 0.2556818181818182,
      "op_margin": 0.061407342657342656,
      "fcf_margin": 0.032888986013986016,
      "incr_op_margin_yoy": 0.5918367346938775,
      "rev_growth_yoy": -0.026072150686389274,
      "rev_growth_yoy_accel": 0.03457113722962592,
      "op_leverage_ratio": 3.0446986089644517,
      "fcf_margin_change": 0.014222953437597951
    },
    {
      "date": "2025-09-30T00:00:00",
      "quarter_label": "2025-09 (Q3)",
      "revenue": 945200000,
      "gross_profit": 245100000,
      "operating_income": 73800000,
      "net_income": 41100000,
      "opex": 171300000,
      "cogs": 700100000,
      "rd": 20300000,
      "sga": 150900000,
      "fcf": 37400000,
      "ocf": 37400000,
      "capex": null,
      "gross_margin": 0.25931019889970375,
      "op_margin": 0.0780787134997884,
      "fcf_margin": 0.039568345323741004,
      "incr_op_margin_yoy": 1.5138121546961325,
      "rev_growth_yoy": 0.019523244525941105,
      "rev_growth_yoy_accel": 0.04559539521233038,
      "op_leverage_ratio": null,
      "fcf_margin_change": 0.006679359309754988
    },
    {
      "date": "2025-12-31T00:00:00",
      "quarter_label": "2025-12 (Q4)",
      "revenue": 1104200000,
      "gross_profit": 279800000,
      "operating_income": 82400000,
      "net_income": 49600000,
      "opex": 197400000,
      "cogs": 824400000,
      "rd": 21400000,
      "sga": 175600000,
      "fcf": 217500000,
      "ocf": 217500000,
      "capex": null,
      "gross_margin": 0.2533961238905995,
      "op_margin": 0.07462416228944031,
      "fcf_margin": 0.19697518565477268,
      "incr_op_margin_yoy": 0.35732870771899394,
      "rev_growth_yoy": 0.11659419557083628,
      "rev_growth_yoy_accel": 0.09707095104489517,
      "op_leverage_ratio": 1.104053876574197,
      "fcf_margin_change": 0.15740684033103167
    }
  ],
  "signals": [
    {
      "quarter": "2025-12 (Q4)",
      "signal": "FCF MARGIN EXPANSION",
      "detail": "FCF margin: +4.0% -> +19.7% (+15.7%)",
      "severity": "MEDIUM"
    },
    {
      "quarter": "2025-12 (Q4)",
      "signal": "YoY REVENUE GROWTH ACCELERATION",
      "detail": "YoY growth: +11.7% vs prior quarter YoY: +2.0% (accel: +9.7%)",
      "severity": "MEDIUM"
    },
    {
      "quarter": "2025-12 (Q4)",
      "signal": "INCREMENTAL MARGIN (YoY)",
      "detail": "YoY Incr OPM: +35.7% vs year-ago OPM: +4.2%",
      "severity": "HIGH"
    },
    {
      "quarter": "2025-09 (Q3)",
      "signal": "INCREMENTAL MARGIN (YoY)",
      "detail": "YoY Incr OPM: +151.4% vs year-ago OPM: +5.0%",
      "severity": "HIGH"
    },
    {
      "quarter": "2025-06 (Q2)",
      "signal": "OPERATING LEVERAGE",
      "detail": "Rev growth +8.8% vs OpEx growth +2.9% (leverage: 3.0x)",
      "severity": "MEDIUM"
    },
    {
      "quarter": "2025-06 (Q2)",
      "signal": "INCREMENTAL MARGIN (YoY)",
      "detail": "YoY Incr OPM: +59.2% vs year-ago OPM: +7.5%",
      "severity": "HIGH"
    },
    {
      "quarter": "2024-12 (Q4)",
      "signal": "FCF TURNED POSITIVE",
      "detail": "FCF margin: -1.7% -> +19.8%",
      "severity": "HIGH"
    },
    {
      "quarter": "2024-12 (Q4)",
      "signal": "OPERATING LEVERAGE",
      "detail": "Rev growth +6.7% vs OpEx growth +0.1% (leverage: 63.4x)",
      "severity": "MEDIUM"
    },
    {
      "quarter": "2024-06 (Q2)",
      "signal": "GROSS MARGIN INFLECTION",
      "detail": "GM: +24.4% -> +23.3% -> +25.9% (reversal +2.6%)",
      "severity": "MEDIUM"
    },
    {
      "quarter": "2024-06 (Q2)",
      "signal": "OP MARGIN TURNED POSITIVE (YoY)",
      "detail": "Op margin: -0.4% (year-ago) -> +7.5%",
      "severity": "HIGH"
    },
    {
      "quarter": "2024-03 (Q1)",
      "signal": "FCF MARGIN EXPANSION",
      "detail": "FCF margin: -26.2% -> -2.6% (+23.6%)",
      "severity": "MEDIUM"
    },
    {
      "quarter": "2024-03 (Q1)",
      "signal": "OP MARGIN TURNED POSITIVE (YoY)",
      "detail": "Op margin: -0.2% (year-ago) -> +2.7%",
      "severity": "HIGH"
    },
    {
      "quarter": "2024-03 (Q1)",
      "signal": "OP MARGIN TURNED POSITIVE (QoQ)",
      "detail": "Op margin: -0.4% -> +2.7%",
      "severity": "HIGH"
    },
    {
      "quarter": "2023-03 (Q1)",
      "signal": "YoY REVENUE GROWTH ACCELERATION",
      "detail": "YoY growth: +3.4% vs prior quarter YoY: -8.6% (accel: +12.0%)",
      "severity": "MEDIUM"
    },
    {
      "quarter": "2022-12 (Q4)",
      "signal": "FCF TURNED POSITIVE",
      "detail": "FCF margin: -21.7% -> +9.8%",
      "severity": "HIGH"
    },
    {
      "quarter": "2022-12 (Q4)",
      "signal": "YoY REVENUE GROWTH ACCELERATION",
      "detail": "YoY growth: -8.6% vs prior quarter YoY: -15.4% (accel: +6.9%)",
      "severity": "MEDIUM"
    },
    {
      "quarter": "2022-09 (Q3)",
      "signal": "GROSS MARGIN INFLECTION",
      "detail": "GM: +22.3% -> +18.9% -> +23.9% (reversal +5.0%)",
      "severity": "HIGH"
    },
    {
      "quarter": "2022-09 (Q3)",
      "signal": "YoY REVENUE GROWTH DECELERATION",
      "detail": "YoY growth: -15.4% vs prior quarter YoY: -9.7% (decel: -5.7%)",
      "severity": "WARNING"
    },
    {
      "quarter": "2022-09 (Q3)",
      "signal": "INCREMENTAL MARGIN (YoY)",
      "detail": "YoY Incr OPM: +22.5% vs year-ago OPM: +4.0%",
      "severity": "MEDIUM"
    },
    {
      "quarter": "2022-09 (Q3)",
      "signal": "OP MARGIN TURNED POSITIVE (QoQ)",
      "detail": "Op margin: -10.7% -> +0.7%",
      "severity": "HIGH"
    },
    {
      "quarter": "2022-06 (Q2)",
      "signal": "FCF MARGIN EXPANSION",
      "detail": "FCF margin: -27.3% -> -9.4% (+17.8%)",
      "severity": "MEDIUM"
    },
    {
      "quarter": "2022-03 (Q1)",
      "signal": "YoY REVENUE GROWTH DECELERATION",
      "detail": "YoY growth: -12.1% vs prior quarter YoY: -4.2% (decel: -7.9%)",
      "severity": "WARNING"
    },
    {
      "quarter": "2021-12 (Q4)",
      "signal": "FCF TURNED POSITIVE",
      "detail": "FCF margin: -15.4% -> +39.2%",
      "severity": "HIGH"
    },
    {
      "quarter": "2021-03 (Q1)",
      "signal": "GROSS MARGIN INFLECTION",
      "detail": "GM: +28.5% -> +25.0% -> +28.9% (reversal +3.9%)",
      "severity": "MEDIUM"
    },
    {
      "quarter": "2020-12 (Q4)",
      "signal": "FCF TURNED POSITIVE",
      "detail": "FCF margin: -2.9% -> +19.4%",
      "severity": "HIGH"
    },
    {
      "quarter": "2020-12 (Q4)",
      "signal": "OPERATING LEVERAGE",
      "detail": "Rev growth +11.1% vs OpEx growth +4.0% (leverage: 2.8x)",
      "severity": "MEDIUM"
    }
  ],
  "data_quality": {
    "n_quarters": 20,
    "coverage": {
      "revenue": [
        20,
        20
      ],
      "gross_profit": [
        20,
        20
      ],
      "op_income": [
        20,
        20
      ],
      "fcf": [
        20,
        20
      ]
    },
    "gaps": [
      [
        "2023-06 (Q2)",
        "2024-03 (Q1)",
        275
      ]
    ],
    "warnings": [
      "gap: 2Q missing between 2023-06 (Q2) and 2024-03 (Q1)"
    ]
  },
  "market_cap": null,
  "source": "SEC EDGAR",
  "last_updated": "2026-02-13T11:34:18.533596"
}