{
  "ticker": "DBI",
  "name": "Designer Brands Inc.",
  "quarters": [
    {
      "date": "2021-01-30T00:00:00",
      "quarter_label": "2021-01 (Q1)",
      "revenue": 609352000,
      "gross_profit": 135003000,
      "operating_income": -67802000,
      "net_income": null,
      "opex": 202805000,
      "cogs": null,
      "rd": null,
      "sga": 201566000,
      "fcf": -51649000,
      "ocf": -47460000,
      "capex": -4189000,
      "gross_margin": 0.22155174677362183,
      "op_margin": -0.1112690202050703,
      "fcf_margin": -0.08476053250009846
    },
    {
      "date": "2021-05-01T00:00:00",
      "quarter_label": "2021-05 (Q2)",
      "revenue": 703155000,
      "gross_profit": 216111000,
      "operating_income": 17005000,
      "net_income": null,
      "opex": 199106000,
      "cogs": null,
      "rd": null,
      "sga": 200814000,
      "fcf": -6997000,
      "ocf": -1356000,
      "capex": -5641000,
      "gross_margin": 0.3073447532905263,
      "op_margin": 0.024183857044321664,
      "fcf_margin": -0.00995086431867796,
      "op_leverage_ratio": Infinity,
      "fcf_margin_change": 0.0748096681814205
    },
    {
      "date": "2021-07-31T00:00:00",
      "quarter_label": "2021-07 (Q3)",
      "revenue": 817335000,
      "gross_profit": 284681000,
      "operating_income": 61412000,
      "net_income": null,
      "opex": 223269000,
      "cogs": null,
      "rd": null,
      "sga": 224385000,
      "fcf": 90037000,
      "ocf": 97585000,
      "capex": -7548000,
      "gross_margin": 0.3483039390213315,
      "op_margin": 0.075136877779613,
      "fcf_margin": 0.11015923703255091,
      "op_leverage_ratio": 1.3380503717829593,
      "fcf_margin_change": 0.12011010135122888
    },
    {
      "date": "2021-10-30T00:00:00",
      "quarter_label": "2021-10 (Q4)",
      "revenue": 853467000,
      "gross_profit": 313617000,
      "operating_income": 104308000,
      "net_income": null,
      "opex": 209309000,
      "cogs": null,
      "rd": null,
      "sga": 211909000,
      "fcf": 59193000,
      "ocf": 68065000,
      "capex": -8872000,
      "gross_margin": 0.36746236234089896,
      "op_margin": 0.12221679338509867,
      "fcf_margin": 0.06935593291832022,
      "op_leverage_ratio": Infinity,
      "fcf_margin_change": -0.04080330411423069
    },
    {
      "date": "2022-01-29T00:00:00",
      "quarter_label": "2022-01 (Q1)",
      "revenue": 822626000,
      "gross_profit": 254228000,
      "operating_income": 22496000,
      "net_income": null,
      "opex": 231732000,
      "cogs": null,
      "rd": null,
      "sga": 233574000,
      "fcf": -3834000,
      "ocf": 7135000,
      "capex": -10969000,
      "gross_margin": 0.30904445033344435,
      "op_margin": 0.02734657061653777,
      "fcf_margin": -0.004660684199137882,
      "incr_op_margin_yoy": 0.42338963024091075,
      "rev_growth_yoy": 0.35000131287006525,
      "fcf_margin_change": -0.0740166171174581
    },
    {
      "date": "2022-04-30T00:00:00",
      "quarter_label": "2022-04 (Q2)",
      "revenue": 830543000,
      "gross_profit": 275745000,
      "operating_income": 53192000,
      "net_income": 26182000,
      "opex": 222553000,
      "cogs": null,
      "rd": null,
      "sga": 223426000,
      "fcf": -52920000,
      "ocf": -40672000,
      "capex": -12248000,
      "gross_margin": 0.3320056878451808,
      "op_margin": 0.06404484776826727,
      "fcf_margin": -0.06371735117868671,
      "incr_op_margin_yoy": 0.284069143090401,
      "rev_growth_yoy": 0.1811663146816847,
      "rev_growth_yoy_accel": -0.16883499818838055,
      "fcf_margin_change": -0.059056666979548825
    },
    {
      "date": "2022-07-30T00:00:00",
      "quarter_label": "2022-07 (Q3)",
      "revenue": 859319000,
      "gross_profit": 295670000,
      "operating_income": 67599000,
      "net_income": 46213000,
      "opex": 228071000,
      "cogs": null,
      "rd": null,
      "sga": 228690000,
      "fcf": 36633000,
      "ocf": 51536000,
      "capex": -14903000,
      "gross_margin": 0.3440747848005223,
      "op_margin": 0.07866578069378194,
      "fcf_margin": 0.042630268852428495,
      "incr_op_margin_yoy": 0.1473656631097561,
      "rev_growth_yoy": 0.051366942563330825,
      "rev_growth_yoy_accel": -0.12979937211835388,
      "op_leverage_ratio": 1.3973978133478189,
      "fcf_margin_change": 0.1063476200311152
    },
    {
      "date": "2022-10-29T00:00:00",
      "quarter_label": "2022-10 (Q4)",
      "revenue": 865020000,
      "gross_profit": 285819000,
      "operating_income": 64528000,
      "net_income": 45171000,
      "opex": 221291000,
      "cogs": null,
      "rd": null,
      "sga": 222232000,
      "fcf": 12299000,
      "ocf": 27076000,
      "capex": -14777000,
      "gross_margin": 0.3304189498508705,
      "op_margin": 0.07459711914175395,
      "fcf_margin": 0.01421816836604934,
      "incr_op_margin_yoy": -3.4432614905219423,
      "rev_growth_yoy": 0.01353655150111252,
      "rev_growth_yoy_accel": -0.037830391062218305,
      "fcf_margin_change": -0.028412100486379155
    },
    {
      "date": "2023-01-28T00:00:00",
      "quarter_label": "2023-01 (Q1)",
      "revenue": 760546000,
      "gross_profit": 221991000,
      "operating_income": 2071000,
      "net_income": 45110000,
      "opex": 219920000,
      "cogs": null,
      "rd": null,
      "sga": 222034000,
      "fcf": 150440000,
      "ocf": 163486000,
      "capex": -13046000,
      "gross_margin": 0.29188372563921183,
      "op_margin": 0.0027230437080728847,
      "fcf_margin": 0.19780526095725964,
      "incr_op_margin_yoy": 0.32901095360824745,
      "rev_growth_yoy": -0.07546564295317677,
      "rev_growth_yoy_accel": -0.0890021944542893,
      "fcf_margin_change": 0.1835870925912103
    },
    {
      "date": "2023-04-29T00:00:00",
      "quarter_label": "2023-04 (Q2)",
      "revenue": 742082000,
      "gross_profit": 237739000,
      "operating_income": 19610000,
      "net_income": 11415000,
      "opex": 306288000,
      "cogs": 418174000,
      "rd": null,
      "sga": 220119000,
      "fcf": 8164000,
      "ocf": 22546000,
      "capex": -14382000,
      "gross_margin": 0.3203675604582782,
      "op_margin": 0.02642565107360103,
      "fcf_margin": 0.011001479620850525,
      "incr_op_margin_yoy": 0.3796249194560315,
      "rev_growth_yoy": -0.106509837540019,
      "rev_growth_yoy_accel": -0.031044194586842225,
      "fcf_margin_change": -0.18680378133640912
    },
    {
      "date": "2023-07-29T00:00:00",
      "quarter_label": "2023-07 (Q3)",
      "revenue": 792217000,
      "gross_profit": 273387000,
      "operating_income": 60687000,
      "net_income": 37204000,
      "opex": 302906000,
      "cogs": 430454000,
      "rd": null,
      "sga": 214530000,
      "fcf": 101080000,
      "ocf": 111825000,
      "capex": -10745000,
      "gross_margin": 0.34509105459741457,
      "op_margin": 0.07660401127468863,
      "fcf_margin": 0.1275913038977957,
      "incr_op_margin_yoy": 0.10300736192661918,
      "rev_growth_yoy": -0.07808741573269065,
      "rev_growth_yoy_accel": 0.028422421807328346,
      "op_leverage_ratio": Infinity,
      "fcf_margin_change": 0.11658982427694517
    },
    {
      "date": "2023-10-28T00:00:00",
      "quarter_label": "2023-10 (Q4)",
      "revenue": 786329000,
      "gross_profit": 256406000,
      "operating_income": 28121000,
      "net_income": 10141000,
      "opex": 320115000,
      "cogs": 440596000,
      "rd": null,
      "sga": 230788000,
      "fcf": 50962000,
      "ocf": 68150000,
      "capex": -17188000,
      "gross_margin": 0.3260797961158752,
      "op_margin": 0.035762384447222476,
      "fcf_margin": 0.06481002226803284,
      "incr_op_margin_yoy": 0.4626577372253498,
      "rev_growth_yoy": -0.09097015097916811,
      "rev_growth_yoy_accel": -0.012882735246477456,
      "fcf_margin_change": -0.06278128162976285
    },
    {
      "date": "2024-02-03T00:00:00",
      "quarter_label": "2024-02 (Q1)",
      "revenue": 754348000,
      "gross_profit": 292591000,
      "operating_income": -36017000,
      "net_income": -29698000,
      "opex": 326841000,
      "cogs": 461757000,
      "rd": null,
      "sga": 241604000,
      "fcf": -52804000,
      "ocf": -40122000,
      "capex": -12682000,
      "gross_margin": 0.38787270596594675,
      "op_margin": -0.047745867954843126,
      "fcf_margin": -0.06999952276668063,
      "incr_op_margin_yoy": 6.145208131655373,
      "rev_growth_yoy": -0.008149408451296832,
      "rev_growth_yoy_accel": 0.08282074252787128,
      "fcf_margin_change": -0.13480954503471348
    },
    {
      "date": "2024-05-04T00:00:00",
      "quarter_label": "2024-05 (Q2)",
      "revenue": 746596000,
      "gross_profit": 245069000,
      "operating_income": 9382000,
      "net_income": 783000,
      "opex": 323493000,
      "cogs": 416585000,
      "rd": null,
      "sga": 238551000,
      "fcf": -35571000,
      "ocf": -19680000,
      "capex": -15891000,
      "gross_margin": 0.32824847708801014,
      "op_margin": 0.012566367888389437,
      "fcf_margin": -0.04764424132998302,
      "incr_op_margin_yoy": -2.265839610101905,
      "rev_growth_yoy": 0.006082885718828916,
      "rev_growth_yoy_accel": 0.014232294170125748,
      "fcf_margin_change": 0.022355281436697613
    },
    {
      "date": "2024-08-03T00:00:00",
      "quarter_label": "2024-08 (Q3)",
      "revenue": 771900000,
      "gross_profit": 252914000,
      "operating_income": 28589000,
      "net_income": 13824000,
      "opex": 313531000,
      "cogs": 432351000,
      "rd": null,
      "sga": 226896000,
      "fcf": 27988000,
      "ocf": 41578000,
      "capex": -13590000,
      "gross_margin": 0.3276512501619381,
      "op_margin": 0.03703718098199248,
      "fcf_margin": 0.03625858271796865,
      "incr_op_margin_yoy": 1.5798592311857065,
      "rev_growth_yoy": -0.02564575110102409,
      "rev_growth_yoy_accel": -0.03172863681985301,
      "op_leverage_ratio": Infinity,
      "fcf_margin_change": 0.08390282404795166
    },
    {
      "date": "2024-11-02T00:00:00",
      "quarter_label": "2024-11 (Q4)",
      "revenue": 777194000,
      "gross_profit": 247445000,
      "operating_income": 22816000,
      "net_income": 13012000,
      "opex": 296827000,
      "cogs": 443379000,
      "rd": null,
      "sga": 210457000,
      "fcf": -19190000,
      "ocf": -9761000,
      "capex": -9429000,
      "gross_margin": 0.3183825402666516,
      "op_margin": 0.02935689158691395,
      "fcf_margin": -0.024691389794568665,
      "incr_op_margin_yoy": 0.5807334428024084,
      "rev_growth_yoy": -0.011617274703082298,
      "rev_growth_yoy_accel": 0.014028476397941792,
      "fcf_margin_change": -0.06094997251253731
    },
    {
      "date": "2025-02-01T00:00:00",
      "quarter_label": "2025-02 (Q1)",
      "revenue": 713572000,
      "gross_profit": 282583000,
      "operating_income": -25854000,
      "net_income": -38168000,
      "opex": 311983000,
      "cogs": 430989000,
      "rd": null,
      "sga": 569930000,
      "fcf": 58118000,
      "ocf": 70099000,
      "capex": -11981000,
      "gross_margin": 0.3960118950855695,
      "op_margin": -0.03623180281737512,
      "fcf_margin": 0.08144658142415902,
      "incr_op_margin_yoy": -0.24923974887188544,
      "rev_growth_yoy": -0.054054627307290534,
      "rev_growth_yoy_accel": -0.04243735260420824,
      "fcf_margin_change": 0.10613797121872769
    },
    {
      "date": "2025-05-03T00:00:00",
      "quarter_label": "2025-05 (Q2)",
      "revenue": 686909000,
      "gross_profit": 295126000,
      "operating_income": -7262000,
      "net_income": -17424000,
      "opex": 302388000,
      "cogs": null,
      "rd": null,
      "sga": 301862000,
      "fcf": -27595000,
      "ocf": -20366000,
      "capex": -7229000,
      "gross_margin": 0.42964351901052394,
      "op_margin": -0.010571997164107618,
      "fcf_margin": -0.04017271574546265,
      "incr_op_margin_yoy": 0.2788546919764773,
      "rev_growth_yoy": -0.07994551270030914,
      "rev_growth_yoy_accel": -0.025890885393018606,
      "fcf_margin_change": -0.12161929716962167
    },
    {
      "date": "2025-08-02T00:00:00",
      "quarter_label": "2025-08 (Q3)",
      "revenue": 739762000,
      "gross_profit": 322933000,
      "operating_income": 26583000,
      "net_income": 10827000,
      "opex": 296350000,
      "cogs": null,
      "rd": null,
      "sga": 297462000,
      "fcf": 11919000,
      "ocf": 21443000,
      "capex": -9524000,
      "gross_margin": 0.43653634547327386,
      "op_margin": 0.03593453029487862,
      "fcf_margin": 0.0161119387046104,
      "incr_op_margin_yoy": 0.062418320990727486,
      "rev_growth_yoy": -0.041634926803990155,
      "rev_growth_yoy_accel": 0.038310585896318985,
      "op_leverage_ratio": Infinity,
      "fcf_margin_change": 0.05628465445007305
    },
    {
      "date": "2025-11-01T00:00:00",
      "quarter_label": "2025-11 (Q4)",
      "revenue": 752411000,
      "gross_profit": 339619000,
      "operating_income": 42663000,
      "net_income": 18215000,
      "opex": 296956000,
      "cogs": null,
      "rd": null,
      "sga": 300056000,
      "fcf": 57499000,
      "ocf": 66530000,
      "capex": -9031000,
      "gross_margin": 0.45137431536753186,
      "op_margin": 0.05670172286157433,
      "fcf_margin": 0.07641966956889254,
      "incr_op_margin_yoy": -0.800831214945729,
      "rev_growth_yoy": -0.031887791207858014,
      "rev_growth_yoy_accel": 0.00974713559613214,
      "op_leverage_ratio": 8.361736567972809,
      "fcf_margin_change": 0.060307730864282136
    }
  ],
  "signals": [
    {
      "quarter": "2025-11 (Q4)",
      "signal": "FCF MARGIN EXPANSION",
      "detail": "FCF margin: +1.6% -> +7.6% (+6.0%)",
      "severity": "MEDIUM"
    },
    {
      "quarter": "2025-11 (Q4)",
      "signal": "OPERATING LEVERAGE",
      "detail": "Rev growth +1.7% vs OpEx growth +0.2% (leverage: 8.4x)",
      "severity": "MEDIUM"
    },
    {
      "quarter": "2025-08 (Q3)",
      "signal": "FCF TURNED POSITIVE",
      "detail": "FCF margin: -4.0% -> +1.6%",
      "severity": "HIGH"
    },
    {
      "quarter": "2025-08 (Q3)",
      "signal": "OP MARGIN TURNED POSITIVE (QoQ)",
      "detail": "Op margin: -1.1% -> +3.6%",
      "severity": "HIGH"
    },
    {
      "quarter": "2025-02 (Q1)",
      "signal": "FCF TURNED POSITIVE",
      "detail": "FCF margin: -2.5% -> +8.1%",
      "severity": "HIGH"
    },
    {
      "quarter": "2025-02 (Q1)",
      "signal": "GROSS MARGIN INFLECTION",
      "detail": "GM: +32.8% -> +31.8% -> +39.6% (reversal +7.8%)",
      "severity": "HIGH"
    },
    {
      "quarter": "2024-11 (Q4)",
      "signal": "INCREMENTAL MARGIN (YoY)",
      "detail": "YoY Incr OPM: +58.1% vs year-ago OPM: +3.6%",
      "severity": "HIGH"
    },
    {
      "quarter": "2024-08 (Q3)",
      "signal": "FCF TURNED POSITIVE",
      "detail": "FCF margin: -4.8% -> +3.6%",
      "severity": "HIGH"
    },
    {
      "quarter": "2024-08 (Q3)",
      "signal": "INCREMENTAL MARGIN (YoY)",
      "detail": "YoY Incr OPM: +158.0% vs year-ago OPM: +7.7%",
      "severity": "HIGH"
    },
    {
      "quarter": "2024-05 (Q2)",
      "signal": "OP MARGIN TURNED POSITIVE (QoQ)",
      "detail": "Op margin: -4.8% -> +1.3%",
      "severity": "HIGH"
    },
    {
      "quarter": "2024-02 (Q1)",
      "signal": "GROSS MARGIN INFLECTION",
      "detail": "GM: +34.5% -> +32.6% -> +38.8% (reversal +6.2%)",
      "severity": "HIGH"
    },
    {
      "quarter": "2024-02 (Q1)",
      "signal": "YoY REVENUE GROWTH ACCELERATION",
      "detail": "YoY growth: -0.8% vs prior quarter YoY: -9.1% (accel: +8.3%)",
      "severity": "MEDIUM"
    },
    {
      "quarter": "2023-10 (Q4)",
      "signal": "INCREMENTAL MARGIN (YoY)",
      "detail": "YoY Incr OPM: +46.3% vs year-ago OPM: +7.5%",
      "severity": "HIGH"
    },
    {
      "quarter": "2023-07 (Q3)",
      "signal": "FCF MARGIN EXPANSION",
      "detail": "FCF margin: +1.1% -> +12.8% (+11.7%)",
      "severity": "MEDIUM"
    },
    {
      "quarter": "2023-04 (Q2)",
      "signal": "GROSS MARGIN INFLECTION",
      "detail": "GM: +33.0% -> +29.2% -> +32.0% (reversal +2.8%)",
      "severity": "MEDIUM"
    },
    {
      "quarter": "2023-04 (Q2)",
      "signal": "INCREMENTAL MARGIN (YoY)",
      "detail": "YoY Incr OPM: +38.0% vs year-ago OPM: +6.4%",
      "severity": "HIGH"
    },
    {
      "quarter": "2023-01 (Q1)",
      "signal": "FCF MARGIN EXPANSION",
      "detail": "FCF margin: +1.4% -> +19.8% (+18.4%)",
      "severity": "MEDIUM"
    },
    {
      "quarter": "2023-01 (Q1)",
      "signal": "YoY REVENUE GROWTH DECELERATION",
      "detail": "YoY growth: -7.5% vs prior quarter YoY: +1.4% (decel: -8.9%)",
      "severity": "WARNING"
    },
    {
      "quarter": "2023-01 (Q1)",
      "signal": "INCREMENTAL MARGIN (YoY)",
      "detail": "YoY Incr OPM: +32.9% vs year-ago OPM: +2.7%",
      "severity": "HIGH"
    },
    {
      "quarter": "2022-07 (Q3)",
      "signal": "FCF TURNED POSITIVE",
      "detail": "FCF margin: -6.4% -> +4.3%",
      "severity": "HIGH"
    },
    {
      "quarter": "2022-07 (Q3)",
      "signal": "YoY REVENUE GROWTH DECELERATION",
      "detail": "YoY growth: +5.1% vs prior quarter YoY: +18.1% (decel: -13.0%)",
      "severity": "WARNING"
    },
    {
      "quarter": "2022-04 (Q2)",
      "signal": "GROSS MARGIN INFLECTION",
      "detail": "GM: +36.7% -> +30.9% -> +33.2% (reversal +2.3%)",
      "severity": "MEDIUM"
    },
    {
      "quarter": "2022-04 (Q2)",
      "signal": "YoY REVENUE GROWTH DECELERATION",
      "detail": "YoY growth: +18.1% vs prior quarter YoY: +35.0% (decel: -16.9%)",
      "severity": "WARNING"
    },
    {
      "quarter": "2022-04 (Q2)",
      "signal": "INCREMENTAL MARGIN (YoY)",
      "detail": "YoY Incr OPM: +28.4% vs year-ago OPM: +2.4%",
      "severity": "HIGH"
    },
    {
      "quarter": "2022-01 (Q1)",
      "signal": "OP MARGIN TURNED POSITIVE (YoY)",
      "detail": "Op margin: -11.1% (year-ago) -> +2.7%",
      "severity": "HIGH"
    },
    {
      "quarter": "2021-07 (Q3)",
      "signal": "FCF TURNED POSITIVE",
      "detail": "FCF margin: -1.0% -> +11.0%",
      "severity": "HIGH"
    },
    {
      "quarter": "2021-05 (Q2)",
      "signal": "FCF MARGIN EXPANSION",
      "detail": "FCF margin: -8.5% -> -1.0% (+7.5%)",
      "severity": "MEDIUM"
    },
    {
      "quarter": "2021-05 (Q2)",
      "signal": "OP MARGIN TURNED POSITIVE (QoQ)",
      "detail": "Op margin: -11.1% -> +2.4%",
      "severity": "HIGH"
    }
  ],
  "data_quality": {
    "n_quarters": 20,
    "coverage": {
      "revenue": [
        20,
        20
      ],
      "gross_profit": [
        20,
        20
      ],
      "op_income": [
        20,
        20
      ],
      "fcf": [
        20,
        20
      ]
    },
    "gaps": [],
    "warnings": []
  },
  "market_cap": null,
  "source": "SEC EDGAR",
  "last_updated": "2026-02-02T22:41:13.729872"
}