{
  "ticker": "DBX",
  "name": "Dropbox, Inc.",
  "quarters": [
    {
      "date": "2020-12-31T00:00:00",
      "quarter_label": "2020-12 (Q4)",
      "revenue": 504100000,
      "gross_profit": 398300000,
      "operating_income": -346600000,
      "net_income": -345800000,
      "opex": 744900000,
      "cogs": 105800000,
      "rd": 176600000,
      "sga": null,
      "fcf": 158400000,
      "ocf": 170700000,
      "capex": -12300000,
      "gross_margin": 0.7901210077365602,
      "op_margin": -0.6875619916683198,
      "fcf_margin": 0.3142233683792898
    },
    {
      "date": "2021-03-31T00:00:00",
      "quarter_label": "2021-03 (Q1)",
      "revenue": 511600000,
      "gross_profit": 402300000,
      "operating_income": 42500000,
      "net_income": 47600000,
      "opex": 359800000,
      "cogs": 109300000,
      "rd": 181200000,
      "sga": null,
      "fcf": 108800000,
      "ocf": 115700000,
      "capex": -6900000,
      "gross_margin": 0.7863565285379203,
      "op_margin": 0.08307271305707584,
      "fcf_margin": 0.21266614542611414,
      "op_leverage_ratio": Infinity,
      "fcf_margin_change": -0.10155722295317568
    },
    {
      "date": "2021-06-30T00:00:00",
      "quarter_label": "2021-06 (Q2)",
      "revenue": 530600000,
      "gross_profit": 423500000,
      "operating_income": 84400000,
      "net_income": 88000000,
      "opex": 339100000,
      "cogs": 107100000,
      "rd": 185500000,
      "sga": null,
      "fcf": 216000000,
      "ocf": 219900000,
      "capex": -3900000,
      "gross_margin": 0.7981530343007915,
      "op_margin": 0.15906520919713532,
      "fcf_margin": 0.4070863173765548,
      "op_leverage_ratio": Infinity,
      "fcf_margin_change": 0.19442017195044067
    },
    {
      "date": "2021-09-30T00:00:00",
      "quarter_label": "2021-09 (Q3)",
      "revenue": 550200000,
      "gross_profit": 438200000,
      "operating_income": 77300000,
      "net_income": 75600000,
      "opex": 360900000,
      "cogs": 112000000,
      "rd": 187300000,
      "sga": null,
      "fcf": 221500000,
      "ocf": 231500000,
      "capex": -10000000,
      "gross_margin": 0.7964376590330788,
      "op_margin": 0.14049436568520537,
      "fcf_margin": 0.4025808796801163,
      "op_leverage_ratio": 0.574592723487691,
      "fcf_margin_change": -0.004505437696438519
    },
    {
      "date": "2021-12-31T00:00:00",
      "quarter_label": "2021-12 (Q4)",
      "revenue": 565500000,
      "gross_profit": 449700000,
      "operating_income": 70200000,
      "net_income": 124600000,
      "opex": 379500000,
      "cogs": 115800000,
      "rd": 201900000,
      "sga": null,
      "fcf": 161400000,
      "ocf": 162700000,
      "capex": -1300000,
      "gross_margin": 0.7952254641909814,
      "op_margin": 0.12413793103448276,
      "fcf_margin": 0.2854111405835544,
      "incr_op_margin_yoy": 6.7882736156351795,
      "rev_growth_yoy": 0.12180122991469947,
      "op_leverage_ratio": 0.5395662574313153,
      "fcf_margin_change": -0.11716973909656192
    },
    {
      "date": "2022-03-31T00:00:00",
      "quarter_label": "2022-03 (Q1)",
      "revenue": 562400000,
      "gross_profit": 449500000,
      "operating_income": 89500000,
      "net_income": 79700000,
      "opex": 360000000,
      "cogs": 112900000,
      "rd": 210800000,
      "sga": null,
      "fcf": 130700000,
      "ocf": 141400000,
      "capex": -10700000,
      "gross_margin": 0.7992532005689901,
      "op_margin": 0.1591394025604552,
      "fcf_margin": 0.2323968705547653,
      "incr_op_margin_yoy": 0.9251968503937008,
      "rev_growth_yoy": 0.09929632525410477,
      "rev_growth_yoy_accel": -0.022504904660594696,
      "fcf_margin_change": -0.053014270028789084
    },
    {
      "date": "2022-06-30T00:00:00",
      "quarter_label": "2022-06 (Q2)",
      "revenue": 572700000,
      "gross_profit": 466900000,
      "operating_income": 82900000,
      "net_income": 62000000,
      "opex": 384000000,
      "cogs": 105800000,
      "rd": 215000000,
      "sga": null,
      "fcf": 205900000,
      "ocf": 209900000,
      "capex": -4000000,
      "gross_margin": 0.8152610441767069,
      "op_margin": 0.14475292474244805,
      "fcf_margin": 0.3595250567487341,
      "incr_op_margin_yoy": -0.035629453681710214,
      "rev_growth_yoy": 0.07934413871089332,
      "rev_growth_yoy_accel": -0.019952186543211445,
      "op_leverage_ratio": 0.27471550497866287,
      "fcf_margin_change": 0.1271281861939688
    },
    {
      "date": "2022-09-30T00:00:00",
      "quarter_label": "2022-09 (Q3)",
      "revenue": 591000000,
      "gross_profit": 481300000,
      "operating_income": 89300000,
      "net_income": 83200000,
      "opex": 392000000,
      "cogs": 109700000,
      "rd": 227600000,
      "sga": null,
      "fcf": 245200000,
      "ocf": 251400000,
      "capex": -6200000,
      "gross_margin": 0.8143824027072758,
      "op_margin": 0.15109983079526226,
      "fcf_margin": 0.4148900169204738,
      "incr_op_margin_yoy": 0.29411764705882354,
      "rev_growth_yoy": 0.07415485278080698,
      "rev_growth_yoy_accel": -0.005189285930086343,
      "op_leverage_ratio": 1.533787323205867,
      "fcf_margin_change": 0.0553649601717397
    },
    {
      "date": "2022-12-31T00:00:00",
      "quarter_label": "2022-12 (Q4)",
      "revenue": 598800000,
      "gross_profit": 483000000,
      "operating_income": -80400000,
      "net_income": 328300000,
      "opex": 563400000,
      "cogs": 115800000,
      "rd": 238500000,
      "sga": null,
      "fcf": 181700000,
      "ocf": 194600000,
      "capex": -12900000,
      "gross_margin": 0.8066132264529058,
      "op_margin": -0.1342685370741483,
      "fcf_margin": 0.30344021376085506,
      "incr_op_margin_yoy": -4.5225225225225225,
      "rev_growth_yoy": 0.05888594164456233,
      "rev_growth_yoy_accel": -0.01526891113624465,
      "op_leverage_ratio": 0.03018438775328883,
      "fcf_margin_change": -0.11144980315961872
    },
    {
      "date": "2023-03-31T00:00:00",
      "quarter_label": "2023-03 (Q1)",
      "revenue": 611100000,
      "gross_profit": 494300000,
      "operating_income": 84100000,
      "net_income": 69000000,
      "opex": 410200000,
      "cogs": 116800000,
      "rd": 235200000,
      "sga": null,
      "fcf": 138000000,
      "ocf": 139900000,
      "capex": -1900000,
      "gross_margin": 0.8088692521682213,
      "op_margin": 0.1376206840124366,
      "fcf_margin": 0.22582228767795778,
      "incr_op_margin_yoy": -0.11088295687885011,
      "rev_growth_yoy": 0.08659317211948792,
      "rev_growth_yoy_accel": 0.027707230474925584,
      "op_leverage_ratio": Infinity,
      "fcf_margin_change": -0.07761792608289728
    },
    {
      "date": "2023-06-30T00:00:00",
      "quarter_label": "2023-06 (Q2)",
      "revenue": 622500000,
      "gross_profit": 502400000,
      "operating_income": 56500000,
      "net_income": 43200000,
      "opex": 445900000,
      "cogs": 120100000,
      "rd": 262800000,
      "sga": null,
      "fcf": 184600000,
      "ocf": 187600000,
      "capex": -3000000,
      "gross_margin": 0.8070682730923695,
      "op_margin": 0.09076305220883533,
      "fcf_margin": 0.29654618473895583,
      "incr_op_margin_yoy": -0.5301204819277109,
      "rev_growth_yoy": 0.08695652173913043,
      "rev_growth_yoy_accel": 0.0003633496196425168,
      "op_leverage_ratio": 0.21434828226823374,
      "fcf_margin_change": 0.07072389706099805
    },
    {
      "date": "2023-09-30T00:00:00",
      "quarter_label": "2023-09 (Q3)",
      "revenue": 633000000,
      "gross_profit": 513400000,
      "operating_income": 130700000,
      "net_income": 114100000,
      "opex": 382700000,
      "cogs": 119600000,
      "rd": 216400000,
      "sga": null,
      "fcf": 246500000,
      "ocf": 255900000,
      "capex": -9400000,
      "gross_margin": 0.8110584518167456,
      "op_margin": 0.20647709320695104,
      "fcf_margin": 0.38941548183254343,
      "incr_op_margin_yoy": 0.9857142857142858,
      "rev_growth_yoy": 0.07106598984771574,
      "rev_growth_yoy_accel": -0.01589053189141469,
      "op_leverage_ratio": Infinity,
      "fcf_margin_change": 0.0928692970935876
    },
    {
      "date": "2023-12-31T00:00:00",
      "quarter_label": "2023-12 (Q4)",
      "revenue": 635000000,
      "gross_profit": 513000000,
      "operating_income": 267400000,
      "net_income": 227300000,
      "opex": 245600000,
      "cogs": 122000000,
      "rd": 222100000,
      "sga": null,
      "fcf": 190300000,
      "ocf": 200300000,
      "capex": -10000000,
      "gross_margin": 0.8078740157480315,
      "op_margin": 0.4211023622047244,
      "fcf_margin": 0.29968503937007873,
      "incr_op_margin_yoy": 9.607734806629834,
      "rev_growth_yoy": 0.06045424181696727,
      "rev_growth_yoy_accel": -0.01061174803074847,
      "fcf_margin_change": -0.0897304424624647
    },
    {
      "date": "2024-03-31T00:00:00",
      "quarter_label": "2024-03 (Q1)",
      "revenue": 631300000,
      "gross_profit": 525500000,
      "operating_income": 143500000,
      "net_income": 132300000,
      "opex": 382000000,
      "cogs": 105800000,
      "rd": 219100000,
      "sga": null,
      "fcf": 166300000,
      "ocf": 175500000,
      "capex": -9200000,
      "gross_margin": 0.8324093141137335,
      "op_margin": 0.22730872802154284,
      "fcf_margin": 0.2634246792333281,
      "incr_op_margin_yoy": 2.9405940594059405,
      "rev_growth_yoy": 0.03305514645720831,
      "rev_growth_yoy_accel": -0.027399095359758957,
      "fcf_margin_change": -0.03626036013675066
    },
    {
      "date": "2024-06-30T00:00:00",
      "quarter_label": "2024-06 (Q2)",
      "revenue": 634500000,
      "gross_profit": 527500000,
      "operating_income": 127000000,
      "net_income": 110500000,
      "opex": 400500000,
      "cogs": 107000000,
      "rd": 227100000,
      "sga": null,
      "fcf": 224700000,
      "ocf": 230600000,
      "capex": -5900000,
      "gross_margin": 0.8313632781717888,
      "op_margin": 0.20015760441292357,
      "fcf_margin": 0.3541371158392435,
      "incr_op_margin_yoy": 5.875,
      "rev_growth_yoy": 0.01927710843373494,
      "rev_growth_yoy_accel": -0.013778038023473372,
      "fcf_margin_change": 0.09071243660591544
    },
    {
      "date": "2024-09-30T00:00:00",
      "quarter_label": "2024-09 (Q3)",
      "revenue": 638800000,
      "gross_profit": 527300000,
      "operating_income": 127800000,
      "net_income": 106700000,
      "opex": 399500000,
      "cogs": 111500000,
      "rd": 225700000,
      "sga": null,
      "fcf": 270100000,
      "ocf": 274200000,
      "capex": -4100000,
      "gross_margin": 0.8254539762053851,
      "op_margin": 0.20006261740763934,
      "fcf_margin": 0.4228240450845335,
      "incr_op_margin_yoy": -0.5,
      "rev_growth_yoy": 0.009162717219589257,
      "rev_growth_yoy_accel": -0.010114391214145684,
      "fcf_margin_change": 0.06868692924528996
    },
    {
      "date": "2024-12-31T00:00:00",
      "quarter_label": "2024-12 (Q4)",
      "revenue": 643600000,
      "gross_profit": 522800000,
      "operating_income": 87900000,
      "net_income": 102800000,
      "opex": 434900000,
      "cogs": 120800000,
      "rd": 243000000,
      "sga": null,
      "fcf": 210500000,
      "ocf": 213800000,
      "capex": -3300000,
      "gross_margin": 0.8123057799875699,
      "op_margin": 0.13657551274083282,
      "fcf_margin": 0.32706650093225603,
      "incr_op_margin_yoy": -20.872093023255815,
      "rev_growth_yoy": 0.013543307086614173,
      "rev_growth_yoy_accel": 0.004380589867024916,
      "fcf_margin_change": -0.09575754415227744
    },
    {
      "date": "2025-03-31T00:00:00",
      "quarter_label": "2025-03 (Q1)",
      "revenue": 624700000,
      "gross_profit": 508000000,
      "operating_income": 183800000,
      "net_income": 150300000,
      "opex": 324200000,
      "cogs": 116700000,
      "rd": 178400000,
      "sga": null,
      "fcf": 153700000,
      "ocf": 153800000,
      "capex": -100000,
      "gross_margin": 0.8131903313590524,
      "op_margin": 0.2942212261885705,
      "fcf_margin": 0.24603809828717785,
      "incr_op_margin_yoy": -6.106060606060606,
      "rev_growth_yoy": -0.010454617456043086,
      "rev_growth_yoy_accel": -0.02399792454265726,
      "fcf_margin_change": -0.08102840264507818
    },
    {
      "date": "2025-06-30T00:00:00",
      "quarter_label": "2025-06 (Q2)",
      "revenue": 625700000,
      "gross_profit": 502000000,
      "operating_income": 168400000,
      "net_income": 125600000,
      "opex": 333600000,
      "cogs": 123700000,
      "rd": 184400000,
      "sga": null,
      "fcf": 258500000,
      "ocf": 260500000,
      "capex": -2000000,
      "gross_margin": 0.8023014224069043,
      "op_margin": 0.2691385648074157,
      "fcf_margin": 0.41313728623941187,
      "incr_op_margin_yoy": -4.704545454545454,
      "rev_growth_yoy": -0.013869188337273443,
      "rev_growth_yoy_accel": -0.0034145708812303565,
      "fcf_margin_change": 0.16709918795223402
    },
    {
      "date": "2025-09-30T00:00:00",
      "quarter_label": "2025-09 (Q3)",
      "revenue": 634400000,
      "gross_profit": 506100000,
      "operating_income": 174700000,
      "net_income": 123800000,
      "opex": 331400000,
      "cogs": 128300000,
      "rd": 182300000,
      "sga": null,
      "fcf": 293700000,
      "ocf": 302100000,
      "capex": -8400000,
      "gross_margin": 0.7977616645649432,
      "op_margin": 0.2753783102143758,
      "fcf_margin": 0.4629571248423707,
      "incr_op_margin_yoy": -10.659090909090908,
      "rev_growth_yoy": -0.0068879148403256105,
      "rev_growth_yoy_accel": 0.006981273496947832,
      "op_leverage_ratio": Infinity,
      "fcf_margin_change": 0.049819838602958855
    }
  ],
  "signals": [
    {
      "quarter": "2025-06 (Q2)",
      "signal": "FCF MARGIN EXPANSION",
      "detail": "FCF margin: +24.6% -> +41.3% (+16.7%)",
      "severity": "MEDIUM"
    },
    {
      "quarter": "2024-09 (Q3)",
      "signal": "FCF MARGIN EXPANSION",
      "detail": "FCF margin: +35.4% -> +42.3% (+6.9%)",
      "severity": "MEDIUM"
    },
    {
      "quarter": "2024-06 (Q2)",
      "signal": "FCF MARGIN EXPANSION",
      "detail": "FCF margin: +26.3% -> +35.4% (+9.1%)",
      "severity": "MEDIUM"
    },
    {
      "quarter": "2024-06 (Q2)",
      "signal": "INCREMENTAL MARGIN (YoY)",
      "detail": "YoY Incr OPM: +587.5% vs year-ago OPM: +9.1%",
      "severity": "HIGH"
    },
    {
      "quarter": "2024-03 (Q1)",
      "signal": "GROSS MARGIN INFLECTION",
      "detail": "GM: +81.1% -> +80.8% -> +83.2% (reversal +2.5%)",
      "severity": "MEDIUM"
    },
    {
      "quarter": "2024-03 (Q1)",
      "signal": "INCREMENTAL MARGIN (YoY)",
      "detail": "YoY Incr OPM: +294.1% vs year-ago OPM: +13.8%",
      "severity": "HIGH"
    },
    {
      "quarter": "2023-12 (Q4)",
      "signal": "OP MARGIN TURNED POSITIVE (YoY)",
      "detail": "Op margin: -13.4% (year-ago) -> +42.1%",
      "severity": "HIGH"
    },
    {
      "quarter": "2023-09 (Q3)",
      "signal": "FCF MARGIN EXPANSION",
      "detail": "FCF margin: +29.7% -> +38.9% (+9.3%)",
      "severity": "MEDIUM"
    },
    {
      "quarter": "2023-09 (Q3)",
      "signal": "INCREMENTAL MARGIN (YoY)",
      "detail": "YoY Incr OPM: +98.6% vs year-ago OPM: +15.1%",
      "severity": "HIGH"
    },
    {
      "quarter": "2023-06 (Q2)",
      "signal": "FCF MARGIN EXPANSION",
      "detail": "FCF margin: +22.6% -> +29.7% (+7.1%)",
      "severity": "MEDIUM"
    },
    {
      "quarter": "2023-03 (Q1)",
      "signal": "OP MARGIN TURNED POSITIVE (QoQ)",
      "detail": "Op margin: -13.4% -> +13.8%",
      "severity": "HIGH"
    },
    {
      "quarter": "2022-09 (Q3)",
      "signal": "FCF MARGIN EXPANSION",
      "detail": "FCF margin: +36.0% -> +41.5% (+5.5%)",
      "severity": "MEDIUM"
    },
    {
      "quarter": "2022-09 (Q3)",
      "signal": "OPERATING LEVERAGE",
      "detail": "Rev growth +3.2% vs OpEx growth +2.1% (leverage: 1.5x)",
      "severity": "MEDIUM"
    },
    {
      "quarter": "2022-09 (Q3)",
      "signal": "INCREMENTAL MARGIN (YoY)",
      "detail": "YoY Incr OPM: +29.4% vs year-ago OPM: +14.0%",
      "severity": "MEDIUM"
    },
    {
      "quarter": "2022-06 (Q2)",
      "signal": "FCF MARGIN EXPANSION",
      "detail": "FCF margin: +23.2% -> +36.0% (+12.7%)",
      "severity": "MEDIUM"
    },
    {
      "quarter": "2022-03 (Q1)",
      "signal": "INCREMENTAL MARGIN (YoY)",
      "detail": "YoY Incr OPM: +92.5% vs year-ago OPM: +8.3%",
      "severity": "HIGH"
    },
    {
      "quarter": "2021-12 (Q4)",
      "signal": "OP MARGIN TURNED POSITIVE (YoY)",
      "detail": "Op margin: -68.8% (year-ago) -> +12.4%",
      "severity": "HIGH"
    },
    {
      "quarter": "2021-06 (Q2)",
      "signal": "FCF MARGIN EXPANSION",
      "detail": "FCF margin: +21.3% -> +40.7% (+19.4%)",
      "severity": "MEDIUM"
    },
    {
      "quarter": "2021-03 (Q1)",
      "signal": "OP MARGIN TURNED POSITIVE (QoQ)",
      "detail": "Op margin: -68.8% -> +8.3%",
      "severity": "HIGH"
    }
  ],
  "data_quality": {
    "n_quarters": 20,
    "coverage": {
      "revenue": [
        20,
        20
      ],
      "gross_profit": [
        20,
        20
      ],
      "op_income": [
        20,
        20
      ],
      "fcf": [
        20,
        20
      ]
    },
    "gaps": [],
    "warnings": []
  },
  "market_cap": null,
  "source": "SEC EDGAR",
  "last_updated": "2026-02-02T20:51:30.294954",
  "sector": "Technology",
  "industry": "Software - Infrastructure"
}