{
  "ticker": "DCH",
  "name": "DAUCH CORPORATION",
  "quarters": [
    {
      "date": "2020-12-31T00:00:00",
      "quarter_label": "2020-12 (Q4)",
      "revenue": 1437900000,
      "gross_profit": 236500000,
      "operating_income": 103000000,
      "net_income": 36000000,
      "opex": 133500000,
      "cogs": 1201400000,
      "rd": null,
      "sga": 83300000,
      "fcf": 139000000,
      "ocf": 208300000,
      "capex": -69300000,
      "gross_margin": 0.16447597190347032,
      "op_margin": 0.07163224146324501,
      "fcf_margin": 0.09666875304263162
    },
    {
      "date": "2021-03-31T00:00:00",
      "quarter_label": "2021-03 (Q1)",
      "revenue": 1425100000,
      "gross_profit": 227100000,
      "operating_income": 95500000,
      "net_income": 38600000,
      "opex": 131600000,
      "cogs": 1198000000,
      "rd": null,
      "sga": 90000000,
      "fcf": 139500000,
      "ocf": 179100000,
      "capex": -39600000,
      "gross_margin": 0.15935723808855518,
      "op_margin": 0.06701284120412603,
      "fcf_margin": 0.09788786751806891,
      "fcf_margin_change": 0.001219114475437294
    },
    {
      "date": "2021-06-30T00:00:00",
      "quarter_label": "2021-06 (Q2)",
      "revenue": 1283300000,
      "gross_profit": 190000000,
      "operating_income": 66400000,
      "net_income": 16000000,
      "opex": 123600000,
      "cogs": 1093300000,
      "rd": null,
      "sga": 86200000,
      "fcf": 124300000,
      "ocf": 167100000,
      "capex": -42800000,
      "gross_margin": 0.1480557936569781,
      "op_margin": 0.05174160367801761,
      "fcf_margin": 0.09685965869243357,
      "fcf_margin_change": -0.0010282088256353406
    },
    {
      "date": "2021-09-30T00:00:00",
      "quarter_label": "2021-09 (Q3)",
      "revenue": 1213100000,
      "gross_profit": 165600000,
      "operating_income": 46300000,
      "net_income": -2400000,
      "opex": 119300000,
      "cogs": 1047500000,
      "rd": null,
      "sga": 90500000,
      "fcf": 56400000,
      "ocf": 89800000,
      "capex": -33400000,
      "gross_margin": 0.13650976836204765,
      "op_margin": 0.0381666804055725,
      "fcf_margin": 0.04649245734069739,
      "fcf_margin_change": -0.05036720135173618
    },
    {
      "date": "2021-12-31T00:00:00",
      "quarter_label": "2021-12 (Q4)",
      "revenue": 1235100000,
      "gross_profit": 140000000,
      "operating_income": 32400000,
      "net_income": -46300000,
      "opex": 107600000,
      "cogs": 1095100000,
      "rd": null,
      "sga": 77500000,
      "fcf": 37000000,
      "ocf": 102400000,
      "capex": -65400000,
      "gross_margin": 0.11335114565622217,
      "op_margin": 0.026232693709011417,
      "fcf_margin": 0.029957088494858716,
      "incr_op_margin_yoy": 0.34812623274161736,
      "rev_growth_yoy": -0.14103901523054455,
      "op_leverage_ratio": Infinity,
      "fcf_margin_change": -0.01653536884583867
    },
    {
      "date": "2022-03-31T00:00:00",
      "quarter_label": "2022-03 (Q1)",
      "revenue": 1436200000,
      "gross_profit": 186800000,
      "operating_income": 70300000,
      "net_income": 1000000,
      "opex": 116500000,
      "cogs": 1249400000,
      "rd": null,
      "sga": 86100000,
      "fcf": 39900000,
      "ocf": 68500000,
      "capex": -28600000,
      "gross_margin": 0.1300654504943601,
      "op_margin": 0.04894861439910876,
      "fcf_margin": 0.027781646010304972,
      "incr_op_margin_yoy": -2.27027027027027,
      "rev_growth_yoy": 0.00778892709283559,
      "rev_growth_yoy_accel": 0.14882794232338015,
      "op_leverage_ratio": 1.968485470402706,
      "fcf_margin_change": -0.002175442484553744
    },
    {
      "date": "2022-06-30T00:00:00",
      "quarter_label": "2022-06 (Q2)",
      "revenue": 1438300000,
      "gross_profit": 173500000,
      "operating_income": 57700000,
      "net_income": 22900000,
      "opex": 115800000,
      "cogs": 1264800000,
      "rd": null,
      "sga": 84800000,
      "fcf": 104100000,
      "ocf": 146700000,
      "capex": -42600000,
      "gross_margin": 0.12062851978029618,
      "op_margin": 0.04011680456094,
      "fcf_margin": 0.0723771118681777,
      "incr_op_margin_yoy": -0.056129032258064517,
      "rev_growth_yoy": 0.12078235798332425,
      "rev_growth_yoy_accel": 0.11299343089048866,
      "fcf_margin_change": 0.04459546585787273
    },
    {
      "date": "2022-09-30T00:00:00",
      "quarter_label": "2022-09 (Q3)",
      "revenue": 1535200000,
      "gross_profit": 177400000,
      "operating_income": 62300000,
      "net_income": 26500000,
      "opex": 115100000,
      "cogs": 1357800000,
      "rd": null,
      "sga": 85700000,
      "fcf": 38500000,
      "ocf": 85200000,
      "capex": -46700000,
      "gross_margin": 0.11555497655028661,
      "op_margin": 0.04058103178738927,
      "fcf_margin": 0.025078165711307974,
      "incr_op_margin_yoy": 0.04967401428127911,
      "rev_growth_yoy": 0.26551809413898275,
      "rev_growth_yoy_accel": 0.1447357361556585,
      "op_leverage_ratio": Infinity,
      "fcf_margin_change": -0.047298946156869734
    },
    {
      "date": "2022-12-31T00:00:00",
      "quarter_label": "2022-12 (Q4)",
      "revenue": 1392700000,
      "gross_profit": 167200000,
      "operating_income": 53600000,
      "net_income": 13900000,
      "opex": 113600000,
      "cogs": 1225500000,
      "rd": null,
      "sga": 88500000,
      "fcf": 95000000,
      "ocf": 148500000,
      "capex": -53500000,
      "gross_margin": 0.12005457025920874,
      "op_margin": 0.03848639333668414,
      "fcf_margin": 0.06821282401091405,
      "incr_op_margin_yoy": 0.13451776649746192,
      "rev_growth_yoy": 0.1276010039672901,
      "rev_growth_yoy_accel": -0.13791709017169265,
      "fcf_margin_change": 0.04313465829960608
    },
    {
      "date": "2023-03-31T00:00:00",
      "quarter_label": "2023-03 (Q1)",
      "revenue": 1493900000,
      "gross_profit": 160600000,
      "operating_income": 36100000,
      "net_income": -5100000,
      "opex": 124500000,
      "cogs": 1333300000,
      "rd": null,
      "sga": 98300000,
      "fcf": -14500000,
      "ocf": 32100000,
      "capex": -46600000,
      "gross_margin": 0.1075038489858759,
      "op_margin": 0.024164937412142713,
      "fcf_margin": -0.009706138295735993,
      "incr_op_margin_yoy": -0.5927209705372617,
      "rev_growth_yoy": 0.04017546302743351,
      "rev_growth_yoy_accel": -0.08742554093985659,
      "op_leverage_ratio": 0.7573118811522467,
      "fcf_margin_change": -0.07791896230665005
    },
    {
      "date": "2023-06-30T00:00:00",
      "quarter_label": "2023-06 (Q2)",
      "revenue": 1570700000,
      "gross_profit": 178200000,
      "operating_income": 57800000,
      "net_income": 8000000,
      "opex": 120400000,
      "cogs": 1392500000,
      "rd": null,
      "sga": 91100000,
      "fcf": 88700000,
      "ocf": 132800000,
      "capex": -44100000,
      "gross_margin": 0.1134526007512574,
      "op_margin": 0.03679887948048641,
      "fcf_margin": 0.056471636849812185,
      "incr_op_margin_yoy": 0.0007552870090634441,
      "rev_growth_yoy": 0.09205311826461796,
      "rev_growth_yoy_accel": 0.05187765523718445,
      "op_leverage_ratio": Infinity,
      "fcf_margin_change": 0.06617777514554818
    },
    {
      "date": "2023-09-30T00:00:00",
      "quarter_label": "2023-09 (Q3)",
      "revenue": 1551900000,
      "gross_profit": 130600000,
      "operating_income": 23900000,
      "net_income": -17400000,
      "opex": 106700000,
      "cogs": 1421300000,
      "rd": null,
      "sga": 81800000,
      "fcf": 130400000,
      "ocf": 178300000,
      "capex": -47900000,
      "gross_margin": 0.08415490688833044,
      "op_margin": 0.015400476834847606,
      "fcf_margin": 0.08402603260519363,
      "incr_op_margin_yoy": -2.2994011976047903,
      "rev_growth_yoy": 0.010878061490359562,
      "rev_growth_yoy_accel": -0.08117505677425839,
      "fcf_margin_change": 0.027554395755381447
    },
    {
      "date": "2023-12-31T00:00:00",
      "quarter_label": "2023-12 (Q4)",
      "revenue": 1463000000,
      "gross_profit": 154900000,
      "operating_income": 28800000,
      "net_income": -19100000,
      "opex": 126100000,
      "cogs": 1308100000,
      "rd": null,
      "sga": 95700000,
      "fcf": -3100000,
      "ocf": 52900000,
      "capex": -56000000,
      "gross_margin": 0.10587833219412167,
      "op_margin": 0.01968557758031442,
      "fcf_margin": -0.0021189336978810662,
      "incr_op_margin_yoy": -0.352773826458037,
      "rev_growth_yoy": 0.0504774897680764,
      "rev_growth_yoy_accel": 0.03959942827771684,
      "fcf_margin_change": -0.0861449663030747
    },
    {
      "date": "2024-03-31T00:00:00",
      "quarter_label": "2024-03 (Q1)",
      "revenue": 1606900000,
      "gross_profit": 198500000,
      "operating_income": 77000000,
      "net_income": 20500000,
      "opex": 121500000,
      "cogs": 1408400000,
      "rd": null,
      "sga": 98300000,
      "fcf": -30200000,
      "ocf": 17800000,
      "capex": -48000000,
      "gross_margin": 0.12352977783309478,
      "op_margin": 0.047918352106540545,
      "fcf_margin": -0.018793951085941875,
      "incr_op_margin_yoy": 0.36194690265486723,
      "rev_growth_yoy": 0.07564093982194256,
      "rev_growth_yoy_accel": 0.02516345005386616,
      "op_leverage_ratio": Infinity,
      "fcf_margin_change": -0.01667501738806081
    },
    {
      "date": "2024-06-30T00:00:00",
      "quarter_label": "2024-06 (Q2)",
      "revenue": 1632300000,
      "gross_profit": 217300000,
      "operating_income": 86500000,
      "net_income": 18200000,
      "opex": 130800000,
      "cogs": 1415000000,
      "rd": null,
      "sga": 105200000,
      "fcf": 94000000,
      "ocf": 142800000,
      "capex": -48800000,
      "gross_margin": 0.13312503828953012,
      "op_margin": 0.052992709673466885,
      "fcf_margin": 0.05758745328677326,
      "incr_op_margin_yoy": 0.4659090909090909,
      "rev_growth_yoy": 0.039218182975743296,
      "rev_growth_yoy_accel": -0.036422756846199264,
      "op_leverage_ratio": 0.206508625102632,
      "fcf_margin_change": 0.07638140437271514
    },
    {
      "date": "2024-09-30T00:00:00",
      "quarter_label": "2024-09 (Q3)",
      "revenue": 1504900000,
      "gross_profit": 171300000,
      "operating_income": 41700000,
      "net_income": 10000000,
      "opex": 129600000,
      "cogs": 1333600000,
      "rd": null,
      "sga": 94600000,
      "fcf": 70400000,
      "ocf": 143600000,
      "capex": -73200000,
      "gross_margin": 0.1138281613396239,
      "op_margin": 0.027709482357631737,
      "fcf_margin": 0.046780516977872284,
      "incr_op_margin_yoy": -0.37872340425531914,
      "rev_growth_yoy": -0.030285456537148012,
      "rev_growth_yoy_accel": -0.0695036395128913,
      "fcf_margin_change": -0.010806936308900977
    },
    {
      "date": "2024-12-31T00:00:00",
      "quarter_label": "2024-12 (Q4)",
      "revenue": 1380800000,
      "gross_profit": 154300000,
      "operating_income": 36200000,
      "net_income": -13700000,
      "opex": 118100000,
      "cogs": 1226500000,
      "rd": null,
      "sga": 89000000,
      "fcf": 73200000,
      "ocf": 151200000,
      "capex": -78000000,
      "gross_margin": 0.1117468134414832,
      "op_margin": 0.026216685979142527,
      "fcf_margin": 0.05301274623406721,
      "incr_op_margin_yoy": -0.09002433090024331,
      "rev_growth_yoy": -0.05618591934381408,
      "rev_growth_yoy_accel": -0.02590046280666607,
      "fcf_margin_change": 0.006232229256194925
    },
    {
      "date": "2025-03-31T00:00:00",
      "quarter_label": "2025-03 (Q1)",
      "revenue": 1411300000,
      "gross_profit": 173900000,
      "operating_income": 42700000,
      "net_income": 7100000,
      "opex": 131200000,
      "cogs": 1237400000,
      "rd": null,
      "sga": 90900000,
      "fcf": -13400000,
      "ocf": 55900000,
      "capex": -69300000,
      "gross_margin": 0.12321972649330405,
      "op_margin": 0.030255792531708355,
      "fcf_margin": -0.009494792035711755,
      "incr_op_margin_yoy": 0.17535787321063395,
      "rev_growth_yoy": -0.12172506067583545,
      "rev_growth_yoy_accel": -0.06553914133202138,
      "op_leverage_ratio": 0.1991350295878924,
      "fcf_margin_change": -0.06250753826977896
    },
    {
      "date": "2025-06-30T00:00:00",
      "quarter_label": "2025-06 (Q2)",
      "revenue": 1536200000,
      "gross_profit": 200700000,
      "operating_income": 55000000,
      "net_income": 39300000,
      "opex": 145700000,
      "cogs": 1335500000,
      "rd": null,
      "sga": 100800000,
      "fcf": 34600000,
      "ocf": 91900000,
      "capex": -57300000,
      "gross_margin": 0.13064705116521286,
      "op_margin": 0.03580262986590288,
      "fcf_margin": 0.022523108970186174,
      "incr_op_margin_yoy": 0.32778355879292403,
      "rev_growth_yoy": -0.05887398149849905,
      "rev_growth_yoy_accel": 0.0628510791773364,
      "op_leverage_ratio": 0.8007720932278138,
      "fcf_margin_change": 0.03201790100589793
    },
    {
      "date": "2025-09-30T00:00:00",
      "quarter_label": "2025-09 (Q3)",
      "revenue": 1505300000,
      "gross_profit": 189000000,
      "operating_income": 48400000,
      "net_income": 9200000,
      "opex": 140600000,
      "cogs": 1316300000,
      "rd": null,
      "sga": 98800000,
      "fcf": 79200000,
      "ocf": 143300000,
      "capex": -64100000,
      "gross_margin": 0.1255563675014947,
      "op_margin": 0.032153059190858965,
      "fcf_margin": 0.052614096857769216,
      "rev_growth_yoy": 0.0002657983919197289,
      "rev_growth_yoy_accel": 0.059139779890418784,
      "fcf_margin_change": 0.03009098788758304
    }
  ],
  "signals": [
    {
      "quarter": "2025-09 (Q3)",
      "signal": "YoY REVENUE GROWTH ACCELERATION",
      "detail": "YoY growth: +0.0% vs prior quarter YoY: -5.9% (accel: +5.9%)",
      "severity": "MEDIUM"
    },
    {
      "quarter": "2025-06 (Q2)",
      "signal": "FCF TURNED POSITIVE",
      "detail": "FCF margin: -0.9% -> +2.3%",
      "severity": "HIGH"
    },
    {
      "quarter": "2025-06 (Q2)",
      "signal": "YoY REVENUE GROWTH ACCELERATION",
      "detail": "YoY growth: -5.9% vs prior quarter YoY: -12.2% (accel: +6.3%)",
      "severity": "MEDIUM"
    },
    {
      "quarter": "2025-06 (Q2)",
      "signal": "INCREMENTAL MARGIN (YoY)",
      "detail": "YoY Incr OPM: +32.8% vs year-ago OPM: +5.3%",
      "severity": "HIGH"
    },
    {
      "quarter": "2025-03 (Q1)",
      "signal": "YoY REVENUE GROWTH DECELERATION",
      "detail": "YoY growth: -12.2% vs prior quarter YoY: -5.6% (decel: -6.6%)",
      "severity": "WARNING"
    },
    {
      "quarter": "2025-03 (Q1)",
      "signal": "INCREMENTAL MARGIN (YoY)",
      "detail": "YoY Incr OPM: +17.5% vs year-ago OPM: +4.8%",
      "severity": "MEDIUM"
    },
    {
      "quarter": "2024-09 (Q3)",
      "signal": "YoY REVENUE GROWTH DECELERATION",
      "detail": "YoY growth: -3.0% vs prior quarter YoY: +3.9% (decel: -7.0%)",
      "severity": "WARNING"
    },
    {
      "quarter": "2024-06 (Q2)",
      "signal": "FCF TURNED POSITIVE",
      "detail": "FCF margin: -1.9% -> +5.8%",
      "severity": "HIGH"
    },
    {
      "quarter": "2024-06 (Q2)",
      "signal": "INCREMENTAL MARGIN (YoY)",
      "detail": "YoY Incr OPM: +46.6% vs year-ago OPM: +3.7%",
      "severity": "HIGH"
    },
    {
      "quarter": "2024-03 (Q1)",
      "signal": "INCREMENTAL MARGIN (YoY)",
      "detail": "YoY Incr OPM: +36.2% vs year-ago OPM: +2.4%",
      "severity": "HIGH"
    },
    {
      "quarter": "2023-12 (Q4)",
      "signal": "GROSS MARGIN INFLECTION",
      "detail": "GM: +11.3% -> +8.4% -> +10.6% (reversal +2.2%)",
      "severity": "MEDIUM"
    },
    {
      "quarter": "2023-09 (Q3)",
      "signal": "YoY REVENUE GROWTH DECELERATION",
      "detail": "YoY growth: +1.1% vs prior quarter YoY: +9.2% (decel: -8.1%)",
      "severity": "WARNING"
    },
    {
      "quarter": "2023-06 (Q2)",
      "signal": "FCF TURNED POSITIVE",
      "detail": "FCF margin: -1.0% -> +5.6%",
      "severity": "HIGH"
    },
    {
      "quarter": "2023-06 (Q2)",
      "signal": "YoY REVENUE GROWTH ACCELERATION",
      "detail": "YoY growth: +9.2% vs prior quarter YoY: +4.0% (accel: +5.2%)",
      "severity": "MEDIUM"
    },
    {
      "quarter": "2023-03 (Q1)",
      "signal": "YoY REVENUE GROWTH DECELERATION",
      "detail": "YoY growth: +4.0% vs prior quarter YoY: +12.8% (decel: -8.7%)",
      "severity": "WARNING"
    },
    {
      "quarter": "2022-12 (Q4)",
      "signal": "YoY REVENUE GROWTH DECELERATION",
      "detail": "YoY growth: +12.8% vs prior quarter YoY: +26.6% (decel: -13.8%)",
      "severity": "WARNING"
    },
    {
      "quarter": "2022-12 (Q4)",
      "signal": "INCREMENTAL MARGIN (YoY)",
      "detail": "YoY Incr OPM: +13.5% vs year-ago OPM: +2.6%",
      "severity": "MEDIUM"
    },
    {
      "quarter": "2022-09 (Q3)",
      "signal": "YoY REVENUE GROWTH ACCELERATION",
      "detail": "YoY growth: +26.6% vs prior quarter YoY: +12.1% (accel: +14.5%)",
      "severity": "MEDIUM"
    },
    {
      "quarter": "2022-06 (Q2)",
      "signal": "YoY REVENUE GROWTH ACCELERATION",
      "detail": "YoY growth: +12.1% vs prior quarter YoY: +0.8% (accel: +11.3%)",
      "severity": "MEDIUM"
    },
    {
      "quarter": "2022-03 (Q1)",
      "signal": "OPERATING LEVERAGE",
      "detail": "Rev growth +16.3% vs OpEx growth +8.3% (leverage: 2.0x)",
      "severity": "MEDIUM"
    },
    {
      "quarter": "2022-03 (Q1)",
      "signal": "YoY REVENUE GROWTH ACCELERATION",
      "detail": "YoY growth: +0.8% vs prior quarter YoY: -14.1% (accel: +14.9%)",
      "severity": "MEDIUM"
    },
    {
      "quarter": "2021-12 (Q4)",
      "signal": "INCREMENTAL MARGIN (YoY)",
      "detail": "YoY Incr OPM: +34.8% vs year-ago OPM: +7.2%",
      "severity": "HIGH"
    }
  ],
  "data_quality": {
    "n_quarters": 20,
    "coverage": {
      "revenue": [
        20,
        20
      ],
      "gross_profit": [
        20,
        20
      ],
      "op_income": [
        20,
        20
      ],
      "fcf": [
        20,
        20
      ]
    },
    "gaps": [],
    "warnings": []
  },
  "market_cap": null,
  "source": "SEC EDGAR",
  "last_updated": "2026-02-03T00:38:18.010864"
}