{
  "ticker": "DCI",
  "name": "DONALDSON Co INC",
  "quarters": [
    {
      "date": "2021-01-31T00:00:00",
      "quarter_label": "2021-01 (Q1)",
      "revenue": 679100000,
      "gross_profit": 225300000,
      "operating_income": 76100000,
      "net_income": 56200000,
      "opex": 149200000,
      "cogs": 453800000,
      "rd": null,
      "sga": null,
      "fcf": 61800000,
      "ocf": 73400000,
      "capex": -11600000,
      "gross_margin": 0.3317626270063319,
      "op_margin": 0.1120600795170078,
      "fcf_margin": 0.09100279782064497
    },
    {
      "date": "2021-04-30T00:00:00",
      "quarter_label": "2021-04 (Q2)",
      "revenue": 765000000,
      "gross_profit": 258000000,
      "operating_income": 109400000,
      "net_income": 84400000,
      "opex": 148600000,
      "cogs": 507000000,
      "rd": null,
      "sga": null,
      "fcf": 93500000,
      "ocf": 103300000,
      "capex": -9800000,
      "gross_margin": 0.33725490196078434,
      "op_margin": 0.14300653594771243,
      "fcf_margin": 0.12222222222222222,
      "op_leverage_ratio": Infinity,
      "fcf_margin_change": 0.031219424401577253
    },
    {
      "date": "2021-07-31T00:00:00",
      "quarter_label": "2021-07 (Q3)",
      "revenue": 773100000,
      "gross_profit": 265700000,
      "operating_income": 112000000,
      "net_income": 84300000,
      "opex": 153700000,
      "cogs": 507400000,
      "rd": null,
      "sga": null,
      "fcf": 77500000,
      "ocf": 96300000,
      "capex": -18800000,
      "gross_margin": 0.34368128314577673,
      "op_margin": 0.14487129737420773,
      "fcf_margin": 0.10024576380804553,
      "op_leverage_ratio": 0.3085121107266436,
      "fcf_margin_change": -0.021976458414176683
    },
    {
      "date": "2021-10-31T00:00:00",
      "quarter_label": "2021-10 (Q4)",
      "revenue": 760900000,
      "gross_profit": 257000000,
      "operating_income": 107500000,
      "net_income": 77100000,
      "opex": 149500000,
      "cogs": 503900000,
      "rd": 16500000,
      "sga": 133000000,
      "fcf": 24600000,
      "ocf": 42900000,
      "capex": -18300000,
      "gross_margin": 0.33775791825469836,
      "op_margin": 0.14128006308319097,
      "fcf_margin": 0.03233013536601393,
      "fcf_margin_change": -0.06791562844203161
    },
    {
      "date": "2022-01-31T00:00:00",
      "quarter_label": "2022-01 (Q1)",
      "revenue": 802500000,
      "gross_profit": 249800000,
      "operating_income": 95700000,
      "net_income": 71800000,
      "opex": 154100000,
      "cogs": 552700000,
      "rd": 16600000,
      "sga": 137500000,
      "fcf": 21700000,
      "ocf": 36900000,
      "capex": -15200000,
      "gross_margin": 0.3112772585669782,
      "op_margin": 0.11925233644859813,
      "fcf_margin": 0.0270404984423676,
      "incr_op_margin_yoy": 0.15883306320907617,
      "rev_growth_yoy": 0.18171108820497717,
      "op_leverage_ratio": 1.7768432119858062,
      "fcf_margin_change": -0.00528963692364633
    },
    {
      "date": "2022-04-30T00:00:00",
      "quarter_label": "2022-04 (Q2)",
      "revenue": 853200000,
      "gross_profit": 269000000,
      "operating_income": 111000000,
      "net_income": 83000000,
      "opex": 158000000,
      "cogs": 584200000,
      "rd": 17400000,
      "sga": 140600000,
      "fcf": 40800000,
      "ocf": 64100000,
      "capex": -23300000,
      "gross_margin": 0.31528363806844817,
      "op_margin": 0.13009845288326302,
      "fcf_margin": 0.04781997187060478,
      "incr_op_margin_yoy": 0.018140589569160998,
      "rev_growth_yoy": 0.11529411764705882,
      "rev_growth_yoy_accel": -0.06641697055791834,
      "op_leverage_ratio": 2.4963239875389407,
      "fcf_margin_change": 0.020779473428237178
    },
    {
      "date": "2022-07-31T00:00:00",
      "quarter_label": "2022-07 (Q3)",
      "revenue": 890000000,
      "gross_profit": 291600000,
      "operating_income": 129300000,
      "net_income": 101000000,
      "opex": 162300000,
      "cogs": 598400000,
      "rd": 18600000,
      "sga": 143700000,
      "fcf": 80200000,
      "ocf": 108900000,
      "capex": -28700000,
      "gross_margin": 0.32764044943820225,
      "op_margin": 0.1452808988764045,
      "fcf_margin": 0.0901123595505618,
      "incr_op_margin_yoy": 0.14798973481608213,
      "rev_growth_yoy": 0.15120941663432932,
      "rev_growth_yoy_accel": 0.0359152989872705,
      "op_leverage_ratio": 1.5848406546080966,
      "fcf_margin_change": 0.042292387679957015
    },
    {
      "date": "2022-10-31T00:00:00",
      "quarter_label": "2022-10 (Q4)",
      "revenue": 847300000,
      "gross_profit": 287200000,
      "operating_income": 119300000,
      "net_income": 87200000,
      "opex": 167900000,
      "cogs": 560100000,
      "rd": 18700000,
      "sga": 149200000,
      "fcf": 90100000,
      "ocf": 118200000,
      "capex": -28100000,
      "gross_margin": 0.3389590463826272,
      "op_margin": 0.14080018883512332,
      "fcf_margin": 0.1063377788268618,
      "incr_op_margin_yoy": 0.13657407407407407,
      "rev_growth_yoy": 0.11354974372453673,
      "rev_growth_yoy_accel": -0.037659672909792594,
      "fcf_margin_change": 0.0162254192763
    },
    {
      "date": "2023-01-31T00:00:00",
      "quarter_label": "2023-01 (Q1)",
      "revenue": 828300000,
      "gross_profit": 284400000,
      "operating_income": 116300000,
      "net_income": 86000000,
      "opex": 168100000,
      "cogs": 543900000,
      "rd": 18500000,
      "sga": 149600000,
      "fcf": 72800000,
      "ocf": 102300000,
      "capex": -29500000,
      "gross_margin": 0.3433538572980804,
      "op_margin": 0.14040806471085354,
      "fcf_margin": 0.08789086079922734,
      "incr_op_margin_yoy": 0.7984496124031008,
      "rev_growth_yoy": 0.03214953271028037,
      "rev_growth_yoy_accel": -0.08140021101425636,
      "fcf_margin_change": -0.018446918027634457
    },
    {
      "date": "2023-04-30T00:00:00",
      "quarter_label": "2023-04 (Q2)",
      "revenue": 875700000,
      "gross_profit": 288800000,
      "operating_income": 124000000,
      "net_income": 93700000,
      "opex": 164800000,
      "cogs": 586900000,
      "rd": 19000000,
      "sga": 145800000,
      "fcf": 98000000,
      "ocf": 133200000,
      "capex": -35200000,
      "gross_margin": 0.3297933082105744,
      "op_margin": 0.14160100491035743,
      "fcf_margin": 0.11191047162270183,
      "incr_op_margin_yoy": 0.5777777777777777,
      "rev_growth_yoy": 0.026371308016877638,
      "rev_growth_yoy_accel": -0.005778224693402733,
      "op_leverage_ratio": Infinity,
      "fcf_margin_change": 0.024019610823474494
    },
    {
      "date": "2023-07-31T00:00:00",
      "quarter_label": "2023-07 (Q3)",
      "revenue": 879500000,
      "gross_profit": 300100000,
      "operating_income": 120600000,
      "net_income": 91900000,
      "opex": 179500000,
      "cogs": 579400000,
      "rd": 21900000,
      "sga": 157600000,
      "fcf": 165100000,
      "ocf": 190800000,
      "capex": -25700000,
      "gross_margin": 0.3412166003411029,
      "op_margin": 0.13712336554860716,
      "fcf_margin": 0.1877202956225128,
      "incr_op_margin_yoy": 0.8285714285714286,
      "rev_growth_yoy": -0.011797752808988765,
      "rev_growth_yoy_accel": -0.0381690608258664,
      "fcf_margin_change": 0.07580982399981097
    },
    {
      "date": "2023-10-31T00:00:00",
      "quarter_label": "2023-10 (Q4)",
      "revenue": 846300000,
      "gross_profit": 300900000,
      "operating_income": 124600000,
      "net_income": 92100000,
      "opex": 176300000,
      "cogs": 545400000,
      "rd": 21300000,
      "sga": 155000000,
      "fcf": 114800000,
      "ocf": 138000000,
      "capex": -23200000,
      "gross_margin": 0.3555476781283233,
      "op_margin": 0.14722911497105046,
      "fcf_margin": 0.13564929693961952,
      "rev_growth_yoy": -0.0011802195208308745,
      "rev_growth_yoy_accel": 0.01061753328815789,
      "fcf_margin_change": -0.05207099868289328
    },
    {
      "date": "2024-01-31T00:00:00",
      "quarter_label": "2024-01 (Q1)",
      "revenue": 876700000,
      "gross_profit": 308600000,
      "operating_income": 129700000,
      "net_income": 98700000,
      "opex": 178900000,
      "cogs": 568100000,
      "rd": 22100000,
      "sga": 156800000,
      "fcf": 65700000,
      "ocf": 87000000,
      "capex": -21300000,
      "gross_margin": 0.3520018250256644,
      "op_margin": 0.14794114292232236,
      "fcf_margin": 0.07494011634538611,
      "incr_op_margin_yoy": 0.2768595041322314,
      "rev_growth_yoy": 0.05843293492695883,
      "rev_growth_yoy_accel": 0.0596131544477897,
      "op_leverage_ratio": 2.435724738454267,
      "fcf_margin_change": -0.060709180594233414
    },
    {
      "date": "2024-04-30T00:00:00",
      "quarter_label": "2024-04 (Q2)",
      "revenue": 927900000,
      "gross_profit": 330100000,
      "operating_income": 143600000,
      "net_income": 113500000,
      "opex": 186500000,
      "cogs": 597800000,
      "rd": 24800000,
      "sga": 161700000,
      "fcf": 120200000,
      "ocf": 141500000,
      "capex": -21300000,
      "gross_margin": 0.3557495419765061,
      "op_margin": 0.15475805582498114,
      "fcf_margin": 0.1295398211014118,
      "incr_op_margin_yoy": 0.37547892720306514,
      "rev_growth_yoy": 0.05960945529290853,
      "rev_growth_yoy_accel": 0.0011765203659497014,
      "op_leverage_ratio": 1.3747245952225151,
      "fcf_margin_change": 0.054599704756025685
    },
    {
      "date": "2024-07-31T00:00:00",
      "quarter_label": "2024-07 (Q3)",
      "revenue": 935400000,
      "gross_profit": 334800000,
      "operating_income": 146200000,
      "net_income": 109700000,
      "opex": 188600000,
      "cogs": 600600000,
      "rd": 25400000,
      "sga": 163200000,
      "fcf": 106200000,
      "ocf": 126000000,
      "capex": -19800000,
      "gross_margin": 0.35792174470814625,
      "op_margin": 0.15629677143468035,
      "fcf_margin": 0.11353431686978832,
      "incr_op_margin_yoy": 0.45796064400715564,
      "rev_growth_yoy": 0.06355884025014212,
      "rev_growth_yoy_accel": 0.003949384957233591,
      "fcf_margin_change": -0.016005504231623474
    },
    {
      "date": "2024-10-31T00:00:00",
      "quarter_label": "2024-10 (Q4)",
      "revenue": 900100000,
      "gross_profit": 319600000,
      "operating_income": 130800000,
      "net_income": 99000000,
      "opex": 188800000,
      "cogs": 580500000,
      "rd": 22700000,
      "sga": 166100000,
      "fcf": 47800000,
      "ocf": 72900000,
      "capex": -25100000,
      "gross_margin": 0.3550716587045884,
      "op_margin": 0.14531718697922452,
      "fcf_margin": 0.05310521053216309,
      "incr_op_margin_yoy": 0.11524163568773234,
      "rev_growth_yoy": 0.06357083776438616,
      "rev_growth_yoy_accel": 1.1997514244035945e-05,
      "fcf_margin_change": -0.06042910633762523
    },
    {
      "date": "2025-01-31T00:00:00",
      "quarter_label": "2025-01 (Q1)",
      "revenue": 870000000,
      "gross_profit": 305900000,
      "operating_income": 125500000,
      "net_income": 95900000,
      "opex": 180400000,
      "cogs": 564100000,
      "rd": 21200000,
      "sga": 159200000,
      "fcf": 71600000,
      "ocf": 90400000,
      "capex": -18800000,
      "gross_margin": 0.35160919540229885,
      "op_margin": 0.1442528735632184,
      "fcf_margin": 0.08229885057471265,
      "incr_op_margin_yoy": 0.6268656716417911,
      "rev_growth_yoy": -0.007642294969773013,
      "rev_growth_yoy_accel": -0.07121313273415916,
      "fcf_margin_change": 0.029193640042549554
    },
    {
      "date": "2025-04-30T00:00:00",
      "quarter_label": "2025-04 (Q2)",
      "revenue": 940100000,
      "gross_profit": 321900000,
      "operating_income": 87400000,
      "net_income": 57800000,
      "opex": 234500000,
      "cogs": 618200000,
      "rd": 21400000,
      "sga": 151100000,
      "fcf": 73000000,
      "ocf": 87700000,
      "capex": -14700000,
      "gross_margin": 0.3424103818742687,
      "op_margin": 0.0929688331028614,
      "fcf_margin": 0.07765131369003297,
      "incr_op_margin_yoy": -4.60655737704918,
      "rev_growth_yoy": 0.013147968531091712,
      "rev_growth_yoy_accel": 0.020790263500864724,
      "op_leverage_ratio": 0.26868166656043513,
      "fcf_margin_change": -0.0046475368846796705
    },
    {
      "date": "2025-07-31T00:00:00",
      "quarter_label": "2025-07 (Q3)",
      "revenue": 980700000,
      "gross_profit": 338800000,
      "operating_income": 151700000,
      "net_income": 114300000,
      "opex": 187100000,
      "cogs": 641900000,
      "rd": 22500000,
      "sga": 164600000,
      "fcf": 147500000,
      "ocf": 167800000,
      "capex": -20300000,
      "gross_margin": 0.3454675231977159,
      "op_margin": 0.15468542877536454,
      "fcf_margin": 0.15040277352911186,
      "incr_op_margin_yoy": 0.12141280353200883,
      "rev_growth_yoy": 0.04842847979474022,
      "rev_growth_yoy_accel": 0.035280511263648506,
      "op_leverage_ratio": Infinity,
      "fcf_margin_change": 0.07275145983907888
    },
    {
      "date": "2025-10-31T00:00:00",
      "quarter_label": "2025-10 (Q4)",
      "revenue": 935400000,
      "gross_profit": 328800000,
      "operating_income": 149300000,
      "net_income": 113900000,
      "opex": 179500000,
      "cogs": 606600000,
      "rd": 19200000,
      "sga": 169600000,
      "fcf": 111200000,
      "ocf": 125400000,
      "capex": -14200000,
      "gross_margin": 0.35150737652341246,
      "op_margin": 0.15961086166345947,
      "fcf_margin": 0.11887962369039982,
      "incr_op_margin_yoy": 0.5240793201133145,
      "rev_growth_yoy": 0.03921786468170203,
      "rev_growth_yoy_accel": -0.009210615113038188,
      "fcf_margin_change": -0.03152314983871203
    }
  ],
  "signals": [
    {
      "quarter": "2025-10 (Q4)",
      "signal": "INCREMENTAL MARGIN (YoY)",
      "detail": "YoY Incr OPM: +52.4% vs year-ago OPM: +14.5%",
      "severity": "HIGH"
    },
    {
      "quarter": "2025-07 (Q3)",
      "signal": "FCF MARGIN EXPANSION",
      "detail": "FCF margin: +7.8% -> +15.0% (+7.3%)",
      "severity": "MEDIUM"
    },
    {
      "quarter": "2025-01 (Q1)",
      "signal": "YoY REVENUE GROWTH DECELERATION",
      "detail": "YoY growth: -0.8% vs prior quarter YoY: +6.4% (decel: -7.1%)",
      "severity": "WARNING"
    },
    {
      "quarter": "2025-01 (Q1)",
      "signal": "INCREMENTAL MARGIN (YoY)",
      "detail": "YoY Incr OPM: +62.7% vs year-ago OPM: +14.8%",
      "severity": "HIGH"
    },
    {
      "quarter": "2024-07 (Q3)",
      "signal": "INCREMENTAL MARGIN (YoY)",
      "detail": "YoY Incr OPM: +45.8% vs year-ago OPM: +13.7%",
      "severity": "HIGH"
    },
    {
      "quarter": "2024-04 (Q2)",
      "signal": "FCF MARGIN EXPANSION",
      "detail": "FCF margin: +7.5% -> +13.0% (+5.5%)",
      "severity": "MEDIUM"
    },
    {
      "quarter": "2024-04 (Q2)",
      "signal": "INCREMENTAL MARGIN (YoY)",
      "detail": "YoY Incr OPM: +37.5% vs year-ago OPM: +14.2%",
      "severity": "HIGH"
    },
    {
      "quarter": "2024-01 (Q1)",
      "signal": "OPERATING LEVERAGE",
      "detail": "Rev growth +3.6% vs OpEx growth +1.5% (leverage: 2.4x)",
      "severity": "MEDIUM"
    },
    {
      "quarter": "2024-01 (Q1)",
      "signal": "YoY REVENUE GROWTH ACCELERATION",
      "detail": "YoY growth: +5.8% vs prior quarter YoY: -0.1% (accel: +6.0%)",
      "severity": "MEDIUM"
    },
    {
      "quarter": "2024-01 (Q1)",
      "signal": "INCREMENTAL MARGIN (YoY)",
      "detail": "YoY Incr OPM: +27.7% vs year-ago OPM: +14.0%",
      "severity": "MEDIUM"
    },
    {
      "quarter": "2023-07 (Q3)",
      "signal": "FCF MARGIN EXPANSION",
      "detail": "FCF margin: +11.2% -> +18.8% (+7.6%)",
      "severity": "MEDIUM"
    },
    {
      "quarter": "2023-07 (Q3)",
      "signal": "INCREMENTAL MARGIN (YoY)",
      "detail": "YoY Incr OPM: +82.9% vs year-ago OPM: +14.5%",
      "severity": "HIGH"
    },
    {
      "quarter": "2023-04 (Q2)",
      "signal": "INCREMENTAL MARGIN (YoY)",
      "detail": "YoY Incr OPM: +57.8% vs year-ago OPM: +13.0%",
      "severity": "HIGH"
    },
    {
      "quarter": "2023-01 (Q1)",
      "signal": "YoY REVENUE GROWTH DECELERATION",
      "detail": "YoY growth: +3.2% vs prior quarter YoY: +11.4% (decel: -8.1%)",
      "severity": "WARNING"
    },
    {
      "quarter": "2023-01 (Q1)",
      "signal": "INCREMENTAL MARGIN (YoY)",
      "detail": "YoY Incr OPM: +79.8% vs year-ago OPM: +11.9%",
      "severity": "HIGH"
    },
    {
      "quarter": "2022-07 (Q3)",
      "signal": "OPERATING LEVERAGE",
      "detail": "Rev growth +4.3% vs OpEx growth +2.7% (leverage: 1.6x)",
      "severity": "MEDIUM"
    },
    {
      "quarter": "2022-04 (Q2)",
      "signal": "OPERATING LEVERAGE",
      "detail": "Rev growth +6.3% vs OpEx growth +2.5% (leverage: 2.5x)",
      "severity": "MEDIUM"
    },
    {
      "quarter": "2022-04 (Q2)",
      "signal": "YoY REVENUE GROWTH DECELERATION",
      "detail": "YoY growth: +11.5% vs prior quarter YoY: +18.2% (decel: -6.6%)",
      "severity": "WARNING"
    },
    {
      "quarter": "2022-01 (Q1)",
      "signal": "OPERATING LEVERAGE",
      "detail": "Rev growth +5.5% vs OpEx growth +3.1% (leverage: 1.8x)",
      "severity": "MEDIUM"
    }
  ],
  "data_quality": {
    "n_quarters": 20,
    "coverage": {
      "revenue": [
        20,
        20
      ],
      "gross_profit": [
        20,
        20
      ],
      "op_income": [
        20,
        20
      ],
      "fcf": [
        20,
        20
      ]
    },
    "gaps": [],
    "warnings": []
  },
  "market_cap": null,
  "source": "SEC EDGAR",
  "last_updated": "2026-02-02T20:33:51.431051",
  "sector": "Industrials",
  "industry": "Specialty Industrial Machinery"
}