{
  "ticker": "DCO",
  "name": "DUCOMMUN INCORPORATED",
  "quarters": [
    {
      "date": "2020-12-31T00:00:00",
      "quarter_label": "2020-12 (Q4)",
      "revenue": 157786000,
      "gross_profit": 34801000,
      "operating_income": 11590000,
      "net_income": 9653000,
      "opex": 23211000,
      "cogs": 122985000,
      "rd": null,
      "sga": 22555000,
      "fcf": 6819000,
      "ocf": 11090000,
      "capex": -4271000,
      "gross_margin": 0.22055822443055784,
      "op_margin": 0.07345391859860824,
      "fcf_margin": 0.043216761943391684
    },
    {
      "date": "2021-04-03T00:00:00",
      "quarter_label": "2021-04 (Q2)",
      "revenue": 157151000,
      "gross_profit": 33100000,
      "operating_income": 10610000,
      "net_income": 6695000,
      "opex": 22490000,
      "cogs": 124051000,
      "rd": null,
      "sga": 22490000,
      "fcf": -27897000,
      "ocf": -23355000,
      "capex": -4542000,
      "gross_margin": 0.21062544940853065,
      "op_margin": 0.06751468333004562,
      "fcf_margin": -0.1775171650196308,
      "fcf_margin_change": -0.2207339269630225
    },
    {
      "date": "2021-07-03T00:00:00",
      "quarter_label": "2021-07 (Q3)",
      "revenue": 160192000,
      "gross_profit": 36782000,
      "operating_income": 13092000,
      "net_income": 8423000,
      "opex": 23690000,
      "cogs": 123410000,
      "rd": null,
      "sga": 23690000,
      "fcf": 2712000,
      "ocf": 5537000,
      "capex": -2825000,
      "gross_margin": 0.22961196564123051,
      "op_margin": 0.08172692768677586,
      "fcf_margin": 0.016929684378745504,
      "op_leverage_ratio": 0.36266653303722746,
      "fcf_margin_change": 0.1944468493983763
    },
    {
      "date": "2021-10-02T00:00:00",
      "quarter_label": "2021-10 (Q4)",
      "revenue": 163227000,
      "gross_profit": 35315000,
      "operating_income": 13363000,
      "net_income": 9584000,
      "opex": 21952000,
      "cogs": 127912000,
      "rd": null,
      "sga": 21952000,
      "fcf": 2116000,
      "ocf": 5547000,
      "capex": -3431000,
      "gross_margin": 0.21635513732409467,
      "op_margin": 0.081867583181704,
      "fcf_margin": 0.012963541570941083,
      "op_leverage_ratio": Infinity,
      "fcf_margin_change": -0.003966142807804421
    },
    {
      "date": "2021-12-31T00:00:00",
      "quarter_label": "2021-12 (Q4)",
      "revenue": 164843000,
      "gross_profit": 37263000,
      "operating_income": 11816000,
      "net_income": 110834000,
      "opex": 25447000,
      "cogs": 127580000,
      "rd": null,
      "sga": 25447000,
      "fcf": 5641000,
      "ocf": 11706000,
      "capex": -6065000,
      "gross_margin": 0.226051455020838,
      "op_margin": 0.07168032612849802,
      "fcf_margin": 0.034220440055082714,
      "incr_op_margin_yoy": 0.032024939776108825,
      "rev_growth_yoy": 0.044725134042310474,
      "fcf_margin_change": 0.021256898484141633
    },
    {
      "date": "2022-04-02T00:00:00",
      "quarter_label": "2022-04 (Q2)",
      "revenue": 163481000,
      "gross_profit": 32475000,
      "operating_income": 9123000,
      "net_income": 8099000,
      "opex": 23352000,
      "cogs": 131006000,
      "rd": null,
      "sga": 23352000,
      "fcf": -23676000,
      "ocf": -18851000,
      "capex": -4825000,
      "gross_margin": 0.19864693756460997,
      "op_margin": 0.05580465008166086,
      "fcf_margin": -0.14482416916950594,
      "incr_op_margin_yoy": -0.234913112164297,
      "rev_growth_yoy": 0.04027973095939574,
      "rev_growth_yoy_accel": -0.004445403082914731,
      "fcf_margin_change": -0.17904460922458865
    },
    {
      "date": "2022-07-02T00:00:00",
      "quarter_label": "2022-07 (Q3)",
      "revenue": 174198000,
      "gross_profit": 34642000,
      "operating_income": 7754000,
      "net_income": 4147000,
      "opex": 26888000,
      "cogs": 139556000,
      "rd": null,
      "sga": 24185000,
      "fcf": 20726000,
      "ocf": 24969000,
      "capex": -4243000,
      "gross_margin": 0.19886565861835384,
      "op_margin": 0.044512566160346274,
      "fcf_margin": 0.11897955200404138,
      "incr_op_margin_yoy": -0.38112237612451805,
      "rev_growth_yoy": 0.0874325809029165,
      "rev_growth_yoy_accel": 0.04715284994352076,
      "op_leverage_ratio": 0.43293008907091785,
      "fcf_margin_change": 0.26380372117354733
    },
    {
      "date": "2022-10-01T00:00:00",
      "quarter_label": "2022-10 (Q4)",
      "revenue": 186590000,
      "gross_profit": 38587000,
      "operating_income": 13217000,
      "net_income": 8462000,
      "opex": 25370000,
      "cogs": 148003000,
      "rd": null,
      "sga": 24803000,
      "fcf": -10785000,
      "ocf": -5488000,
      "capex": -5297000,
      "gross_margin": 0.20680100755667508,
      "op_margin": 0.07083444986333673,
      "fcf_margin": -0.0578005252157136,
      "incr_op_margin_yoy": -0.0062491974489577535,
      "rev_growth_yoy": 0.14313195733548983,
      "rev_growth_yoy_accel": 0.05569937643257333,
      "op_leverage_ratio": Infinity,
      "fcf_margin_change": -0.17678007721975497
    },
    {
      "date": "2022-12-31T00:00:00",
      "quarter_label": "2022-12 (Q4)",
      "revenue": 188268000,
      "gross_profit": 38593000,
      "operating_income": 9694000,
      "net_income": 8081000,
      "opex": 28899000,
      "cogs": 149675000,
      "rd": null,
      "sga": 26011000,
      "fcf": 26726000,
      "ocf": 32050000,
      "capex": -5324000,
      "gross_margin": 0.20498969554039986,
      "op_margin": 0.05149042853804151,
      "fcf_margin": 0.14195720993477384,
      "incr_op_margin_yoy": -0.09058697972251868,
      "rev_growth_yoy": 0.1421049119465188,
      "rev_growth_yoy_accel": -0.0010270453889710263,
      "fcf_margin_change": 0.19975773515048745
    },
    {
      "date": "2023-04-01T00:00:00",
      "quarter_label": "2023-04 (Q2)",
      "revenue": 181191000,
      "gross_profit": 36767000,
      "operating_income": 6372000,
      "net_income": 5231000,
      "opex": 30395000,
      "cogs": 144424000,
      "rd": null,
      "sga": 26225000,
      "fcf": -24290000,
      "ocf": -18928000,
      "capex": -5362000,
      "gross_margin": 0.2029184672527885,
      "op_margin": 0.0351673096345845,
      "fcf_margin": -0.13405743110860915,
      "incr_op_margin_yoy": -0.15533596837944663,
      "rev_growth_yoy": 0.108330631694203,
      "rev_growth_yoy_accel": -0.03377428025231581,
      "fcf_margin_change": -0.276014641043383
    },
    {
      "date": "2023-07-01T00:00:00",
      "quarter_label": "2023-07 (Q3)",
      "revenue": 187320000,
      "gross_profit": 40122000,
      "operating_income": 5005000,
      "net_income": 2374000,
      "opex": 35117000,
      "cogs": 147198000,
      "rd": null,
      "sga": 30348000,
      "fcf": 3624000,
      "ocf": 9181000,
      "capex": -5557000,
      "gross_margin": 0.21418962203715566,
      "op_margin": 0.02671898355754858,
      "fcf_margin": 0.019346572709801408,
      "incr_op_margin_yoy": -0.20949550373418685,
      "rev_growth_yoy": 0.07532807494919574,
      "rev_growth_yoy_accel": -0.03300255674500725,
      "op_leverage_ratio": 0.21773546061879973,
      "fcf_margin_change": 0.15340400381841057
    },
    {
      "date": "2023-09-30T00:00:00",
      "quarter_label": "2023-09 (Q3)",
      "revenue": 196250000,
      "gross_profit": 44602000,
      "operating_income": 8609000,
      "net_income": 3213000,
      "opex": 35993000,
      "cogs": 151648000,
      "rd": null,
      "sga": 32182000,
      "fcf": 9205000,
      "ocf": 14318000,
      "capex": -5113000,
      "gross_margin": 0.22727133757961784,
      "op_margin": 0.04386751592356688,
      "fcf_margin": 0.04690445859872611,
      "incr_op_margin_yoy": -0.47701863354037266,
      "rev_growth_yoy": 0.05177126319738464,
      "rev_growth_yoy_accel": -0.023556811751811103,
      "op_leverage_ratio": 1.9110876730854924,
      "fcf_margin_change": 0.027557885888924705
    },
    {
      "date": "2023-12-31T00:00:00",
      "quarter_label": "2023-12 (Q4)",
      "revenue": 192231000,
      "gross_profit": 41696000,
      "operating_income": 8931000,
      "net_income": 5110000,
      "opex": 32765000,
      "cogs": 150535000,
      "rd": null,
      "sga": 30973000,
      "fcf": 23006000,
      "ocf": 26496000,
      "capex": -3490000,
      "gross_margin": 0.2169057019939552,
      "op_margin": 0.04645972813958207,
      "fcf_margin": 0.11967892795646903,
      "incr_op_margin_yoy": -0.1925309109260661,
      "rev_growth_yoy": 0.021049780100707502,
      "rev_growth_yoy_accel": -0.03072148309667714,
      "fcf_margin_change": 0.07277446935774293
    },
    {
      "date": "2024-03-30T00:00:00",
      "quarter_label": "2024-03 (Q1)",
      "revenue": 190847000,
      "gross_profit": 46943000,
      "operating_income": 12622000,
      "net_income": 6849000,
      "opex": 34321000,
      "cogs": 143904000,
      "rd": null,
      "sga": 32951000,
      "fcf": -6622000,
      "ocf": -1648000,
      "capex": -4974000,
      "gross_margin": 0.2459719041955074,
      "op_margin": 0.06613674828527565,
      "fcf_margin": -0.03469795176240654,
      "incr_op_margin_yoy": 0.6472659486329743,
      "rev_growth_yoy": 0.053291830168165084,
      "rev_growth_yoy_accel": 0.03224205006745758,
      "fcf_margin_change": -0.15437687971887556
    },
    {
      "date": "2024-06-29T00:00:00",
      "quarter_label": "2024-06 (Q2)",
      "revenue": 197000000,
      "gross_profit": 51239000,
      "operating_income": 13924000,
      "net_income": 7724000,
      "opex": 37315000,
      "cogs": 145761000,
      "rd": null,
      "sga": 36061000,
      "fcf": 144000,
      "ocf": 3462000,
      "capex": -3318000,
      "gross_margin": 0.26009644670050763,
      "op_margin": 0.07068020304568529,
      "fcf_margin": 0.0007309644670050762,
      "incr_op_margin_yoy": 0.9213842975206612,
      "rev_growth_yoy": 0.05167627589152253,
      "rev_growth_yoy_accel": -0.0016155542766425543,
      "op_leverage_ratio": 0.36958106690569675,
      "fcf_margin_change": 0.03542891622941161
    },
    {
      "date": "2024-09-28T00:00:00",
      "quarter_label": "2024-09 (Q3)",
      "revenue": 201412000,
      "gross_profit": 52676000,
      "operating_income": 15266000,
      "net_income": 10148000,
      "opex": 37410000,
      "cogs": 148736000,
      "rd": null,
      "sga": 35486000,
      "fcf": 11954000,
      "ocf": 13942000,
      "capex": -1988000,
      "gross_margin": 0.2615335729747979,
      "op_margin": 0.075794888090084,
      "fcf_margin": 0.059350982066609735,
      "incr_op_margin_yoy": 1.2896164277411857,
      "rev_growth_yoy": 0.026303184713375796,
      "rev_growth_yoy_accel": -0.025373091178146734,
      "op_leverage_ratio": 8.796889126369223,
      "fcf_margin_change": 0.05862001759960466
    },
    {
      "date": "2024-12-31T00:00:00",
      "quarter_label": "2024-12 (Q4)",
      "revenue": 197292000,
      "gross_profit": 46407000,
      "operating_income": 10399000,
      "net_income": 6774000,
      "opex": 36008000,
      "cogs": 150885000,
      "rd": null,
      "sga": 34112000,
      "fcf": 14575000,
      "ocf": 18424000,
      "capex": -3849000,
      "gross_margin": 0.23521987713642722,
      "op_margin": 0.05270867546580703,
      "fcf_margin": 0.07387527117166434,
      "incr_op_margin_yoy": 0.2900612527168544,
      "rev_growth_yoy": 0.026327699486555237,
      "rev_growth_yoy_accel": 2.4514773179440397e-05,
      "fcf_margin_change": 0.014524289105054607
    },
    {
      "date": "2025-03-29T00:00:00",
      "quarter_label": "2025-03 (Q1)",
      "revenue": 194114000,
      "gross_profit": 51597000,
      "operating_income": 16577000,
      "net_income": 10511000,
      "opex": 35020000,
      "cogs": 142517000,
      "rd": null,
      "sga": 34594000,
      "fcf": -4044000,
      "ocf": 771000,
      "capex": -4815000,
      "gross_margin": 0.26580772123597474,
      "op_margin": 0.08539827111903314,
      "fcf_margin": -0.02083311868283586,
      "incr_op_margin_yoy": 1.2105907560453015,
      "rev_growth_yoy": 0.017118424706702228,
      "rev_growth_yoy_accel": -0.009209274779853008,
      "fcf_margin_change": -0.0947083898545002
    },
    {
      "date": "2025-06-28T00:00:00",
      "quarter_label": "2025-06 (Q2)",
      "revenue": 202260000,
      "gross_profit": 53738000,
      "operating_income": 17171000,
      "net_income": 12553000,
      "opex": 36567000,
      "cogs": 148522000,
      "rd": null,
      "sga": 35959000,
      "fcf": 18143000,
      "ocf": 22410000,
      "capex": -4267000,
      "gross_margin": 0.2656877286660734,
      "op_margin": 0.0848956788292297,
      "fcf_margin": 0.08970137446850589,
      "incr_op_margin_yoy": 0.6173003802281369,
      "rev_growth_yoy": 0.0267005076142132,
      "rev_growth_yoy_accel": 0.009582082907510971,
      "op_leverage_ratio": 0.9499776216241799,
      "fcf_margin_change": 0.11053449315134174
    },
    {
      "date": "2025-09-27T00:00:00",
      "quarter_label": "2025-09 (Q3)",
      "revenue": 212558000,
      "gross_profit": 56475000,
      "operating_income": -80050000,
      "net_income": -64446000,
      "opex": 136525000,
      "cogs": 156083000,
      "rd": null,
      "sga": 36267000,
      "fcf": 16011000,
      "ocf": 18101000,
      "capex": -2090000,
      "gross_margin": 0.2656921875441056,
      "op_margin": -0.37660309186198593,
      "fcf_margin": 0.07532532297067153,
      "incr_op_margin_yoy": -8.55158801363718,
      "rev_growth_yoy": 0.05533930451015828,
      "rev_growth_yoy_accel": 0.028638796895945083,
      "op_leverage_ratio": 0.018625788123209905,
      "fcf_margin_change": -0.014376051497834358
    }
  ],
  "signals": [
    {
      "quarter": "2025-06 (Q2)",
      "signal": "FCF TURNED POSITIVE",
      "detail": "FCF margin: -2.1% -> +9.0%",
      "severity": "HIGH"
    },
    {
      "quarter": "2025-06 (Q2)",
      "signal": "INCREMENTAL MARGIN (YoY)",
      "detail": "YoY Incr OPM: +61.7% vs year-ago OPM: +7.1%",
      "severity": "HIGH"
    },
    {
      "quarter": "2025-03 (Q1)",
      "signal": "GROSS MARGIN INFLECTION",
      "detail": "GM: +26.2% -> +23.5% -> +26.6% (reversal +3.1%)",
      "severity": "MEDIUM"
    },
    {
      "quarter": "2025-03 (Q1)",
      "signal": "INCREMENTAL MARGIN (YoY)",
      "detail": "YoY Incr OPM: +121.1% vs year-ago OPM: +6.6%",
      "severity": "HIGH"
    },
    {
      "quarter": "2024-12 (Q4)",
      "signal": "INCREMENTAL MARGIN (YoY)",
      "detail": "YoY Incr OPM: +29.0% vs year-ago OPM: +4.6%",
      "severity": "HIGH"
    },
    {
      "quarter": "2024-09 (Q3)",
      "signal": "FCF MARGIN EXPANSION",
      "detail": "FCF margin: +0.1% -> +5.9% (+5.9%)",
      "severity": "MEDIUM"
    },
    {
      "quarter": "2024-09 (Q3)",
      "signal": "OPERATING LEVERAGE",
      "detail": "Rev growth +2.2% vs OpEx growth +0.3% (leverage: 8.8x)",
      "severity": "MEDIUM"
    },
    {
      "quarter": "2024-09 (Q3)",
      "signal": "INCREMENTAL MARGIN (YoY)",
      "detail": "YoY Incr OPM: +129.0% vs year-ago OPM: +4.4%",
      "severity": "HIGH"
    },
    {
      "quarter": "2024-06 (Q2)",
      "signal": "FCF TURNED POSITIVE",
      "detail": "FCF margin: -3.5% -> +0.1%",
      "severity": "HIGH"
    },
    {
      "quarter": "2024-06 (Q2)",
      "signal": "INCREMENTAL MARGIN (YoY)",
      "detail": "YoY Incr OPM: +92.1% vs year-ago OPM: +2.7%",
      "severity": "HIGH"
    },
    {
      "quarter": "2024-03 (Q1)",
      "signal": "GROSS MARGIN INFLECTION",
      "detail": "GM: +22.7% -> +21.7% -> +24.6% (reversal +2.9%)",
      "severity": "MEDIUM"
    },
    {
      "quarter": "2024-03 (Q1)",
      "signal": "INCREMENTAL MARGIN (YoY)",
      "detail": "YoY Incr OPM: +64.7% vs year-ago OPM: +3.5%",
      "severity": "HIGH"
    },
    {
      "quarter": "2023-12 (Q4)",
      "signal": "FCF MARGIN EXPANSION",
      "detail": "FCF margin: +4.7% -> +12.0% (+7.3%)",
      "severity": "MEDIUM"
    },
    {
      "quarter": "2023-09 (Q3)",
      "signal": "OPERATING LEVERAGE",
      "detail": "Rev growth +4.8% vs OpEx growth +2.5% (leverage: 1.9x)",
      "severity": "MEDIUM"
    },
    {
      "quarter": "2023-07 (Q3)",
      "signal": "FCF TURNED POSITIVE",
      "detail": "FCF margin: -13.4% -> +1.9%",
      "severity": "HIGH"
    },
    {
      "quarter": "2022-12 (Q4)",
      "signal": "FCF TURNED POSITIVE",
      "detail": "FCF margin: -5.8% -> +14.2%",
      "severity": "HIGH"
    },
    {
      "quarter": "2022-10 (Q4)",
      "signal": "YoY REVENUE GROWTH ACCELERATION",
      "detail": "YoY growth: +14.3% vs prior quarter YoY: +8.7% (accel: +5.6%)",
      "severity": "MEDIUM"
    },
    {
      "quarter": "2022-07 (Q3)",
      "signal": "FCF TURNED POSITIVE",
      "detail": "FCF margin: -14.5% -> +11.9%",
      "severity": "HIGH"
    },
    {
      "quarter": "2021-07 (Q3)",
      "signal": "FCF TURNED POSITIVE",
      "detail": "FCF margin: -17.8% -> +1.7%",
      "severity": "HIGH"
    }
  ],
  "data_quality": {
    "n_quarters": 20,
    "coverage": {
      "revenue": [
        20,
        20
      ],
      "gross_profit": [
        20,
        20
      ],
      "op_income": [
        20,
        20
      ],
      "fcf": [
        20,
        20
      ]
    },
    "gaps": [],
    "warnings": []
  },
  "market_cap": null,
  "source": "SEC EDGAR",
  "last_updated": "2026-02-02T21:44:19.280219"
}