{
  "ticker": "DDD",
  "name": "3D SYSTEMS CORPORATION",
  "quarters": [
    {
      "date": "2020-12-31T00:00:00",
      "quarter_label": "2020-12 (Q4)",
      "revenue": 172652000,
      "gross_profit": 72449000,
      "operating_income": 731000,
      "net_income": -19830000,
      "opex": 71718000,
      "cogs": 100205000,
      "rd": 19036000,
      "sga": 52682000,
      "fcf": 9900000,
      "ocf": 12528000,
      "capex": -2628000,
      "gross_margin": 0.4196244468642124,
      "op_margin": 0.004233950374163057,
      "fcf_margin": 0.057340777981141254
    },
    {
      "date": "2021-03-31T00:00:00",
      "quarter_label": "2021-03 (Q1)",
      "revenue": 146116000,
      "gross_profit": 64240000,
      "operating_income": -1959000,
      "net_income": null,
      "opex": 66199000,
      "cogs": 81876000,
      "rd": 16599000,
      "sga": 49600000,
      "fcf": 24575000,
      "ocf": 28453000,
      "capex": -3878000,
      "gross_margin": 0.4396506884940732,
      "op_margin": -0.013407155958279723,
      "fcf_margin": 0.1681882887568781,
      "fcf_margin_change": 0.11084751077573685
    },
    {
      "date": "2021-06-30T00:00:00",
      "quarter_label": "2021-06 (Q2)",
      "revenue": 162557000,
      "gross_profit": 69005000,
      "operating_income": -10060000,
      "net_income": -9632000,
      "opex": 79065000,
      "cogs": 93552000,
      "rd": 17602000,
      "sga": 61463000,
      "fcf": 9197000,
      "ocf": 13523000,
      "capex": -4326000,
      "gross_margin": 0.4244972532711603,
      "op_margin": -0.061885984608475796,
      "fcf_margin": 0.056577077578941544,
      "op_leverage_ratio": 0.5789463718825691,
      "fcf_margin_change": -0.11161121117793657
    },
    {
      "date": "2021-09-30T00:00:00",
      "quarter_label": "2021-09 (Q3)",
      "revenue": 156096000,
      "gross_profit": 64315000,
      "operating_income": -17208000,
      "net_income": 292656000,
      "opex": 81523000,
      "cogs": 91781000,
      "rd": 15786000,
      "sga": 65737000,
      "fcf": 14066000,
      "ocf": 20676000,
      "capex": -6610000,
      "gross_margin": 0.4120220889708897,
      "op_margin": -0.11023985239852399,
      "fcf_margin": 0.09011121361213612,
      "fcf_margin_change": 0.03353413603319457
    },
    {
      "date": "2021-12-31T00:00:00",
      "quarter_label": "2021-12 (Q4)",
      "revenue": 150870000,
      "gross_profit": 66218000,
      "operating_income": -3842000,
      "net_income": -6200000,
      "opex": 70060000,
      "cogs": 84652000,
      "rd": 19163000,
      "sga": 50897000,
      "fcf": -18482000,
      "ocf": -14505000,
      "capex": -3977000,
      "gross_margin": 0.43890766885398025,
      "op_margin": -0.025465632663882812,
      "fcf_margin": -0.1225028169947637,
      "incr_op_margin_yoy": 0.20994399045083095,
      "rev_growth_yoy": -0.1261612955540625,
      "fcf_margin_change": -0.21261403060689982
    },
    {
      "date": "2022-03-31T00:00:00",
      "quarter_label": "2022-03 (Q1)",
      "revenue": 133001000,
      "gross_profit": 53795000,
      "operating_income": -23232000,
      "net_income": -26799000,
      "opex": 77027000,
      "cogs": 79206000,
      "rd": 21612000,
      "sga": 55415000,
      "fcf": -19204000,
      "ocf": -15125000,
      "capex": -4079000,
      "gross_margin": 0.4044706430778716,
      "op_margin": -0.17467537838061367,
      "fcf_margin": -0.14438989180532477,
      "incr_op_margin_yoy": 1.6220358368280594,
      "rev_growth_yoy": -0.0897574529825618,
      "rev_growth_yoy_accel": 0.0364038425715007,
      "fcf_margin_change": -0.02188707481056107
    },
    {
      "date": "2022-06-30T00:00:00",
      "quarter_label": "2022-06 (Q2)",
      "revenue": 140045000,
      "gross_profit": 53138000,
      "operating_income": -32038000,
      "net_income": -32961000,
      "opex": 85176000,
      "cogs": 86907000,
      "rd": 20772000,
      "sga": 64404000,
      "fcf": -29375000,
      "ocf": -23086000,
      "capex": -6289000,
      "gross_margin": 0.3794351815487879,
      "op_margin": -0.22876932414581028,
      "fcf_margin": -0.2097540076404013,
      "incr_op_margin_yoy": 0.9762793176972282,
      "rev_growth_yoy": -0.13848680770437446,
      "rev_growth_yoy_accel": -0.04872935472181267,
      "op_leverage_ratio": 0.5006141336548743,
      "fcf_margin_change": -0.06536411583507654
    },
    {
      "date": "2022-09-30T00:00:00",
      "quarter_label": "2022-09 (Q3)",
      "revenue": 132253000,
      "gross_profit": 52670000,
      "operating_income": -33705000,
      "net_income": -37398000,
      "opex": 86375000,
      "cogs": 79583000,
      "rd": 20796000,
      "sga": 65579000,
      "fcf": -20925000,
      "ocf": -14238000,
      "capex": -6687000,
      "gross_margin": 0.3982518354971154,
      "op_margin": -0.2548524419105805,
      "fcf_margin": -0.1582194732822696,
      "incr_op_margin_yoy": 0.6919011869311747,
      "rev_growth_yoy": -0.15274574620746206,
      "rev_growth_yoy_accel": -0.014258938503087598,
      "fcf_margin_change": 0.05153453435813171
    },
    {
      "date": "2022-12-31T00:00:00",
      "quarter_label": "2022-12 (Q4)",
      "revenue": 132732000,
      "gross_profit": 54630000,
      "operating_income": -28044000,
      "net_income": -25553000,
      "opex": 82674000,
      "cogs": 78102000,
      "rd": 23891000,
      "sga": 58783000,
      "fcf": -21424000,
      "ocf": -17572000,
      "capex": -3852000,
      "gross_margin": 0.41158123135340385,
      "op_margin": -0.21128288581502577,
      "fcf_margin": -0.16140794985384083,
      "incr_op_margin_yoy": 1.3343257249972433,
      "rev_growth_yoy": -0.12022270829190694,
      "rev_growth_yoy_accel": 0.03252303791555512,
      "fcf_margin_change": -0.0031884765715712304
    },
    {
      "date": "2023-03-31T00:00:00",
      "quarter_label": "2023-03 (Q1)",
      "revenue": 121236000,
      "gross_profit": 47098000,
      "operating_income": -33396000,
      "net_income": -29421000,
      "opex": 80494000,
      "cogs": 74138000,
      "rd": 22209000,
      "sga": 58285000,
      "fcf": -36749000,
      "ocf": -27722000,
      "capex": -9027000,
      "gross_margin": 0.38848196905209675,
      "op_margin": -0.2754627338414332,
      "fcf_margin": -0.30311953545151604,
      "incr_op_margin_yoy": 0.863918402039949,
      "rev_growth_yoy": -0.08845798151893595,
      "rev_growth_yoy_accel": 0.031764726772970986,
      "fcf_margin_change": -0.14171158559767522
    },
    {
      "date": "2023-06-30T00:00:00",
      "quarter_label": "2023-06 (Q2)",
      "revenue": 128194000,
      "gross_profit": 50016000,
      "operating_income": -31729000,
      "net_income": -28895000,
      "opex": 81745000,
      "cogs": 78178000,
      "rd": 22762000,
      "sga": 58983000,
      "fcf": -23069000,
      "ocf": -18547000,
      "capex": -4522000,
      "gross_margin": 0.39015866577218905,
      "op_margin": -0.24750768366694229,
      "fcf_margin": -0.17995381999157528,
      "incr_op_margin_yoy": -0.02607374905071302,
      "rev_growth_yoy": -0.0846227998143454,
      "rev_growth_yoy_accel": 0.0038351817045905595,
      "op_leverage_ratio": 3.6928275321608166,
      "fcf_margin_change": 0.12316571545994076
    },
    {
      "date": "2023-09-30T00:00:00",
      "quarter_label": "2023-09 (Q3)",
      "revenue": 123791000,
      "gross_profit": 55350000,
      "operating_income": -13584000,
      "net_income": -11704000,
      "opex": 68934000,
      "cogs": 68441000,
      "rd": 21982000,
      "sga": 33355000,
      "fcf": -33070000,
      "ocf": -25624000,
      "capex": -7446000,
      "gross_margin": 0.4471245890250503,
      "op_margin": -0.10973334087292291,
      "fcf_margin": -0.2671438149784718,
      "incr_op_margin_yoy": -2.3778066650909953,
      "rev_growth_yoy": -0.06398342570678926,
      "rev_growth_yoy_accel": 0.020639374107556133,
      "fcf_margin_change": -0.0871899949868965
    },
    {
      "date": "2023-12-31T00:00:00",
      "quarter_label": "2023-12 (Q4)",
      "revenue": 114848000,
      "gross_profit": 43957000,
      "operating_income": -327295000,
      "net_income": -292668000,
      "opex": 371252000,
      "cogs": 70891000,
      "rd": 22513000,
      "sga": 59549000,
      "fcf": -14990000,
      "ocf": -8802000,
      "capex": -6188000,
      "gross_margin": 0.38274066592365563,
      "op_margin": -2.8498101838952357,
      "fcf_margin": -0.13052033992755643,
      "incr_op_margin_yoy": 16.732889733840302,
      "rev_growth_yoy": -0.13473766687761807,
      "rev_growth_yoy_accel": -0.0707542411708288,
      "fcf_margin_change": 0.13662347505091535
    },
    {
      "date": "2024-03-31T00:00:00",
      "quarter_label": "2024-03 (Q1)",
      "revenue": 102905000,
      "gross_profit": 40922000,
      "operating_income": -39862000,
      "net_income": -16001000,
      "opex": 80784000,
      "cogs": 61983000,
      "rd": 23480000,
      "sga": 57304000,
      "fcf": -28735000,
      "ocf": -25545000,
      "capex": -3190000,
      "gross_margin": 0.39766775180992175,
      "op_margin": -0.3873669889704096,
      "fcf_margin": -0.2792381322579078,
      "incr_op_margin_yoy": 0.35273580273853034,
      "rev_growth_yoy": -0.1512009634102082,
      "rev_growth_yoy_accel": -0.016463296532590127,
      "fcf_margin_change": -0.14871779233035134
    },
    {
      "date": "2024-06-30T00:00:00",
      "quarter_label": "2024-06 (Q2)",
      "revenue": 113252000,
      "gross_profit": 47098000,
      "operating_income": -26412000,
      "net_income": -27258000,
      "opex": 73510000,
      "cogs": 66154000,
      "rd": 22016000,
      "sga": 51494000,
      "fcf": -14724000,
      "ocf": -10763000,
      "capex": -3961000,
      "gross_margin": 0.415869035425423,
      "op_margin": -0.23321442446932505,
      "fcf_margin": -0.13001094903401264,
      "incr_op_margin_yoy": -0.3558425913532325,
      "rev_growth_yoy": -0.11655771720985382,
      "rev_growth_yoy_accel": 0.034643246200354375,
      "op_leverage_ratio": Infinity,
      "fcf_margin_change": 0.14922718322389514
    },
    {
      "date": "2024-09-30T00:00:00",
      "quarter_label": "2024-09 (Q3)",
      "revenue": 112940000,
      "gross_profit": 41713000,
      "operating_income": -180758000,
      "net_income": -178627000,
      "opex": 222471000,
      "cogs": 71227000,
      "rd": 20764000,
      "sga": 57974000,
      "fcf": -4448000,
      "ocf": -801000,
      "capex": -3647000,
      "gross_margin": 0.36933770143438993,
      "op_margin": -1.6004781299805206,
      "fcf_margin": -0.0393837435806623,
      "incr_op_margin_yoy": 15.406321997972537,
      "rev_growth_yoy": -0.08765580696496514,
      "rev_growth_yoy_accel": 0.02890191024488868,
      "fcf_margin_change": 0.09062720545335035
    },
    {
      "date": "2024-12-31T00:00:00",
      "quarter_label": "2024-12 (Q4)",
      "revenue": 111024000,
      "gross_profit": 34445000,
      "operating_income": -30368000,
      "net_income": -33707000,
      "opex": 64813000,
      "cogs": 76579000,
      "rd": 20219000,
      "sga": 43360000,
      "fcf": -13101000,
      "ocf": -7778000,
      "capex": -5323000,
      "gross_margin": 0.3102482346159389,
      "op_margin": -0.2735264447326704,
      "fcf_margin": -0.11800151318633809,
      "incr_op_margin_yoy": -77.6482740585774,
      "rev_growth_yoy": -0.033296182780718865,
      "rev_growth_yoy_accel": 0.05435962418424627,
      "fcf_margin_change": -0.07861776960567579
    },
    {
      "date": "2025-03-31T00:00:00",
      "quarter_label": "2025-03 (Q1)",
      "revenue": 94540000,
      "gross_profit": 32689000,
      "operating_income": -36763000,
      "net_income": -36986000,
      "opex": 69452000,
      "cogs": 61851000,
      "rd": 19683000,
      "sga": 49769000,
      "fcf": -36581000,
      "ocf": -33786000,
      "capex": -2795000,
      "gross_margin": 0.34576898667230804,
      "op_margin": -0.38886185741485085,
      "fcf_margin": -0.386936746350751,
      "incr_op_margin_yoy": -0.37047220561864913,
      "rev_growth_yoy": -0.08128856712501822,
      "rev_growth_yoy_accel": -0.04799238434429936,
      "fcf_margin_change": -0.2689352331644129
    },
    {
      "date": "2025-06-30T00:00:00",
      "quarter_label": "2025-06 (Q2)",
      "revenue": 94838000,
      "gross_profit": 36150000,
      "operating_income": -15350000,
      "net_income": 104436000,
      "opex": 51500000,
      "cogs": 58688000,
      "rd": 17361000,
      "sga": 34139000,
      "fcf": -28792000,
      "ocf": -25844000,
      "capex": -2948000,
      "gross_margin": 0.38117632172757754,
      "op_margin": -0.1618549526561083,
      "fcf_margin": -0.3035913874185453,
      "incr_op_margin_yoy": -0.600738568480504,
      "rev_growth_yoy": -0.16259315508776886,
      "rev_growth_yoy_accel": -0.08130458796275064,
      "fcf_margin_change": 0.08334535893220568
    },
    {
      "date": "2025-09-30T00:00:00",
      "quarter_label": "2025-09 (Q3)",
      "revenue": 91249000,
      "gross_profit": 29431000,
      "operating_income": -21310000,
      "net_income": -18053000,
      "opex": 50741000,
      "cogs": 61818000,
      "rd": 16025000,
      "sga": 34716000,
      "fcf": -15753000,
      "ocf": -13501000,
      "capex": -2252000,
      "gross_margin": 0.32253504147990664,
      "op_margin": -0.2335368058828042,
      "fcf_margin": -0.17263750835625596,
      "incr_op_margin_yoy": -7.350882854640173,
      "rev_growth_yoy": -0.1920577297680184,
      "rev_growth_yoy_accel": -0.029464574680249545,
      "fcf_margin_change": 0.13095387906228934
    }
  ],
  "signals": [
    {
      "quarter": "2025-09 (Q3)",
      "signal": "FCF MARGIN EXPANSION",
      "detail": "FCF margin: -30.4% -> -17.3% (+13.1%)",
      "severity": "MEDIUM"
    },
    {
      "quarter": "2025-06 (Q2)",
      "signal": "FCF MARGIN EXPANSION",
      "detail": "FCF margin: -38.7% -> -30.4% (+8.3%)",
      "severity": "MEDIUM"
    },
    {
      "quarter": "2025-06 (Q2)",
      "signal": "YoY REVENUE GROWTH DECELERATION",
      "detail": "YoY growth: -16.3% vs prior quarter YoY: -8.1% (decel: -8.1%)",
      "severity": "WARNING"
    },
    {
      "quarter": "2025-03 (Q1)",
      "signal": "GROSS MARGIN INFLECTION",
      "detail": "GM: +36.9% -> +31.0% -> +34.6% (reversal +3.6%)",
      "severity": "MEDIUM"
    },
    {
      "quarter": "2024-12 (Q4)",
      "signal": "YoY REVENUE GROWTH ACCELERATION",
      "detail": "YoY growth: -3.3% vs prior quarter YoY: -8.8% (accel: +5.4%)",
      "severity": "MEDIUM"
    },
    {
      "quarter": "2024-09 (Q3)",
      "signal": "FCF MARGIN EXPANSION",
      "detail": "FCF margin: -13.0% -> -3.9% (+9.1%)",
      "severity": "MEDIUM"
    },
    {
      "quarter": "2024-06 (Q2)",
      "signal": "FCF MARGIN EXPANSION",
      "detail": "FCF margin: -27.9% -> -13.0% (+14.9%)",
      "severity": "MEDIUM"
    },
    {
      "quarter": "2023-12 (Q4)",
      "signal": "FCF MARGIN EXPANSION",
      "detail": "FCF margin: -26.7% -> -13.1% (+13.7%)",
      "severity": "MEDIUM"
    },
    {
      "quarter": "2023-12 (Q4)",
      "signal": "YoY REVENUE GROWTH DECELERATION",
      "detail": "YoY growth: -13.5% vs prior quarter YoY: -6.4% (decel: -7.1%)",
      "severity": "WARNING"
    },
    {
      "quarter": "2023-06 (Q2)",
      "signal": "FCF MARGIN EXPANSION",
      "detail": "FCF margin: -30.3% -> -18.0% (+12.3%)",
      "severity": "MEDIUM"
    },
    {
      "quarter": "2023-06 (Q2)",
      "signal": "OPERATING LEVERAGE",
      "detail": "Rev growth +5.7% vs OpEx growth +1.6% (leverage: 3.7x)",
      "severity": "MEDIUM"
    },
    {
      "quarter": "2022-09 (Q3)",
      "signal": "FCF MARGIN EXPANSION",
      "detail": "FCF margin: -21.0% -> -15.8% (+5.2%)",
      "severity": "MEDIUM"
    },
    {
      "quarter": "2021-12 (Q4)",
      "signal": "GROSS MARGIN INFLECTION",
      "detail": "GM: +42.4% -> +41.2% -> +43.9% (reversal +2.7%)",
      "severity": "MEDIUM"
    },
    {
      "quarter": "2021-03 (Q1)",
      "signal": "FCF MARGIN EXPANSION",
      "detail": "FCF margin: +5.7% -> +16.8% (+11.1%)",
      "severity": "MEDIUM"
    }
  ],
  "data_quality": {
    "n_quarters": 20,
    "coverage": {
      "revenue": [
        20,
        20
      ],
      "gross_profit": [
        20,
        20
      ],
      "op_income": [
        20,
        20
      ],
      "fcf": [
        20,
        20
      ]
    },
    "gaps": [],
    "warnings": []
  },
  "market_cap": null,
  "source": "SEC EDGAR",
  "last_updated": "2026-02-02T22:40:02.011204",
  "sector": "Technology",
  "industry": "Computer Hardware"
}