{
  "ticker": "DDOG",
  "name": "Datadog, Inc.",
  "quarters": [
    {
      "date": "2020-12-31T00:00:00",
      "quarter_label": "2020-12 (Q4)",
      "revenue": 177531000,
      "gross_profit": 136674000,
      "operating_income": -8938000,
      "net_income": -16160000,
      "opex": 145612000,
      "cogs": 40857000,
      "rd": 67698000,
      "sga": null,
      "fcf": 22749000,
      "ocf": 23828000,
      "capex": -1079000,
      "gross_margin": 0.7698599117900535,
      "op_margin": -0.05034613673104979,
      "fcf_margin": 0.12814100072663365
    },
    {
      "date": "2021-03-31T00:00:00",
      "quarter_label": "2021-03 (Q1)",
      "revenue": 198549000,
      "gross_profit": 151883000,
      "operating_income": -12830000,
      "net_income": -13068000,
      "opex": 164713000,
      "cogs": 46666000,
      "rd": 79266000,
      "sga": null,
      "fcf": 50652000,
      "ocf": 51650000,
      "capex": -998000,
      "gross_margin": 0.7649648197674126,
      "op_margin": -0.06461880946265154,
      "fcf_margin": 0.2551108290648656,
      "op_leverage_ratio": 0.9025229426635543,
      "fcf_margin_change": 0.12696982833823195
    },
    {
      "date": "2021-06-30T00:00:00",
      "quarter_label": "2021-06 (Q2)",
      "revenue": 233549000,
      "gross_profit": 176451000,
      "operating_income": -9886000,
      "net_income": -9362000,
      "opex": 186337000,
      "cogs": 57098000,
      "rd": 94779000,
      "sga": null,
      "fcf": 48494000,
      "ocf": 51723000,
      "capex": -3229000,
      "gross_margin": 0.75552025485016,
      "op_margin": -0.042329446925484585,
      "fcf_margin": 0.2076395103383016,
      "op_leverage_ratio": 1.34274079832835,
      "fcf_margin_change": -0.04747131872656399
    },
    {
      "date": "2021-09-30T00:00:00",
      "quarter_label": "2021-09 (Q3)",
      "revenue": 270488000,
      "gross_profit": 207156000,
      "operating_income": -4895000,
      "net_income": -5484000,
      "opex": 212051000,
      "cogs": 63332000,
      "rd": 112675000,
      "sga": null,
      "fcf": 64055000,
      "ocf": 67379000,
      "capex": -3324000,
      "gross_margin": 0.7658602230043478,
      "op_margin": -0.01809692112034545,
      "fcf_margin": 0.2368127236698116,
      "op_leverage_ratio": 1.1461371289527313,
      "fcf_margin_change": 0.02917321333150999
    },
    {
      "date": "2021-12-31T00:00:00",
      "quarter_label": "2021-12 (Q4)",
      "revenue": 326198000,
      "gross_profit": 259049000,
      "operating_income": 8455000,
      "net_income": 7169000,
      "opex": 250594000,
      "cogs": 67149000,
      "rd": 133049000,
      "sga": null,
      "fcf": 113388000,
      "ocf": 115793000,
      "capex": -2405000,
      "gross_margin": 0.7941464999785406,
      "op_margin": 0.025919840097118927,
      "fcf_margin": 0.34760482896890843,
      "incr_op_margin_yoy": 0.11699301122643223,
      "rev_growth_yoy": 0.8374143107400961,
      "op_leverage_ratio": 1.1331305943799563,
      "fcf_margin_change": 0.11079210529909683
    },
    {
      "date": "2022-03-31T00:00:00",
      "quarter_label": "2022-03 (Q1)",
      "revenue": 363030000,
      "gross_profit": 288568000,
      "operating_income": 10414000,
      "net_income": 9738000,
      "opex": 278154000,
      "cogs": 74462000,
      "rd": 150608000,
      "sga": null,
      "fcf": 137874000,
      "ocf": 147388000,
      "capex": -9514000,
      "gross_margin": 0.7948874748643363,
      "op_margin": 0.02868633446271658,
      "fcf_margin": 0.3797867944797951,
      "incr_op_margin_yoy": 0.14131723420942235,
      "rev_growth_yoy": 0.828415151927232,
      "rev_growth_yoy_accel": -0.008999158812864061,
      "op_leverage_ratio": 1.0266808540185968,
      "fcf_margin_change": 0.032181965510886645
    },
    {
      "date": "2022-06-30T00:00:00",
      "quarter_label": "2022-06 (Q2)",
      "revenue": 406138000,
      "gross_profit": 324213000,
      "operating_income": -3139000,
      "net_income": -4879000,
      "opex": 327352000,
      "cogs": 81925000,
      "rd": 177699000,
      "sga": null,
      "fcf": 66973000,
      "ocf": 72960000,
      "capex": -5987000,
      "gross_margin": 0.7982828496717864,
      "op_margin": -0.007728900029054164,
      "fcf_margin": 0.1649020776189374,
      "incr_op_margin_yoy": 0.039092873821622465,
      "rev_growth_yoy": 0.7389841104008152,
      "rev_growth_yoy_accel": -0.08943104152641679,
      "op_leverage_ratio": 0.671356534014249,
      "fcf_margin_change": -0.21488471686085767
    },
    {
      "date": "2022-09-30T00:00:00",
      "quarter_label": "2022-09 (Q3)",
      "revenue": 436533000,
      "gross_profit": 342934000,
      "operating_income": -31342000,
      "net_income": -25985000,
      "opex": 374276000,
      "cogs": 93599000,
      "rd": 205388000,
      "sga": null,
      "fcf": 73912000,
      "ocf": 83618000,
      "capex": -9706000,
      "gross_margin": 0.7855855112900972,
      "op_margin": -0.0717975502424788,
      "fcf_margin": 0.16931595091321847,
      "incr_op_margin_yoy": -0.15927609985244964,
      "rev_growth_yoy": 0.6138719647452012,
      "rev_growth_yoy_accel": -0.12511214565561402,
      "op_leverage_ratio": 0.5220937501525243,
      "fcf_margin_change": 0.004413873294281057
    },
    {
      "date": "2022-12-31T00:00:00",
      "quarter_label": "2022-12 (Q4)",
      "revenue": 469399000,
      "gross_profit": 372642000,
      "operating_income": -34628000,
      "net_income": -29034000,
      "opex": 407270000,
      "cogs": 96757000,
      "rd": 218656000,
      "sga": null,
      "fcf": 104387000,
      "ocf": 114441000,
      "capex": -10054000,
      "gross_margin": 0.7938704598859393,
      "op_margin": -0.073770928357325,
      "fcf_margin": 0.22238436809622517,
      "incr_op_margin_yoy": -0.3008568375919163,
      "rev_growth_yoy": 0.43900023911857217,
      "rev_growth_yoy_accel": -0.17487172562662906,
      "op_leverage_ratio": 0.854056849740245,
      "fcf_margin_change": 0.0530684171830067
    },
    {
      "date": "2023-03-31T00:00:00",
      "quarter_label": "2023-03 (Q1)",
      "revenue": 481714000,
      "gross_profit": 381800000,
      "operating_income": -34970000,
      "net_income": -24086000,
      "opex": 416770000,
      "cogs": 99914000,
      "rd": 229478000,
      "sga": null,
      "fcf": 125048000,
      "ocf": 133787000,
      "capex": -8739000,
      "gross_margin": 0.7925864724712174,
      "op_margin": -0.07259494222713062,
      "fcf_margin": 0.25958971505914297,
      "incr_op_margin_yoy": -0.38239358295979237,
      "rev_growth_yoy": 0.3269261493540479,
      "rev_growth_yoy_accel": -0.11207408976452427,
      "op_leverage_ratio": 1.1247372311806103,
      "fcf_margin_change": 0.0372053469629178
    },
    {
      "date": "2023-06-30T00:00:00",
      "quarter_label": "2023-06 (Q2)",
      "revenue": 509460000,
      "gross_profit": 407614000,
      "operating_income": -22006000,
      "net_income": -3969000,
      "opex": 429620000,
      "cogs": 101846000,
      "rd": 239494000,
      "sga": null,
      "fcf": 150819000,
      "ocf": 153158000,
      "capex": -2339000,
      "gross_margin": 0.8000902916813881,
      "op_margin": -0.04319475523102893,
      "fcf_margin": 0.29603698033211634,
      "incr_op_margin_yoy": -0.1826038984920927,
      "rev_growth_yoy": 0.25440121338067356,
      "rev_growth_yoy_accel": -0.07252493597337434,
      "op_leverage_ratio": 1.8681185628187051,
      "fcf_margin_change": 0.03644726527297337
    },
    {
      "date": "2023-09-30T00:00:00",
      "quarter_label": "2023-09 (Q3)",
      "revenue": 547536000,
      "gross_profit": 444217000,
      "operating_income": -4230000,
      "net_income": 22630000,
      "opex": 448447000,
      "cogs": 103319000,
      "rd": 240225000,
      "sga": null,
      "fcf": 146670000,
      "ocf": 152783000,
      "capex": -6113000,
      "gross_margin": 0.8113019052628503,
      "op_margin": -0.007725519417901288,
      "fcf_margin": 0.2678727974051021,
      "incr_op_margin_yoy": 0.24424565101844095,
      "rev_growth_yoy": 0.2542831813402423,
      "rev_growth_yoy_accel": -0.00011803204043125959,
      "op_leverage_ratio": 1.7054720054303496,
      "fcf_margin_change": -0.028164182927014225
    },
    {
      "date": "2023-12-31T00:00:00",
      "quarter_label": "2023-12 (Q4)",
      "revenue": 589649000,
      "gross_profit": 484820000,
      "operating_income": 27742000,
      "net_income": 53993000,
      "opex": 457078000,
      "cogs": 104829000,
      "rd": 253250000,
      "sga": null,
      "fcf": 209831000,
      "ocf": 220226000,
      "capex": -10395000,
      "gross_margin": 0.8222179635681567,
      "op_margin": 0.04704832875151149,
      "fcf_margin": 0.3558574677477618,
      "incr_op_margin_yoy": 0.5186694386694387,
      "rev_growth_yoy": 0.2561786454594066,
      "rev_growth_yoy_accel": 0.001895464119164303,
      "op_leverage_ratio": 3.9962579000788425,
      "fcf_margin_change": 0.08798467034265967
    },
    {
      "date": "2024-03-31T00:00:00",
      "quarter_label": "2024-03 (Q1)",
      "revenue": 611253000,
      "gross_profit": 501155000,
      "operating_income": 11996000,
      "net_income": 42631000,
      "opex": 489159000,
      "cogs": 110098000,
      "rd": 269988000,
      "sga": null,
      "fcf": 198112000,
      "ocf": 212270000,
      "capex": -14158000,
      "gross_margin": 0.8198814566145278,
      "op_margin": 0.019625261552908533,
      "fcf_margin": 0.32410802073773054,
      "incr_op_margin_yoy": 0.3625626259273269,
      "rev_growth_yoy": 0.2689126743254296,
      "rev_growth_yoy_accel": 0.012734028866022984,
      "op_leverage_ratio": 0.5220150491125215,
      "fcf_margin_change": -0.03174944701003124
    },
    {
      "date": "2024-06-30T00:00:00",
      "quarter_label": "2024-06 (Q2)",
      "revenue": 645279000,
      "gross_profit": 521780000,
      "operating_income": 12618000,
      "net_income": 43824000,
      "opex": 509162000,
      "cogs": 123499000,
      "rd": 274599000,
      "sga": null,
      "fcf": 160009000,
      "ocf": 164424000,
      "capex": -4415000,
      "gross_margin": 0.8086114688375106,
      "op_margin": 0.019554332312069662,
      "fcf_margin": 0.2479687081092055,
      "incr_op_margin_yoy": 0.25492751382354456,
      "rev_growth_yoy": 0.26659404074902837,
      "rev_growth_yoy_accel": -0.002318633576401219,
      "op_leverage_ratio": 1.361271673907247,
      "fcf_margin_change": -0.07613931262852505
    },
    {
      "date": "2024-09-30T00:00:00",
      "quarter_label": "2024-09 (Q3)",
      "revenue": 690016000,
      "gross_profit": 552260000,
      "operating_income": 20278000,
      "net_income": 51697000,
      "opex": 531982000,
      "cogs": 137756000,
      "rd": 291802000,
      "sga": null,
      "fcf": 220296000,
      "ocf": 228681000,
      "capex": -8385000,
      "gross_margin": 0.8003582525622595,
      "op_margin": 0.02938772434262394,
      "fcf_margin": 0.31926216203682234,
      "incr_op_margin_yoy": 0.17201010668163952,
      "rev_growth_yoy": 0.2602203325443441,
      "rev_growth_yoy_accel": -0.0063737082046842475,
      "op_leverage_ratio": 1.5468908464828508,
      "fcf_margin_change": 0.07129345392761685
    },
    {
      "date": "2024-12-31T00:00:00",
      "quarter_label": "2024-12 (Q4)",
      "revenue": 737727000,
      "gross_profit": 593549000,
      "operating_income": 9392000,
      "net_income": 45594000,
      "opex": 584157000,
      "cogs": 144178000,
      "rd": 316314000,
      "sga": null,
      "fcf": 257467000,
      "ocf": 265228000,
      "capex": -7761000,
      "gross_margin": 0.8045645611452475,
      "op_margin": 0.012730996696609993,
      "fcf_margin": 0.3490003754776496,
      "incr_op_margin_yoy": -0.12392117667715663,
      "rev_growth_yoy": 0.2511290615264335,
      "rev_growth_yoy_accel": -0.00909127101791063,
      "op_leverage_ratio": 0.7050076640515003,
      "fcf_margin_change": 0.029738213440827277
    },
    {
      "date": "2025-03-31T00:00:00",
      "quarter_label": "2025-03 (Q1)",
      "revenue": 761553000,
      "gross_profit": 603925000,
      "operating_income": -12420000,
      "net_income": 24642000,
      "opex": 616345000,
      "cogs": 157628000,
      "rd": 341061000,
      "sga": null,
      "fcf": 262793000,
      "ocf": 271541000,
      "capex": -8748000,
      "gross_margin": 0.7930176888542229,
      "op_margin": -0.01630877955966295,
      "fcf_margin": 0.34507512937379275,
      "incr_op_margin_yoy": -0.16244843646041252,
      "rev_growth_yoy": 0.2458883637380921,
      "rev_growth_yoy_accel": -0.0052406977883414085,
      "op_leverage_ratio": 0.5861260875653423,
      "fcf_margin_change": -0.003925246103856861
    },
    {
      "date": "2025-06-30T00:00:00",
      "quarter_label": "2025-06 (Q2)",
      "revenue": 826760000,
      "gross_profit": 660782000,
      "operating_income": -35500000,
      "net_income": 2647000,
      "opex": 696282000,
      "cogs": 165978000,
      "rd": 387482000,
      "sga": null,
      "fcf": 184903000,
      "ocf": 200055000,
      "capex": -15152000,
      "gross_margin": 0.7992428274227104,
      "op_margin": -0.04293870046930185,
      "fcf_margin": 0.22364773332043156,
      "incr_op_margin_yoy": -0.26514070343451934,
      "rev_growth_yoy": 0.28124423698896134,
      "rev_growth_yoy_accel": 0.03535587325086925,
      "op_leverage_ratio": 0.660191788857028,
      "fcf_margin_change": -0.1214273960533612
    },
    {
      "date": "2025-09-30T00:00:00",
      "quarter_label": "2025-09 (Q3)",
      "revenue": 885651000,
      "gross_profit": 709194000,
      "operating_income": -5809000,
      "net_income": 33885000,
      "opex": 715003000,
      "cogs": 176457000,
      "rd": 401982000,
      "sga": null,
      "fcf": 234684000,
      "ocf": 251470000,
      "capex": -16786000,
      "gross_margin": 0.8007601188278453,
      "op_margin": -0.006559017039443302,
      "fcf_margin": 0.2649847400386834,
      "incr_op_margin_yoy": -0.13334526030618243,
      "rev_growth_yoy": 0.2835224110745258,
      "rev_growth_yoy_accel": 0.002278174085564466,
      "op_leverage_ratio": 2.649266190859916,
      "fcf_margin_change": 0.04133700671825183
    }
  ],
  "signals": [
    {
      "quarter": "2025-09 (Q3)",
      "signal": "OPERATING LEVERAGE",
      "detail": "Rev growth +7.1% vs OpEx growth +2.7% (leverage: 2.6x)",
      "severity": "MEDIUM"
    },
    {
      "quarter": "2024-09 (Q3)",
      "signal": "FCF MARGIN EXPANSION",
      "detail": "FCF margin: +24.8% -> +31.9% (+7.1%)",
      "severity": "MEDIUM"
    },
    {
      "quarter": "2024-09 (Q3)",
      "signal": "OPERATING LEVERAGE",
      "detail": "Rev growth +6.9% vs OpEx growth +4.5% (leverage: 1.5x)",
      "severity": "MEDIUM"
    },
    {
      "quarter": "2024-09 (Q3)",
      "signal": "OP MARGIN TURNED POSITIVE (YoY)",
      "detail": "Op margin: -0.8% (year-ago) -> +2.9%",
      "severity": "HIGH"
    },
    {
      "quarter": "2024-06 (Q2)",
      "signal": "OP MARGIN TURNED POSITIVE (YoY)",
      "detail": "Op margin: -4.3% (year-ago) -> +2.0%",
      "severity": "HIGH"
    },
    {
      "quarter": "2024-03 (Q1)",
      "signal": "OP MARGIN TURNED POSITIVE (YoY)",
      "detail": "Op margin: -7.3% (year-ago) -> +2.0%",
      "severity": "HIGH"
    },
    {
      "quarter": "2023-12 (Q4)",
      "signal": "FCF MARGIN EXPANSION",
      "detail": "FCF margin: +26.8% -> +35.6% (+8.8%)",
      "severity": "MEDIUM"
    },
    {
      "quarter": "2023-12 (Q4)",
      "signal": "OPERATING LEVERAGE",
      "detail": "Rev growth +7.7% vs OpEx growth +1.9% (leverage: 4.0x)",
      "severity": "MEDIUM"
    },
    {
      "quarter": "2023-12 (Q4)",
      "signal": "OP MARGIN TURNED POSITIVE (YoY)",
      "detail": "Op margin: -7.4% (year-ago) -> +4.7%",
      "severity": "HIGH"
    },
    {
      "quarter": "2023-12 (Q4)",
      "signal": "OP MARGIN TURNED POSITIVE (QoQ)",
      "detail": "Op margin: -0.8% -> +4.7%",
      "severity": "HIGH"
    },
    {
      "quarter": "2023-09 (Q3)",
      "signal": "OPERATING LEVERAGE",
      "detail": "Rev growth +7.5% vs OpEx growth +4.4% (leverage: 1.7x)",
      "severity": "MEDIUM"
    },
    {
      "quarter": "2023-06 (Q2)",
      "signal": "OPERATING LEVERAGE",
      "detail": "Rev growth +5.8% vs OpEx growth +3.1% (leverage: 1.9x)",
      "severity": "MEDIUM"
    },
    {
      "quarter": "2023-06 (Q2)",
      "signal": "YoY REVENUE GROWTH DECELERATION",
      "detail": "YoY growth: +25.4% vs prior quarter YoY: +32.7% (decel: -7.3%)",
      "severity": "WARNING"
    },
    {
      "quarter": "2023-03 (Q1)",
      "signal": "YoY REVENUE GROWTH DECELERATION",
      "detail": "YoY growth: +32.7% vs prior quarter YoY: +43.9% (decel: -11.2%)",
      "severity": "WARNING"
    },
    {
      "quarter": "2022-12 (Q4)",
      "signal": "FCF MARGIN EXPANSION",
      "detail": "FCF margin: +16.9% -> +22.2% (+5.3%)",
      "severity": "MEDIUM"
    },
    {
      "quarter": "2022-12 (Q4)",
      "signal": "YoY REVENUE GROWTH DECELERATION",
      "detail": "YoY growth: +43.9% vs prior quarter YoY: +61.4% (decel: -17.5%)",
      "severity": "WARNING"
    },
    {
      "quarter": "2022-09 (Q3)",
      "signal": "YoY REVENUE GROWTH DECELERATION",
      "detail": "YoY growth: +61.4% vs prior quarter YoY: +73.9% (decel: -12.5%)",
      "severity": "WARNING"
    },
    {
      "quarter": "2022-06 (Q2)",
      "signal": "YoY REVENUE GROWTH DECELERATION",
      "detail": "YoY growth: +73.9% vs prior quarter YoY: +82.8% (decel: -8.9%)",
      "severity": "WARNING"
    },
    {
      "quarter": "2022-03 (Q1)",
      "signal": "OP MARGIN TURNED POSITIVE (YoY)",
      "detail": "Op margin: -6.5% (year-ago) -> +2.9%",
      "severity": "HIGH"
    },
    {
      "quarter": "2021-12 (Q4)",
      "signal": "FCF MARGIN EXPANSION",
      "detail": "FCF margin: +23.7% -> +34.8% (+11.1%)",
      "severity": "MEDIUM"
    },
    {
      "quarter": "2021-12 (Q4)",
      "signal": "OP MARGIN TURNED POSITIVE (YoY)",
      "detail": "Op margin: -5.0% (year-ago) -> +2.6%",
      "severity": "HIGH"
    },
    {
      "quarter": "2021-12 (Q4)",
      "signal": "OP MARGIN TURNED POSITIVE (QoQ)",
      "detail": "Op margin: -1.8% -> +2.6%",
      "severity": "HIGH"
    },
    {
      "quarter": "2021-03 (Q1)",
      "signal": "FCF MARGIN EXPANSION",
      "detail": "FCF margin: +12.8% -> +25.5% (+12.7%)",
      "severity": "MEDIUM"
    }
  ],
  "data_quality": {
    "n_quarters": 20,
    "coverage": {
      "revenue": [
        20,
        20
      ],
      "gross_profit": [
        20,
        20
      ],
      "op_income": [
        20,
        20
      ],
      "fcf": [
        20,
        20
      ]
    },
    "gaps": [],
    "warnings": []
  },
  "market_cap": null,
  "source": "SEC EDGAR",
  "last_updated": "2026-02-02T20:00:32.389917",
  "sector": "Technology",
  "industry": "Software - Application"
}