{
  "ticker": "DECK",
  "name": "DECKERS OUTDOOR CORP",
  "quarters": [
    {
      "date": "2021-03-31T00:00:00",
      "quarter_label": "2021-03 (Q1)",
      "revenue": 561188000,
      "gross_profit": 298650000,
      "operating_income": 54645000,
      "net_income": 33458000,
      "opex": 244005000,
      "cogs": 262538000,
      "rd": null,
      "sga": 244005000,
      "fcf": 63037000,
      "ocf": 73955000,
      "capex": -10918000,
      "gross_margin": 0.5321746010249685,
      "op_margin": 0.09737378561195179,
      "fcf_margin": 0.11232777607504081
    },
    {
      "date": "2021-06-30T00:00:00",
      "quarter_label": "2021-06 (Q2)",
      "revenue": 504678000,
      "gross_profit": 260503000,
      "operating_income": 61832000,
      "net_income": 48124000,
      "opex": 198671000,
      "cogs": 244175000,
      "rd": null,
      "sga": 198671000,
      "fcf": -51847000,
      "ocf": -36332000,
      "capex": -15515000,
      "gross_margin": 0.5161766512508966,
      "op_margin": 0.12251772417264077,
      "fcf_margin": -0.10273283162729503,
      "fcf_margin_change": -0.21506060770233584
    },
    {
      "date": "2021-09-30T00:00:00",
      "quarter_label": "2021-09 (Q3)",
      "revenue": 721902000,
      "gross_profit": 367088000,
      "operating_income": 128181000,
      "net_income": 102063000,
      "opex": 238907000,
      "cogs": 354814000,
      "rd": null,
      "sga": 238907000,
      "fcf": -147546000,
      "ocf": -136342000,
      "capex": -11204000,
      "gross_margin": 0.5085011538962352,
      "op_margin": 0.17756011203736796,
      "fcf_margin": -0.20438508273976247,
      "op_leverage_ratio": 2.1252651052700826,
      "fcf_margin_change": -0.10165225111246744
    },
    {
      "date": "2021-12-31T00:00:00",
      "quarter_label": "2021-12 (Q4)",
      "revenue": 1187752000,
      "gross_profit": 621221000,
      "operating_income": 293396000,
      "net_income": 232943000,
      "opex": 327825000,
      "cogs": 566531000,
      "rd": null,
      "sga": 327825000,
      "fcf": 385448000,
      "ocf": 400044000,
      "capex": -14596000,
      "gross_margin": 0.5230224828078589,
      "op_margin": 0.24701789599175586,
      "fcf_margin": 0.32451892314220476,
      "op_leverage_ratio": 1.7338321189180292,
      "fcf_margin_change": 0.5289040058819672
    },
    {
      "date": "2022-03-31T00:00:00",
      "quarter_label": "2022-03 (Q1)",
      "revenue": 736007000,
      "gross_profit": 358739000,
      "operating_income": 81298000,
      "net_income": 68819000,
      "opex": 277441000,
      "cogs": 377268000,
      "rd": null,
      "sga": 277441000,
      "fcf": -64719000,
      "ocf": -55017000,
      "capex": -9702000,
      "gross_margin": 0.48741248384865904,
      "op_margin": 0.11045818857701081,
      "fcf_margin": -0.08793258759767231,
      "incr_op_margin_yoy": 0.1524605449064461,
      "rev_growth_yoy": 0.3115159269264489,
      "fcf_margin_change": -0.41245151073987707
    },
    {
      "date": "2022-06-30T00:00:00",
      "quarter_label": "2022-06 (Q2)",
      "revenue": 614461000,
      "gross_profit": 294752000,
      "operating_income": 56341000,
      "net_income": 44849000,
      "opex": 238411000,
      "cogs": 319709000,
      "rd": null,
      "sga": 238411000,
      "fcf": -41388000,
      "ocf": -28921000,
      "capex": -12467000,
      "gross_margin": 0.47969195766696343,
      "op_margin": 0.0916917428445418,
      "fcf_margin": -0.06735659382776124,
      "incr_op_margin_yoy": -0.05001685142508403,
      "rev_growth_yoy": 0.21753078200357456,
      "rev_growth_yoy_accel": -0.09398514492287435,
      "fcf_margin_change": 0.020575993769911066
    },
    {
      "date": "2022-09-30T00:00:00",
      "quarter_label": "2022-09 (Q3)",
      "revenue": 875614000,
      "gross_profit": 421921000,
      "operating_income": 127831000,
      "net_income": 101524000,
      "opex": 294090000,
      "cogs": 453693000,
      "rd": null,
      "sga": 294090000,
      "fcf": -219712000,
      "ocf": -207925000,
      "capex": -11787000,
      "gross_margin": 0.48185730241864566,
      "op_margin": 0.14599012807013137,
      "fcf_margin": -0.2509233520706613,
      "incr_op_margin_yoy": -0.002276985531383366,
      "rev_growth_yoy": 0.2129264082936465,
      "rev_growth_yoy_accel": -0.004604373709928056,
      "op_leverage_ratio": 1.819849855448551,
      "fcf_margin_change": -0.18356675824290006
    },
    {
      "date": "2022-12-31T00:00:00",
      "quarter_label": "2022-12 (Q4)",
      "revenue": 1345640000,
      "gross_profit": 712529000,
      "operating_income": 362660000,
      "net_income": 278662000,
      "opex": 349869000,
      "cogs": 633111000,
      "rd": null,
      "sga": 349869000,
      "fcf": 682924000,
      "ocf": 714729000,
      "capex": -31805000,
      "gross_margin": 0.5295093784370263,
      "op_margin": 0.26950744627091944,
      "fcf_margin": 0.5075086947474807,
      "incr_op_margin_yoy": 0.43869071747061206,
      "rev_growth_yoy": 0.1329301066215843,
      "rev_growth_yoy_accel": -0.0799963016720622,
      "op_leverage_ratio": 2.8302103746989866,
      "fcf_margin_change": 0.758432046818142
    },
    {
      "date": "2023-03-31T00:00:00",
      "quarter_label": "2023-03 (Q1)",
      "revenue": 791571000,
      "gross_profit": 396168000,
      "operating_income": 105919000,
      "net_income": 91787000,
      "opex": 290249000,
      "cogs": 395403000,
      "rd": null,
      "sga": 290249000,
      "fcf": 34573000,
      "ocf": 59539000,
      "capex": -24966000,
      "gross_margin": 0.5004832162876104,
      "op_margin": 0.13380859076444185,
      "fcf_margin": 0.04367643584719501,
      "incr_op_margin_yoy": 0.4431106471816284,
      "rev_growth_yoy": 0.07549384720525756,
      "rev_growth_yoy_accel": -0.05743625941632674,
      "fcf_margin_change": -0.46383225890028573
    },
    {
      "date": "2023-06-30T00:00:00",
      "quarter_label": "2023-06 (Q2)",
      "revenue": 675791000,
      "gross_profit": 346424000,
      "operating_income": 70736000,
      "net_income": 63552000,
      "opex": 275688000,
      "cogs": 329367000,
      "rd": null,
      "sga": 275688000,
      "fcf": 94530000,
      "ocf": 125262000,
      "capex": -30732000,
      "gross_margin": 0.51262002601396,
      "op_margin": 0.10467141468294192,
      "fcf_margin": 0.13988052519196023,
      "incr_op_margin_yoy": 0.2347138431436491,
      "rev_growth_yoy": 0.0998110539155455,
      "rev_growth_yoy_accel": 0.024317206710287934,
      "fcf_margin_change": 0.09620408934476522
    },
    {
      "date": "2023-09-30T00:00:00",
      "quarter_label": "2023-09 (Q3)",
      "revenue": 1091907000,
      "gross_profit": 583019000,
      "operating_income": 224617000,
      "net_income": 178547000,
      "opex": 358402000,
      "cogs": 508888000,
      "rd": null,
      "sga": 358402000,
      "fcf": -30438000,
      "ocf": -3734000,
      "capex": -26704000,
      "gross_margin": 0.5339456565440097,
      "op_margin": 0.20571074276472265,
      "fcf_margin": -0.027876000428607932,
      "incr_op_margin_yoy": 0.44747633996477,
      "rev_growth_yoy": 0.24701866347500154,
      "rev_growth_yoy_accel": 0.14720760955945605,
      "op_leverage_ratio": 2.0523000260248314,
      "fcf_margin_change": -0.16775652562056817
    },
    {
      "date": "2023-12-31T00:00:00",
      "quarter_label": "2023-12 (Q4)",
      "revenue": 1560307000,
      "gross_profit": 916569000,
      "operating_income": 487899000,
      "net_income": 389919000,
      "opex": 428670000,
      "cogs": 643738000,
      "rd": null,
      "sga": 428670000,
      "fcf": 923688000,
      "ocf": 940330000,
      "capex": -16642000,
      "gross_margin": 0.5874286278277288,
      "op_margin": 0.31269423260935186,
      "fcf_margin": 0.5919911914770619,
      "incr_op_margin_yoy": 0.5834105847661727,
      "rev_growth_yoy": 0.1595278083291222,
      "rev_growth_yoy_accel": -0.08749085514587934,
      "op_leverage_ratio": 2.1879836285964886,
      "fcf_margin_change": 0.6198671919056699
    },
    {
      "date": "2024-03-31T00:00:00",
      "quarter_label": "2024-03 (Q1)",
      "revenue": 959758000,
      "gross_profit": 539476000,
      "operating_income": 144262000,
      "net_income": 127545000,
      "opex": 395214000,
      "cogs": 420282000,
      "rd": null,
      "sga": 395214000,
      "fcf": -43961000,
      "ocf": -28674000,
      "capex": -15287000,
      "gross_margin": 0.562095861665128,
      "op_margin": 0.15031080751606135,
      "fcf_margin": -0.045804254822569855,
      "incr_op_margin_yoy": 0.22797838120663308,
      "rev_growth_yoy": 0.21247241245573675,
      "rev_growth_yoy_accel": 0.05294460412661456,
      "fcf_margin_change": -0.6377954462996318
    },
    {
      "date": "2024-06-30T00:00:00",
      "quarter_label": "2024-06 (Q2)",
      "revenue": 825347000,
      "gross_profit": 470000000,
      "operating_income": 132807000,
      "net_income": 115625000,
      "opex": 337193000,
      "cogs": 355347000,
      "rd": null,
      "sga": 337193000,
      "fcf": 90129000,
      "ocf": 112650000,
      "capex": -22521000,
      "gross_margin": 0.5694574524412156,
      "op_margin": 0.16091050188587347,
      "fcf_margin": 0.1092013419810092,
      "incr_op_margin_yoy": 0.41503517077215224,
      "rev_growth_yoy": 0.22130510764422728,
      "rev_growth_yoy_accel": 0.00883269518849053,
      "fcf_margin_change": 0.15500559680357906
    },
    {
      "date": "2024-09-30T00:00:00",
      "quarter_label": "2024-09 (Q3)",
      "revenue": 1311320000,
      "gross_profit": 733272000,
      "operating_income": 305086000,
      "net_income": 242321000,
      "opex": 428186000,
      "cogs": 578048000,
      "rd": null,
      "sga": 428186000,
      "fcf": -113396000,
      "ocf": -90550000,
      "capex": -22846000,
      "gross_margin": 0.5591861635603819,
      "op_margin": 0.2326556446938962,
      "fcf_margin": -0.08647469725162432,
      "incr_op_margin_yoy": 0.3667467287717683,
      "rev_growth_yoy": 0.2009447691057938,
      "rev_growth_yoy_accel": -0.02036033853843347,
      "op_leverage_ratio": 2.181956713178281,
      "fcf_margin_change": -0.19567603923263352
    },
    {
      "date": "2024-12-31T00:00:00",
      "quarter_label": "2024-12 (Q4)",
      "revenue": 1827165000,
      "gross_profit": 1102623000,
      "operating_income": 567274000,
      "net_income": 456734000,
      "opex": 535349000,
      "cogs": 724542000,
      "rd": null,
      "sga": 535349000,
      "fcf": 1071053000,
      "ocf": 1095415000,
      "capex": -24362000,
      "gross_margin": 0.6034610995722882,
      "op_margin": 0.3104667613488656,
      "fcf_margin": 0.5861829665082244,
      "incr_op_margin_yoy": 0.2974428347660554,
      "rev_growth_yoy": 0.17102916285064412,
      "rev_growth_yoy_accel": -0.02991560625514969,
      "op_leverage_ratio": 1.571803099061078,
      "fcf_margin_change": 0.6726576637598487
    },
    {
      "date": "2025-03-31T00:00:00",
      "quarter_label": "2025-03 (Q1)",
      "revenue": 1021780000,
      "gross_profit": 579768000,
      "operating_income": 173925000,
      "net_income": 151411000,
      "opex": 405843000,
      "cogs": 442012000,
      "rd": null,
      "sga": 405843000,
      "fcf": -89434000,
      "ocf": -72992000,
      "capex": -16442000,
      "gross_margin": 0.567409814245728,
      "op_margin": 0.17021765937873123,
      "fcf_margin": -0.087527647830257,
      "incr_op_margin_yoy": 0.4782657766598949,
      "rev_growth_yoy": 0.06462254026535856,
      "rev_growth_yoy_accel": -0.10640662258528556,
      "fcf_margin_change": -0.6737106143384815
    },
    {
      "date": "2025-06-30T00:00:00",
      "quarter_label": "2025-06 (Q2)",
      "revenue": 964538000,
      "gross_profit": 537906000,
      "operating_income": 165287000,
      "net_income": 139203000,
      "opex": 372619000,
      "cogs": 426632000,
      "rd": null,
      "sga": 372619000,
      "fcf": 12206000,
      "ocf": 36146000,
      "capex": -23940000,
      "gross_margin": 0.5576825381685325,
      "op_margin": 0.1713639068652557,
      "fcf_margin": 0.01265476321306159,
      "incr_op_margin_yoy": 0.23334842051569427,
      "rev_growth_yoy": 0.16864543034626647,
      "rev_growth_yoy_accel": 0.10402289008090791,
      "fcf_margin_change": 0.1001824110433186
    },
    {
      "date": "2025-09-30T00:00:00",
      "quarter_label": "2025-09 (Q3)",
      "revenue": 1430840000,
      "gross_profit": 803822000,
      "operating_income": 326521000,
      "net_income": 268152000,
      "opex": 477301000,
      "cogs": 627018000,
      "rd": null,
      "sga": 477301000,
      "fcf": -13916000,
      "ocf": 8087000,
      "capex": -22003000,
      "gross_margin": 0.5617832881384361,
      "op_margin": 0.22820231472421795,
      "fcf_margin": -0.009725755500265578,
      "incr_op_margin_yoy": 0.17934236947791166,
      "rev_growth_yoy": 0.09114480065887808,
      "rev_growth_yoy_accel": -0.0775006296873884,
      "op_leverage_ratio": 1.7208416959360784,
      "fcf_margin_change": -0.02238051871332717
    },
    {
      "date": "2025-12-31T00:00:00",
      "quarter_label": "2025-12 (Q4)",
      "revenue": 1957549000,
      "gross_profit": 1171360000,
      "operating_income": 614366000,
      "net_income": 481145000,
      "opex": 556994000,
      "cogs": 786189000,
      "rd": null,
      "sga": 556994000,
      "fcf": 1020282000,
      "ocf": 1041880000,
      "capex": -21598000,
      "gross_margin": 0.5983809345257769,
      "op_margin": 0.31384450657429264,
      "fcf_margin": 0.5212038115010148,
      "incr_op_margin_yoy": 0.36117928580193887,
      "rev_growth_yoy": 0.07135863482498844,
      "rev_growth_yoy_accel": -0.019786165833889632,
      "op_leverage_ratio": 2.204711843273932,
      "fcf_margin_change": 0.5309295670012804
    }
  ],
  "signals": [
    {
      "quarter": "2025-12 (Q4)",
      "signal": "FCF TURNED POSITIVE",
      "detail": "FCF margin: -1.0% -> +52.1%",
      "severity": "HIGH"
    },
    {
      "quarter": "2025-12 (Q4)",
      "signal": "OPERATING LEVERAGE",
      "detail": "Rev growth +36.8% vs OpEx growth +16.7% (leverage: 2.2x)",
      "severity": "MEDIUM"
    },
    {
      "quarter": "2025-09 (Q3)",
      "signal": "OPERATING LEVERAGE",
      "detail": "Rev growth +48.3% vs OpEx growth +28.1% (leverage: 1.7x)",
      "severity": "MEDIUM"
    },
    {
      "quarter": "2025-09 (Q3)",
      "signal": "YoY REVENUE GROWTH DECELERATION",
      "detail": "YoY growth: +9.1% vs prior quarter YoY: +16.9% (decel: -7.8%)",
      "severity": "WARNING"
    },
    {
      "quarter": "2025-06 (Q2)",
      "signal": "FCF TURNED POSITIVE",
      "detail": "FCF margin: -8.8% -> +1.3%",
      "severity": "HIGH"
    },
    {
      "quarter": "2025-06 (Q2)",
      "signal": "YoY REVENUE GROWTH ACCELERATION",
      "detail": "YoY growth: +16.9% vs prior quarter YoY: +6.5% (accel: +10.4%)",
      "severity": "MEDIUM"
    },
    {
      "quarter": "2025-03 (Q1)",
      "signal": "YoY REVENUE GROWTH DECELERATION",
      "detail": "YoY growth: +6.5% vs prior quarter YoY: +17.1% (decel: -10.6%)",
      "severity": "WARNING"
    },
    {
      "quarter": "2025-03 (Q1)",
      "signal": "INCREMENTAL MARGIN (YoY)",
      "detail": "YoY Incr OPM: +47.8% vs year-ago OPM: +15.0%",
      "severity": "HIGH"
    },
    {
      "quarter": "2024-12 (Q4)",
      "signal": "FCF TURNED POSITIVE",
      "detail": "FCF margin: -8.6% -> +58.6%",
      "severity": "HIGH"
    },
    {
      "quarter": "2024-12 (Q4)",
      "signal": "OPERATING LEVERAGE",
      "detail": "Rev growth +39.3% vs OpEx growth +25.0% (leverage: 1.6x)",
      "severity": "MEDIUM"
    },
    {
      "quarter": "2024-12 (Q4)",
      "signal": "GROSS MARGIN INFLECTION",
      "detail": "GM: +56.9% -> +55.9% -> +60.3% (reversal +4.4%)",
      "severity": "MEDIUM"
    },
    {
      "quarter": "2024-09 (Q3)",
      "signal": "OPERATING LEVERAGE",
      "detail": "Rev growth +58.9% vs OpEx growth +27.0% (leverage: 2.2x)",
      "severity": "MEDIUM"
    },
    {
      "quarter": "2024-09 (Q3)",
      "signal": "INCREMENTAL MARGIN (YoY)",
      "detail": "YoY Incr OPM: +36.7% vs year-ago OPM: +20.6%",
      "severity": "MEDIUM"
    },
    {
      "quarter": "2024-06 (Q2)",
      "signal": "FCF TURNED POSITIVE",
      "detail": "FCF margin: -4.6% -> +10.9%",
      "severity": "HIGH"
    },
    {
      "quarter": "2024-06 (Q2)",
      "signal": "INCREMENTAL MARGIN (YoY)",
      "detail": "YoY Incr OPM: +41.5% vs year-ago OPM: +10.5%",
      "severity": "HIGH"
    },
    {
      "quarter": "2024-03 (Q1)",
      "signal": "YoY REVENUE GROWTH ACCELERATION",
      "detail": "YoY growth: +21.2% vs prior quarter YoY: +16.0% (accel: +5.3%)",
      "severity": "MEDIUM"
    },
    {
      "quarter": "2023-12 (Q4)",
      "signal": "FCF TURNED POSITIVE",
      "detail": "FCF margin: -2.8% -> +59.2%",
      "severity": "HIGH"
    },
    {
      "quarter": "2023-12 (Q4)",
      "signal": "OPERATING LEVERAGE",
      "detail": "Rev growth +42.9% vs OpEx growth +19.6% (leverage: 2.2x)",
      "severity": "MEDIUM"
    },
    {
      "quarter": "2023-12 (Q4)",
      "signal": "YoY REVENUE GROWTH DECELERATION",
      "detail": "YoY growth: +16.0% vs prior quarter YoY: +24.7% (decel: -8.7%)",
      "severity": "WARNING"
    },
    {
      "quarter": "2023-12 (Q4)",
      "signal": "INCREMENTAL MARGIN (YoY)",
      "detail": "YoY Incr OPM: +58.3% vs year-ago OPM: +27.0%",
      "severity": "HIGH"
    },
    {
      "quarter": "2023-09 (Q3)",
      "signal": "OPERATING LEVERAGE",
      "detail": "Rev growth +61.6% vs OpEx growth +30.0% (leverage: 2.1x)",
      "severity": "MEDIUM"
    },
    {
      "quarter": "2023-09 (Q3)",
      "signal": "YoY REVENUE GROWTH ACCELERATION",
      "detail": "YoY growth: +24.7% vs prior quarter YoY: +10.0% (accel: +14.7%)",
      "severity": "MEDIUM"
    },
    {
      "quarter": "2023-09 (Q3)",
      "signal": "INCREMENTAL MARGIN (YoY)",
      "detail": "YoY Incr OPM: +44.7% vs year-ago OPM: +14.6%",
      "severity": "HIGH"
    },
    {
      "quarter": "2023-06 (Q2)",
      "signal": "FCF MARGIN EXPANSION",
      "detail": "FCF margin: +4.4% -> +14.0% (+9.6%)",
      "severity": "MEDIUM"
    },
    {
      "quarter": "2023-06 (Q2)",
      "signal": "INCREMENTAL MARGIN (YoY)",
      "detail": "YoY Incr OPM: +23.5% vs year-ago OPM: +9.2%",
      "severity": "MEDIUM"
    },
    {
      "quarter": "2023-03 (Q1)",
      "signal": "YoY REVENUE GROWTH DECELERATION",
      "detail": "YoY growth: +7.5% vs prior quarter YoY: +13.3% (decel: -5.7%)",
      "severity": "WARNING"
    },
    {
      "quarter": "2023-03 (Q1)",
      "signal": "INCREMENTAL MARGIN (YoY)",
      "detail": "YoY Incr OPM: +44.3% vs year-ago OPM: +11.0%",
      "severity": "HIGH"
    },
    {
      "quarter": "2022-12 (Q4)",
      "signal": "FCF TURNED POSITIVE",
      "detail": "FCF margin: -25.1% -> +50.8%",
      "severity": "HIGH"
    },
    {
      "quarter": "2022-12 (Q4)",
      "signal": "OPERATING LEVERAGE",
      "detail": "Rev growth +53.7% vs OpEx growth +19.0% (leverage: 2.8x)",
      "severity": "MEDIUM"
    },
    {
      "quarter": "2022-12 (Q4)",
      "signal": "YoY REVENUE GROWTH DECELERATION",
      "detail": "YoY growth: +13.3% vs prior quarter YoY: +21.3% (decel: -8.0%)",
      "severity": "WARNING"
    },
    {
      "quarter": "2022-12 (Q4)",
      "signal": "INCREMENTAL MARGIN (YoY)",
      "detail": "YoY Incr OPM: +43.9% vs year-ago OPM: +24.7%",
      "severity": "MEDIUM"
    },
    {
      "quarter": "2022-09 (Q3)",
      "signal": "OPERATING LEVERAGE",
      "detail": "Rev growth +42.5% vs OpEx growth +23.4% (leverage: 1.8x)",
      "severity": "MEDIUM"
    },
    {
      "quarter": "2022-06 (Q2)",
      "signal": "YoY REVENUE GROWTH DECELERATION",
      "detail": "YoY growth: +21.8% vs prior quarter YoY: +31.2% (decel: -9.4%)",
      "severity": "WARNING"
    },
    {
      "quarter": "2021-12 (Q4)",
      "signal": "FCF TURNED POSITIVE",
      "detail": "FCF margin: -20.4% -> +32.5%",
      "severity": "HIGH"
    },
    {
      "quarter": "2021-12 (Q4)",
      "signal": "OPERATING LEVERAGE",
      "detail": "Rev growth +64.5% vs OpEx growth +37.2% (leverage: 1.7x)",
      "severity": "MEDIUM"
    },
    {
      "quarter": "2021-09 (Q3)",
      "signal": "OPERATING LEVERAGE",
      "detail": "Rev growth +43.0% vs OpEx growth +20.3% (leverage: 2.1x)",
      "severity": "MEDIUM"
    }
  ],
  "data_quality": {
    "n_quarters": 20,
    "coverage": {
      "revenue": [
        20,
        20
      ],
      "gross_profit": [
        20,
        20
      ],
      "op_income": [
        20,
        20
      ],
      "fcf": [
        20,
        20
      ]
    },
    "gaps": [],
    "warnings": []
  },
  "market_cap": null,
  "source": "SEC EDGAR",
  "last_updated": "2026-02-04T13:46:28.344330"
}