{
  "ticker": "DELL",
  "name": "Dell Technologies Inc.",
  "quarters": [
    {
      "date": "2021-01-29T00:00:00",
      "quarter_label": "2021-01 (Q1)",
      "revenue": 24150000000,
      "gross_profit": 5524000000,
      "operating_income": 2177000000,
      "net_income": 1227000000,
      "opex": 5970000000,
      "cogs": 17965000000,
      "rd": 1391000000,
      "sga": 4579000000,
      "fcf": 5379000000,
      "ocf": 5877000000,
      "capex": -498000000,
      "gross_margin": 0.22873706004140787,
      "op_margin": 0.09014492753623188,
      "fcf_margin": 0.22273291925465838
    },
    {
      "date": "2021-04-30T00:00:00",
      "quarter_label": "2021-04 (Q2)",
      "revenue": 24487000000,
      "gross_profit": 7658000000,
      "operating_income": 1375000000,
      "net_income": 887000000,
      "opex": 6283000000,
      "cogs": 16829000000,
      "rd": 1323000000,
      "sga": 4960000000,
      "fcf": 1613000000,
      "ocf": 2238000000,
      "capex": -625000000,
      "gross_margin": 0.3127373708498387,
      "op_margin": 0.05615224404786213,
      "fcf_margin": 0.06587168701760118,
      "op_leverage_ratio": 0.26615998253725714,
      "fcf_margin_change": -0.1568612322370572
    },
    {
      "date": "2021-07-30T00:00:00",
      "quarter_label": "2021-07 (Q3)",
      "revenue": 26122000000,
      "gross_profit": 7985000000,
      "operating_income": 1372000000,
      "net_income": 831000000,
      "opex": 6613000000,
      "cogs": 18137000000,
      "rd": 1468000000,
      "sga": 5145000000,
      "fcf": 1093000000,
      "ocf": 1725000000,
      "capex": -632000000,
      "gross_margin": 0.3056810351427915,
      "op_margin": 0.052522777735242325,
      "fcf_margin": 0.04184212541153051,
      "op_leverage_ratio": 1.271262673700702,
      "fcf_margin_change": -0.02402956160607067
    },
    {
      "date": "2021-10-29T00:00:00",
      "quarter_label": "2021-10 (Q4)",
      "revenue": 28394000000,
      "gross_profit": 8059000000,
      "operating_income": 1349000000,
      "net_income": 3843000000,
      "opex": 6710000000,
      "cogs": 20335000000,
      "rd": 1417000000,
      "sga": 5293000000,
      "fcf": 2452000000,
      "ocf": 3251000000,
      "capex": -799000000,
      "gross_margin": 0.28382756920476154,
      "op_margin": 0.047510037331830665,
      "fcf_margin": 0.08635627245192647,
      "op_leverage_ratio": 5.929644957009812,
      "fcf_margin_change": 0.044514147040395954
    },
    {
      "date": "2022-01-28T00:00:00",
      "quarter_label": "2022-01 (Q1)",
      "revenue": 27992000000,
      "gross_profit": 5618000000,
      "operating_income": 563000000,
      "net_income": 2000000,
      "opex": -2374000000,
      "cogs": 24005000000,
      "rd": -1631000000,
      "sga": -743000000,
      "fcf": 2353000000,
      "ocf": 3093000000,
      "capex": -740000000,
      "gross_margin": 0.2007002000571592,
      "op_margin": 0.020112889396970562,
      "fcf_margin": 0.0840597313518148,
      "incr_op_margin_yoy": -0.42009370119729306,
      "rev_growth_yoy": 0.15908902691511387,
      "fcf_margin_change": -0.002296541100111668
    },
    {
      "date": "2022-04-29T00:00:00",
      "quarter_label": "2022-04 (Q2)",
      "revenue": 26116000000,
      "gross_profit": 5784000000,
      "operating_income": 1550000000,
      "net_income": 1072000000,
      "opex": 4234000000,
      "cogs": 20332000000,
      "rd": 681000000,
      "sga": 3553000000,
      "fcf": -959000000,
      "ocf": -269000000,
      "capex": -690000000,
      "gross_margin": 0.22147342625210598,
      "op_margin": 0.059350589676826465,
      "fcf_margin": -0.0367207841935978,
      "incr_op_margin_yoy": 0.10742786985880909,
      "rev_growth_yoy": 0.06652509494833994,
      "rev_growth_yoy_accel": -0.09256393196677393,
      "fcf_margin_change": -0.1207805155454126
    },
    {
      "date": "2022-07-29T00:00:00",
      "quarter_label": "2022-07 (Q3)",
      "revenue": 26425000000,
      "gross_profit": 5439000000,
      "operating_income": 1270000000,
      "net_income": 511000000,
      "opex": 4169000000,
      "cogs": 20986000000,
      "rd": 626000000,
      "sga": 3543000000,
      "fcf": -83000000,
      "ocf": 724000000,
      "capex": -807000000,
      "gross_margin": 0.20582781456953642,
      "op_margin": 0.04806054872280038,
      "fcf_margin": -0.003140964995269631,
      "incr_op_margin_yoy": -0.33663366336633666,
      "rev_growth_yoy": 0.011599418114998851,
      "rev_growth_yoy_accel": -0.05492567683334109,
      "op_leverage_ratio": Infinity,
      "fcf_margin_change": 0.03357981919832816
    },
    {
      "date": "2022-10-28T00:00:00",
      "quarter_label": "2022-10 (Q4)",
      "revenue": 24721000000,
      "gross_profit": 5707000000,
      "operating_income": 1762000000,
      "net_income": 245000000,
      "opex": 3945000000,
      "cogs": 19014000000,
      "rd": 677000000,
      "sga": 3268000000,
      "fcf": -351000000,
      "ocf": 396000000,
      "capex": -747000000,
      "gross_margin": 0.23085635694348935,
      "op_margin": 0.07127543384167308,
      "fcf_margin": -0.014198454755066543,
      "incr_op_margin_yoy": -0.11244214538524366,
      "rev_growth_yoy": -0.12935831513700077,
      "rev_growth_yoy_accel": -0.14095773325199962,
      "fcf_margin_change": -0.011057489759796913
    },
    {
      "date": "2023-02-03T00:00:00",
      "quarter_label": "2023-02 (Q1)",
      "revenue": 25039000000,
      "gross_profit": 5756000000,
      "operating_income": 1189000000,
      "net_income": 614000000,
      "opex": 4567000000,
      "cogs": 19283000000,
      "rd": 795000000,
      "sga": 3772000000,
      "fcf": 1955000000,
      "ocf": 2714000000,
      "capex": -759000000,
      "gross_margin": 0.22988138503933864,
      "op_margin": 0.04748592196173969,
      "fcf_margin": 0.07807819801110268,
      "incr_op_margin_yoy": -0.21198780900778869,
      "rev_growth_yoy": -0.1054944269791369,
      "rev_growth_yoy_accel": 0.023863888157863875,
      "op_leverage_ratio": 0.08158638833822762,
      "fcf_margin_change": 0.09227665276616923
    },
    {
      "date": "2023-05-05T00:00:00",
      "quarter_label": "2023-05 (Q2)",
      "revenue": 20922000000,
      "gross_profit": 5018000000,
      "operating_income": 1069000000,
      "net_income": 583000000,
      "opex": 3949000000,
      "cogs": 15904000000,
      "rd": 688000000,
      "sga": 3261000000,
      "fcf": 1076000000,
      "ocf": 1777000000,
      "capex": -701000000,
      "gross_margin": 0.2398432272249307,
      "op_margin": 0.05109454163081923,
      "fcf_margin": 0.051429117675174454,
      "incr_op_margin_yoy": 0.09260685406237967,
      "rev_growth_yoy": -0.19888191147189463,
      "rev_growth_yoy_accel": -0.09338748449275773,
      "fcf_margin_change": -0.02664908033592822
    },
    {
      "date": "2023-08-04T00:00:00",
      "quarter_label": "2023-08 (Q3)",
      "revenue": 22934000000,
      "gross_profit": 5387000000,
      "operating_income": 1165000000,
      "net_income": 462000000,
      "opex": 4222000000,
      "cogs": 17547000000,
      "rd": 705000000,
      "sga": 3517000000,
      "fcf": 2590000000,
      "ocf": 3214000000,
      "capex": -624000000,
      "gross_margin": 0.2348914275747798,
      "op_margin": 0.050797941920293015,
      "fcf_margin": 0.112932763582454,
      "incr_op_margin_yoy": 0.030077341735892296,
      "rev_growth_yoy": -0.13210974456007568,
      "rev_growth_yoy_accel": 0.06677216691181895,
      "op_leverage_ratio": 1.3910708989573342,
      "fcf_margin_change": 0.06150364590727954
    },
    {
      "date": "2023-11-03T00:00:00",
      "quarter_label": "2023-11 (Q4)",
      "revenue": 22251000000,
      "gross_profit": 5148000000,
      "operating_income": 1486000000,
      "net_income": 1006000000,
      "opex": 3662000000,
      "cogs": 17103000000,
      "rd": 692000000,
      "sga": 2970000000,
      "fcf": 1448000000,
      "ocf": 2152000000,
      "capex": -704000000,
      "gross_margin": 0.2313603882971552,
      "op_margin": 0.06678351534762482,
      "fcf_margin": 0.06507572693362096,
      "incr_op_margin_yoy": 0.11174089068825911,
      "rev_growth_yoy": -0.0999150519800979,
      "rev_growth_yoy_accel": 0.032194692579977785,
      "fcf_margin_change": -0.047857036648833035
    },
    {
      "date": "2024-02-02T00:00:00",
      "quarter_label": "2024-02 (Q1)",
      "revenue": 22318000000,
      "gross_profit": 5372000000,
      "operating_income": 1547000000,
      "net_income": 1210000000,
      "opex": 3825000000,
      "cogs": 16946000000,
      "rd": 716000000,
      "sga": 3109000000,
      "fcf": 806000000,
      "ocf": 1533000000,
      "capex": -727000000,
      "gross_margin": 0.24070257191504615,
      "op_margin": 0.06931624697553544,
      "fcf_margin": 0.036114347163724345,
      "incr_op_margin_yoy": -0.13156927600147006,
      "rev_growth_yoy": -0.10867047406046568,
      "rev_growth_yoy_accel": -0.00875542208036778,
      "fcf_margin_change": -0.028961379769896614
    },
    {
      "date": "2024-05-03T00:00:00",
      "quarter_label": "2024-05 (Q2)",
      "revenue": 22244000000,
      "gross_profit": 4806000000,
      "operating_income": 920000000,
      "net_income": 960000000,
      "opex": 3886000000,
      "cogs": 17438000000,
      "rd": 763000000,
      "sga": 3123000000,
      "fcf": 447000000,
      "ocf": 1043000000,
      "capex": -596000000,
      "gross_margin": 0.2160582629023557,
      "op_margin": 0.0413594677216328,
      "fcf_margin": 0.02009530659953246,
      "incr_op_margin_yoy": -0.11270801815431165,
      "rev_growth_yoy": 0.06318707580537233,
      "rev_growth_yoy_accel": 0.171857549865838,
      "fcf_margin_change": -0.016019040564191886
    },
    {
      "date": "2024-08-02T00:00:00",
      "quarter_label": "2024-08 (Q3)",
      "revenue": 25026000000,
      "gross_profit": 5311000000,
      "operating_income": 1342000000,
      "net_income": 846000000,
      "opex": 3969000000,
      "cogs": 19715000000,
      "rd": 780000000,
      "sga": 3189000000,
      "fcf": 658000000,
      "ocf": 1340000000,
      "capex": -682000000,
      "gross_margin": 0.21221929193638617,
      "op_margin": 0.05362423079996803,
      "fcf_margin": 0.026292655638136337,
      "incr_op_margin_yoy": 0.08460803059273422,
      "rev_growth_yoy": 0.09121827853841458,
      "rev_growth_yoy_accel": 0.028031202733042243,
      "op_leverage_ratio": 5.855566845696036,
      "fcf_margin_change": 0.006197349038603878
    },
    {
      "date": "2024-11-01T00:00:00",
      "quarter_label": "2024-11 (Q4)",
      "revenue": 24366000000,
      "gross_profit": 5307000000,
      "operating_income": 1668000000,
      "net_income": 1132000000,
      "opex": 3639000000,
      "cogs": 19059000000,
      "rd": 745000000,
      "sga": 2894000000,
      "fcf": 914000000,
      "ocf": 1553000000,
      "capex": -639000000,
      "gross_margin": 0.21780349667569565,
      "op_margin": 0.06845604530903718,
      "fcf_margin": 0.03751128621850119,
      "incr_op_margin_yoy": 0.08605200945626477,
      "rev_growth_yoy": 0.09505190777942564,
      "rev_growth_yoy_accel": 0.0038336292410110634,
      "fcf_margin_change": 0.01121863058036485
    },
    {
      "date": "2025-01-31T00:00:00",
      "quarter_label": "2025-01 (Q1)",
      "revenue": 23931000000,
      "gross_profit": 5678000000,
      "operating_income": 2159000000,
      "net_income": 1533000000,
      "opex": 3519000000,
      "cogs": 18105000000,
      "rd": 773000000,
      "sga": 2746000000,
      "fcf": -150000000,
      "ocf": 585000000,
      "capex": -735000000,
      "gross_margin": 0.23726547156408007,
      "op_margin": 0.09021770924741966,
      "fcf_margin": -0.006268020559107434,
      "incr_op_margin_yoy": 0.3794172349659021,
      "rev_growth_yoy": 0.07227350120978582,
      "rev_growth_yoy_accel": -0.022778406569639822,
      "fcf_margin_change": -0.04377930677760862
    },
    {
      "date": "2025-05-02T00:00:00",
      "quarter_label": "2025-05 (Q2)",
      "revenue": 23378000000,
      "gross_profit": 4937000000,
      "operating_income": 1165000000,
      "net_income": 965000000,
      "opex": 3772000000,
      "cogs": 18441000000,
      "rd": 808000000,
      "sga": 2964000000,
      "fcf": 2228000000,
      "ocf": 2796000000,
      "capex": -568000000,
      "gross_margin": 0.2111814526477885,
      "op_margin": 0.04983317649071777,
      "fcf_margin": 0.09530327658482333,
      "incr_op_margin_yoy": 0.21604938271604937,
      "rev_growth_yoy": 0.05098003956123,
      "rev_growth_yoy_accel": -0.02129346164855582,
      "fcf_margin_change": 0.10157129714393077
    },
    {
      "date": "2025-08-01T00:00:00",
      "quarter_label": "2025-08 (Q3)",
      "revenue": 29776000000,
      "gross_profit": 5447000000,
      "operating_income": 1773000000,
      "net_income": 1164000000,
      "opex": 3674000000,
      "cogs": 24329000000,
      "rd": 785000000,
      "sga": 2889000000,
      "fcf": 1868000000,
      "ocf": 2543000000,
      "capex": -675000000,
      "gross_margin": 0.1829325631380978,
      "op_margin": 0.059544599677592694,
      "fcf_margin": 0.06273508866200968,
      "incr_op_margin_yoy": 0.09073684210526316,
      "rev_growth_yoy": 0.1898026052904979,
      "rev_growth_yoy_accel": 0.13882256572926788,
      "op_leverage_ratio": Infinity,
      "fcf_margin_change": -0.03256818792281366
    },
    {
      "date": "2025-10-31T00:00:00",
      "quarter_label": "2025-10 (Q4)",
      "revenue": 27005000000,
      "gross_profit": 5593000000,
      "operating_income": 2119000000,
      "net_income": 1548000000,
      "opex": 3474000000,
      "cogs": 21412000000,
      "rd": 752000000,
      "sga": 2722000000,
      "fcf": 503000000,
      "ocf": 1172000000,
      "capex": -669000000,
      "gross_margin": 0.20710979448250325,
      "op_margin": 0.07846695056471024,
      "fcf_margin": 0.018626180336974635,
      "incr_op_margin_yoy": 0.17089806744979158,
      "rev_growth_yoy": 0.10830665681687597,
      "rev_growth_yoy_accel": -0.08149594847362192,
      "fcf_margin_change": -0.04410890832503504
    }
  ],
  "signals": [
    {
      "quarter": "2025-10 (Q4)",
      "signal": "GROSS MARGIN INFLECTION",
      "detail": "GM: +21.1% -> +18.3% -> +20.7% (reversal +2.4%)",
      "severity": "MEDIUM"
    },
    {
      "quarter": "2025-10 (Q4)",
      "signal": "YoY REVENUE GROWTH DECELERATION",
      "detail": "YoY growth: +10.8% vs prior quarter YoY: +19.0% (decel: -8.1%)",
      "severity": "WARNING"
    },
    {
      "quarter": "2025-10 (Q4)",
      "signal": "INCREMENTAL MARGIN (YoY)",
      "detail": "YoY Incr OPM: +17.1% vs year-ago OPM: +6.8%",
      "severity": "MEDIUM"
    },
    {
      "quarter": "2025-08 (Q3)",
      "signal": "YoY REVENUE GROWTH ACCELERATION",
      "detail": "YoY growth: +19.0% vs prior quarter YoY: +5.1% (accel: +13.9%)",
      "severity": "MEDIUM"
    },
    {
      "quarter": "2025-05 (Q2)",
      "signal": "FCF TURNED POSITIVE",
      "detail": "FCF margin: -0.6% -> +9.5%",
      "severity": "HIGH"
    },
    {
      "quarter": "2025-05 (Q2)",
      "signal": "INCREMENTAL MARGIN (YoY)",
      "detail": "YoY Incr OPM: +21.6% vs year-ago OPM: +4.1%",
      "severity": "MEDIUM"
    },
    {
      "quarter": "2025-01 (Q1)",
      "signal": "INCREMENTAL MARGIN (YoY)",
      "detail": "YoY Incr OPM: +37.9% vs year-ago OPM: +6.9%",
      "severity": "HIGH"
    },
    {
      "quarter": "2024-08 (Q3)",
      "signal": "OPERATING LEVERAGE",
      "detail": "Rev growth +12.5% vs OpEx growth +2.1% (leverage: 5.9x)",
      "severity": "MEDIUM"
    },
    {
      "quarter": "2024-05 (Q2)",
      "signal": "YoY REVENUE GROWTH ACCELERATION",
      "detail": "YoY growth: +6.3% vs prior quarter YoY: -10.9% (accel: +17.2%)",
      "severity": "HIGH"
    },
    {
      "quarter": "2023-08 (Q3)",
      "signal": "FCF MARGIN EXPANSION",
      "detail": "FCF margin: +5.1% -> +11.3% (+6.2%)",
      "severity": "MEDIUM"
    },
    {
      "quarter": "2023-08 (Q3)",
      "signal": "YoY REVENUE GROWTH ACCELERATION",
      "detail": "YoY growth: -13.2% vs prior quarter YoY: -19.9% (accel: +6.7%)",
      "severity": "MEDIUM"
    },
    {
      "quarter": "2023-05 (Q2)",
      "signal": "YoY REVENUE GROWTH DECELERATION",
      "detail": "YoY growth: -19.9% vs prior quarter YoY: -10.5% (decel: -9.3%)",
      "severity": "WARNING"
    },
    {
      "quarter": "2023-02 (Q1)",
      "signal": "FCF TURNED POSITIVE",
      "detail": "FCF margin: -1.4% -> +7.8%",
      "severity": "HIGH"
    },
    {
      "quarter": "2022-10 (Q4)",
      "signal": "GROSS MARGIN INFLECTION",
      "detail": "GM: +22.1% -> +20.6% -> +23.1% (reversal +2.5%)",
      "severity": "MEDIUM"
    },
    {
      "quarter": "2022-10 (Q4)",
      "signal": "YoY REVENUE GROWTH DECELERATION",
      "detail": "YoY growth: -12.9% vs prior quarter YoY: +1.2% (decel: -14.1%)",
      "severity": "WARNING"
    },
    {
      "quarter": "2022-07 (Q3)",
      "signal": "YoY REVENUE GROWTH DECELERATION",
      "detail": "YoY growth: +1.2% vs prior quarter YoY: +6.7% (decel: -5.5%)",
      "severity": "WARNING"
    },
    {
      "quarter": "2022-04 (Q2)",
      "signal": "GROSS MARGIN INFLECTION",
      "detail": "GM: +28.4% -> +20.1% -> +22.1% (reversal +2.1%)",
      "severity": "MEDIUM"
    },
    {
      "quarter": "2022-04 (Q2)",
      "signal": "YoY REVENUE GROWTH DECELERATION",
      "detail": "YoY growth: +6.7% vs prior quarter YoY: +15.9% (decel: -9.3%)",
      "severity": "WARNING"
    },
    {
      "quarter": "2021-10 (Q4)",
      "signal": "OPERATING LEVERAGE",
      "detail": "Rev growth +8.7% vs OpEx growth +1.5% (leverage: 5.9x)",
      "severity": "MEDIUM"
    }
  ],
  "data_quality": {
    "n_quarters": 20,
    "coverage": {
      "revenue": [
        20,
        20
      ],
      "gross_profit": [
        20,
        20
      ],
      "op_income": [
        20,
        20
      ],
      "fcf": [
        20,
        20
      ]
    },
    "gaps": [],
    "warnings": []
  },
  "market_cap": null,
  "source": "SEC EDGAR",
  "last_updated": "2026-02-02T19:53:44.753077"
}