{
  "ticker": "DERM",
  "name": "Journey Medical Corp",
  "quarters": [
    {
      "date": "2020-12-31T00:00:00",
      "quarter_label": "2020-12 (Q4)",
      "revenue": 13723000,
      "gross_profit": 9442000,
      "operating_income": 3626000,
      "net_income": 2502000,
      "opex": 10097000,
      "cogs": 4281000,
      "rd": null,
      "sga": 5816000,
      "fcf": 5054000,
      "ocf": 5054000,
      "capex": null,
      "gross_margin": 0.6880419733294469,
      "op_margin": 0.2642279384974131,
      "fcf_margin": 0.3682868177512206
    },
    {
      "date": "2021-03-31T00:00:00",
      "quarter_label": "2021-03 (Q1)",
      "revenue": 10719000,
      "gross_profit": 6811000,
      "operating_income": 585000,
      "net_income": 268000,
      "opex": 10134000,
      "cogs": 3908000,
      "rd": null,
      "sga": 6226000,
      "fcf": 1361000,
      "ocf": 1361000,
      "capex": null,
      "gross_margin": 0.6354137512827689,
      "op_margin": 0.054575986565911,
      "fcf_margin": 0.1269707995148801,
      "fcf_margin_change": -0.24131601823634047
    },
    {
      "date": "2021-06-30T00:00:00",
      "quarter_label": "2021-06 (Q2)",
      "revenue": 15288000,
      "gross_profit": 7804000,
      "operating_income": -13763000,
      "net_income": -11865000,
      "opex": 29051000,
      "cogs": 7484000,
      "rd": 29000,
      "sga": 7795000,
      "fcf": -7438000,
      "ocf": -7438000,
      "capex": null,
      "gross_margin": 0.510465724751439,
      "op_margin": -0.9002485609628467,
      "fcf_margin": -0.4865253793825222,
      "op_leverage_ratio": 0.2283471119828912,
      "fcf_margin_change": -0.6134961788974023
    },
    {
      "date": "2021-09-30T00:00:00",
      "quarter_label": "2021-09 (Q3)",
      "revenue": 19610000,
      "gross_profit": 8443000,
      "operating_income": -12646000,
      "net_income": -10646000,
      "opex": 32256000,
      "cogs": 11167000,
      "rd": 718000,
      "sga": 10755000,
      "fcf": 7102000,
      "ocf": 7102000,
      "capex": null,
      "gross_margin": 0.43054563997960227,
      "op_margin": -0.6448750637429883,
      "fcf_margin": 0.3621621621621622,
      "op_leverage_ratio": 2.5625192762812556,
      "fcf_margin_change": 0.8486875415446844
    },
    {
      "date": "2021-12-31T00:00:00",
      "quarter_label": "2021-12 (Q4)",
      "revenue": 17517000,
      "gross_profit": 7992000,
      "operating_income": -9057000,
      "net_income": -21751000,
      "opex": 26574000,
      "cogs": 9525000,
      "rd": 1992000,
      "sga": 15057000,
      "fcf": -3206000,
      "ocf": -3206000,
      "capex": null,
      "gross_margin": 0.4562425072786436,
      "op_margin": -0.5170405891419764,
      "fcf_margin": -0.18302220699891533,
      "incr_op_margin_yoy": -3.3429098576700054,
      "rev_growth_yoy": 0.27647015958609633,
      "fcf_margin_change": -0.5451843691610775
    },
    {
      "date": "2022-03-31T00:00:00",
      "quarter_label": "2022-03 (Q1)",
      "revenue": 23296000,
      "gross_profit": 15093000,
      "operating_income": -888000,
      "net_income": -1378000,
      "opex": 24184000,
      "cogs": 8203000,
      "rd": 1266000,
      "sga": 14715000,
      "fcf": 884000,
      "ocf": 884000,
      "capex": null,
      "gross_margin": 0.6478794642857143,
      "op_margin": -0.03811813186813187,
      "fcf_margin": 0.03794642857142857,
      "incr_op_margin_yoy": -0.11711854973364078,
      "rev_growth_yoy": 1.1733370650247223,
      "rev_growth_yoy_accel": 0.896866905438626,
      "op_leverage_ratio": Infinity,
      "fcf_margin_change": 0.2209686355703439
    },
    {
      "date": "2022-06-30T00:00:00",
      "quarter_label": "2022-06 (Q2)",
      "revenue": 18291000,
      "gross_profit": 10658000,
      "operating_income": -7142000,
      "net_income": -7528000,
      "opex": 25433000,
      "cogs": 7633000,
      "rd": 2609000,
      "sga": 15191000,
      "fcf": -3300000,
      "ocf": -3300000,
      "capex": null,
      "gross_margin": 0.5826909408998961,
      "op_margin": -0.3904652561368979,
      "fcf_margin": -0.1804165983270461,
      "incr_op_margin_yoy": 2.2047952047952046,
      "rev_growth_yoy": 0.19642857142857142,
      "rev_growth_yoy_accel": -0.976908493596151,
      "fcf_margin_change": -0.21836302689847467
    },
    {
      "date": "2022-09-30T00:00:00",
      "quarter_label": "2022-09 (Q3)",
      "revenue": 16116000,
      "gross_profit": 8895000,
      "operating_income": -9492000,
      "net_income": -10080000,
      "opex": 25608000,
      "cogs": 7221000,
      "rd": 2812000,
      "sga": 15575000,
      "fcf": -7282000,
      "ocf": -7282000,
      "capex": null,
      "gross_margin": 0.5519359642591214,
      "op_margin": -0.5889798957557707,
      "fcf_margin": -0.45184909406800694,
      "incr_op_margin_yoy": -0.9026903262736119,
      "rev_growth_yoy": -0.17817440081591024,
      "rev_growth_yoy_accel": -0.3746029722444817,
      "fcf_margin_change": -0.27143249574096084
    },
    {
      "date": "2022-12-31T00:00:00",
      "quarter_label": "2022-12 (Q4)",
      "revenue": 15966000,
      "gross_profit": 8248000,
      "operating_income": -9995000,
      "net_income": -10642000,
      "opex": 25961000,
      "cogs": 7718000,
      "rd": 4256000,
      "sga": 13987000,
      "fcf": -3836000,
      "ocf": -3836000,
      "capex": null,
      "gross_margin": 0.5165977702618063,
      "op_margin": -0.626017787799073,
      "fcf_margin": -0.24026055367656268,
      "incr_op_margin_yoy": 0.6047711154094133,
      "rev_growth_yoy": -0.08854255865730433,
      "rev_growth_yoy_accel": 0.08963184215860591,
      "fcf_margin_change": 0.21158854039144426
    },
    {
      "date": "2023-03-31T00:00:00",
      "quarter_label": "2023-03 (Q1)",
      "revenue": 12213000,
      "gross_profit": 5764000,
      "operating_income": -9561000,
      "net_income": -10136000,
      "opex": 21774000,
      "cogs": 6449000,
      "rd": 2033000,
      "sga": 13292000,
      "fcf": -956000,
      "ocf": -956000,
      "capex": null,
      "gross_margin": 0.47195611233931056,
      "op_margin": -0.7828543355440923,
      "fcf_margin": -0.07827724555801195,
      "incr_op_margin_yoy": 0.7825498511233421,
      "rev_growth_yoy": -0.47574690934065933,
      "rev_growth_yoy_accel": -0.387204350683355,
      "fcf_margin_change": 0.16198330811855072
    },
    {
      "date": "2023-06-30T00:00:00",
      "quarter_label": "2023-06 (Q2)",
      "revenue": 17172000,
      "gross_profit": 9405000,
      "operating_income": -7653000,
      "net_income": -8363000,
      "opex": 24825000,
      "cogs": 7767000,
      "rd": 1774000,
      "sga": 12141000,
      "fcf": 3969000,
      "ocf": 3969000,
      "capex": null,
      "gross_margin": 0.5476939203354297,
      "op_margin": -0.44566736547868624,
      "fcf_margin": 0.23113207547169812,
      "incr_op_margin_yoy": 0.45665773011617516,
      "rev_growth_yoy": -0.06117762834180745,
      "rev_growth_yoy_accel": 0.4145692809988519,
      "op_leverage_ratio": 2.897795689925649,
      "fcf_margin_change": 0.3094093210297101
    },
    {
      "date": "2023-09-30T00:00:00",
      "quarter_label": "2023-09 (Q3)",
      "revenue": 34539000,
      "gross_profit": 28110000,
      "operating_income": 17245000,
      "net_income": 16789000,
      "opex": 17294000,
      "cogs": 6429000,
      "rd": 2229000,
      "sga": 8636000,
      "fcf": 18747000,
      "ocf": 18747000,
      "capex": null,
      "gross_margin": 0.8138625901155215,
      "op_margin": 0.49929065693853325,
      "fcf_margin": 0.5427777295231477,
      "incr_op_margin_yoy": 1.4512837214351626,
      "rev_growth_yoy": 1.143149664929263,
      "rev_growth_yoy_accel": 1.2043272932710705,
      "op_leverage_ratio": Infinity,
      "fcf_margin_change": 0.3116456540514496
    },
    {
      "date": "2023-12-31T00:00:00",
      "quarter_label": "2023-12 (Q4)",
      "revenue": 15257000,
      "gross_profit": 9242000,
      "operating_income": -2104000,
      "net_income": -2143000,
      "opex": 17361000,
      "cogs": 6015000,
      "rd": 1505000,
      "sga": 9841000,
      "fcf": -16520000,
      "ocf": -16520000,
      "capex": null,
      "gross_margin": 0.6057547355312316,
      "op_margin": -0.13790391295798649,
      "fcf_margin": -1.0827816739857115,
      "rev_growth_yoy": -0.0444068645872479,
      "rev_growth_yoy_accel": -1.187556529516511,
      "fcf_margin_change": -1.6255594035088592
    },
    {
      "date": "2024-03-31T00:00:00",
      "quarter_label": "2024-03 (Q1)",
      "revenue": 13030000,
      "gross_profit": 6214000,
      "operating_income": -10090000,
      "net_income": -10442000,
      "opex": 23120000,
      "cogs": 6816000,
      "rd": 7884000,
      "sga": 8420000,
      "fcf": -5019000,
      "ocf": -5019000,
      "capex": null,
      "gross_margin": 0.47689946277820416,
      "op_margin": -0.7743668457405987,
      "fcf_margin": -0.3851880276285495,
      "rev_growth_yoy": 0.06689593056579055,
      "rev_growth_yoy_accel": 0.11130279515303845,
      "fcf_margin_change": 0.6975936463571619
    },
    {
      "date": "2024-06-30T00:00:00",
      "quarter_label": "2024-06 (Q2)",
      "revenue": 14855000,
      "gross_profit": 8314000,
      "operating_income": -2927000,
      "net_income": -3361000,
      "opex": 17782000,
      "cogs": 6541000,
      "rd": 913000,
      "sga": 10328000,
      "fcf": -5176000,
      "ocf": -5176000,
      "capex": null,
      "gross_margin": 0.5596768764725681,
      "op_margin": -0.19703803433187478,
      "fcf_margin": -0.348434870414002,
      "incr_op_margin_yoy": -2.039706517047907,
      "rev_growth_yoy": -0.13492895411134403,
      "rev_growth_yoy_accel": -0.20182488467713458,
      "op_leverage_ratio": Infinity,
      "fcf_margin_change": 0.03675315721454747
    },
    {
      "date": "2024-09-30T00:00:00",
      "quarter_label": "2024-09 (Q3)",
      "revenue": 14629000,
      "gross_profit": 9344000,
      "operating_income": -2894000,
      "net_income": -2390000,
      "opex": 17523000,
      "cogs": 5285000,
      "rd": 842000,
      "sga": 11396000,
      "fcf": -1157000,
      "ocf": -1157000,
      "capex": null,
      "gross_margin": 0.6387312871693213,
      "op_margin": -0.1978262355595051,
      "fcf_margin": -0.07908947980039648,
      "incr_op_margin_yoy": 1.0115017579105976,
      "rev_growth_yoy": -0.576449810359304,
      "rev_growth_yoy_accel": -0.44152085624795995,
      "fcf_margin_change": 0.2693453906136055
    },
    {
      "date": "2024-12-31T00:00:00",
      "quarter_label": "2024-12 (Q4)",
      "revenue": 13620000,
      "gross_profit": 11383000,
      "operating_income": 2234000,
      "net_income": 1521000,
      "opex": 11386000,
      "cogs": 2237000,
      "rd": 218000,
      "sga": 10060000,
      "fcf": 2225000,
      "ocf": 2225000,
      "capex": null,
      "gross_margin": 0.8357562408223201,
      "op_margin": 0.16402349486049927,
      "fcf_margin": 0.1633627019089574,
      "incr_op_margin_yoy": -2.649969456322541,
      "rev_growth_yoy": -0.1072950121255817,
      "rev_growth_yoy_accel": 0.4691547982337223,
      "fcf_margin_change": 0.2424521817093539
    },
    {
      "date": "2025-03-31T00:00:00",
      "quarter_label": "2025-03 (Q1)",
      "revenue": 13139000,
      "gross_profit": 8349000,
      "operating_income": -3324000,
      "net_income": -4073000,
      "opex": 16463000,
      "cogs": 4790000,
      "rd": 39000,
      "sga": 10569000,
      "fcf": -2832000,
      "ocf": -2832000,
      "capex": null,
      "gross_margin": 0.6354364867950377,
      "op_margin": -0.2529872897480782,
      "fcf_margin": -0.21554151761930132,
      "rev_growth_yoy": 0.008365310821181887,
      "rev_growth_yoy_accel": 0.1156603229467636,
      "fcf_margin_change": -0.3789042195282587
    },
    {
      "date": "2025-06-30T00:00:00",
      "quarter_label": "2025-06 (Q2)",
      "revenue": 15009000,
      "gross_profit": 10070000,
      "operating_income": -2876000,
      "net_income": -3796000,
      "opex": 17885000,
      "cogs": 4939000,
      "rd": null,
      "sga": 11882000,
      "fcf": -942000,
      "ocf": -942000,
      "capex": null,
      "gross_margin": 0.6709307748684122,
      "op_margin": -0.19161836231594376,
      "fcf_margin": -0.06276234259444334,
      "rev_growth_yoy": 0.010366879838438236,
      "rev_growth_yoy_accel": 0.002001569017256349,
      "op_leverage_ratio": 1.6477399661244068,
      "fcf_margin_change": 0.152779175024858
    },
    {
      "date": "2025-09-30T00:00:00",
      "quarter_label": "2025-09 (Q3)",
      "revenue": 17631000,
      "gross_profit": 11876000,
      "operating_income": -1529000,
      "net_income": -2315000,
      "opex": 19160000,
      "cogs": 5755000,
      "rd": 287000,
      "sga": 12054000,
      "fcf": -2383000,
      "ocf": -2383000,
      "capex": null,
      "gross_margin": 0.6735862968634792,
      "op_margin": -0.08672225058136238,
      "fcf_margin": -0.1351596619590494,
      "incr_op_margin_yoy": 0.4546968687541639,
      "rev_growth_yoy": 0.20520883177250668,
      "rev_growth_yoy_accel": 0.19484195193406845,
      "op_leverage_ratio": 2.4505281145038467,
      "fcf_margin_change": -0.07239731936460607
    }
  ],
  "signals": [
    {
      "quarter": "2025-09 (Q3)",
      "signal": "OPERATING LEVERAGE",
      "detail": "Rev growth +17.5% vs OpEx growth +7.1% (leverage: 2.5x)",
      "severity": "MEDIUM"
    },
    {
      "quarter": "2025-09 (Q3)",
      "signal": "YoY REVENUE GROWTH ACCELERATION",
      "detail": "YoY growth: +20.5% vs prior quarter YoY: +1.0% (accel: +19.5%)",
      "severity": "HIGH"
    },
    {
      "quarter": "2025-06 (Q2)",
      "signal": "FCF MARGIN EXPANSION",
      "detail": "FCF margin: -21.6% -> -6.3% (+15.3%)",
      "severity": "MEDIUM"
    },
    {
      "quarter": "2025-06 (Q2)",
      "signal": "OPERATING LEVERAGE",
      "detail": "Rev growth +14.2% vs OpEx growth +8.6% (leverage: 1.6x)",
      "severity": "MEDIUM"
    },
    {
      "quarter": "2025-06 (Q2)",
      "signal": "GROSS MARGIN INFLECTION",
      "detail": "GM: +83.6% -> +63.5% -> +67.1% (reversal +3.5%)",
      "severity": "MEDIUM"
    },
    {
      "quarter": "2025-03 (Q1)",
      "signal": "YoY REVENUE GROWTH ACCELERATION",
      "detail": "YoY growth: +0.8% vs prior quarter YoY: -10.7% (accel: +11.6%)",
      "severity": "MEDIUM"
    },
    {
      "quarter": "2024-12 (Q4)",
      "signal": "FCF TURNED POSITIVE",
      "detail": "FCF margin: -7.9% -> +16.3%",
      "severity": "HIGH"
    },
    {
      "quarter": "2024-12 (Q4)",
      "signal": "YoY REVENUE GROWTH ACCELERATION",
      "detail": "YoY growth: -10.7% vs prior quarter YoY: -57.6% (accel: +46.9%)",
      "severity": "HIGH"
    },
    {
      "quarter": "2024-12 (Q4)",
      "signal": "OP MARGIN TURNED POSITIVE (YoY)",
      "detail": "Op margin: -13.8% (year-ago) -> +16.4%",
      "severity": "HIGH"
    },
    {
      "quarter": "2024-12 (Q4)",
      "signal": "OP MARGIN TURNED POSITIVE (QoQ)",
      "detail": "Op margin: -19.8% -> +16.4%",
      "severity": "HIGH"
    },
    {
      "quarter": "2024-09 (Q3)",
      "signal": "FCF MARGIN EXPANSION",
      "detail": "FCF margin: -34.8% -> -7.9% (+26.9%)",
      "severity": "MEDIUM"
    },
    {
      "quarter": "2024-09 (Q3)",
      "signal": "YoY REVENUE GROWTH DECELERATION",
      "detail": "YoY growth: -57.6% vs prior quarter YoY: -13.5% (decel: -44.2%)",
      "severity": "WARNING"
    },
    {
      "quarter": "2024-06 (Q2)",
      "signal": "GROSS MARGIN INFLECTION",
      "detail": "GM: +60.6% -> +47.7% -> +56.0% (reversal +8.3%)",
      "severity": "HIGH"
    },
    {
      "quarter": "2024-06 (Q2)",
      "signal": "YoY REVENUE GROWTH DECELERATION",
      "detail": "YoY growth: -13.5% vs prior quarter YoY: +6.7% (decel: -20.2%)",
      "severity": "WARNING"
    },
    {
      "quarter": "2024-03 (Q1)",
      "signal": "FCF MARGIN EXPANSION",
      "detail": "FCF margin: -108.3% -> -38.5% (+69.8%)",
      "severity": "MEDIUM"
    },
    {
      "quarter": "2024-03 (Q1)",
      "signal": "YoY REVENUE GROWTH ACCELERATION",
      "detail": "YoY growth: +6.7% vs prior quarter YoY: -4.4% (accel: +11.1%)",
      "severity": "MEDIUM"
    },
    {
      "quarter": "2023-12 (Q4)",
      "signal": "YoY REVENUE GROWTH DECELERATION",
      "detail": "YoY growth: -4.4% vs prior quarter YoY: +114.3% (decel: -118.8%)",
      "severity": "WARNING"
    },
    {
      "quarter": "2023-09 (Q3)",
      "signal": "FCF MARGIN EXPANSION",
      "detail": "FCF margin: +23.1% -> +54.3% (+31.2%)",
      "severity": "MEDIUM"
    },
    {
      "quarter": "2023-09 (Q3)",
      "signal": "YoY REVENUE GROWTH ACCELERATION",
      "detail": "YoY growth: +114.3% vs prior quarter YoY: -6.1% (accel: +120.4%)",
      "severity": "HIGH"
    },
    {
      "quarter": "2023-09 (Q3)",
      "signal": "OP MARGIN TURNED POSITIVE (YoY)",
      "detail": "Op margin: -58.9% (year-ago) -> +49.9%",
      "severity": "HIGH"
    },
    {
      "quarter": "2023-09 (Q3)",
      "signal": "OP MARGIN TURNED POSITIVE (QoQ)",
      "detail": "Op margin: -44.6% -> +49.9%",
      "severity": "HIGH"
    },
    {
      "quarter": "2023-06 (Q2)",
      "signal": "FCF TURNED POSITIVE",
      "detail": "FCF margin: -7.8% -> +23.1%",
      "severity": "HIGH"
    },
    {
      "quarter": "2023-06 (Q2)",
      "signal": "OPERATING LEVERAGE",
      "detail": "Rev growth +40.6% vs OpEx growth +14.0% (leverage: 2.9x)",
      "severity": "MEDIUM"
    },
    {
      "quarter": "2023-06 (Q2)",
      "signal": "GROSS MARGIN INFLECTION",
      "detail": "GM: +51.7% -> +47.2% -> +54.8% (reversal +7.6%)",
      "severity": "HIGH"
    },
    {
      "quarter": "2023-06 (Q2)",
      "signal": "YoY REVENUE GROWTH ACCELERATION",
      "detail": "YoY growth: -6.1% vs prior quarter YoY: -47.6% (accel: +41.5%)",
      "severity": "HIGH"
    },
    {
      "quarter": "2023-03 (Q1)",
      "signal": "FCF MARGIN EXPANSION",
      "detail": "FCF margin: -24.0% -> -7.8% (+16.2%)",
      "severity": "MEDIUM"
    },
    {
      "quarter": "2023-03 (Q1)",
      "signal": "YoY REVENUE GROWTH DECELERATION",
      "detail": "YoY growth: -47.6% vs prior quarter YoY: -8.9% (decel: -38.7%)",
      "severity": "WARNING"
    },
    {
      "quarter": "2022-12 (Q4)",
      "signal": "FCF MARGIN EXPANSION",
      "detail": "FCF margin: -45.2% -> -24.0% (+21.2%)",
      "severity": "MEDIUM"
    },
    {
      "quarter": "2022-12 (Q4)",
      "signal": "YoY REVENUE GROWTH ACCELERATION",
      "detail": "YoY growth: -8.9% vs prior quarter YoY: -17.8% (accel: +9.0%)",
      "severity": "MEDIUM"
    },
    {
      "quarter": "2022-09 (Q3)",
      "signal": "YoY REVENUE GROWTH DECELERATION",
      "detail": "YoY growth: -17.8% vs prior quarter YoY: +19.6% (decel: -37.5%)",
      "severity": "WARNING"
    },
    {
      "quarter": "2022-06 (Q2)",
      "signal": "YoY REVENUE GROWTH DECELERATION",
      "detail": "YoY growth: +19.6% vs prior quarter YoY: +117.3% (decel: -97.7%)",
      "severity": "WARNING"
    },
    {
      "quarter": "2022-03 (Q1)",
      "signal": "FCF TURNED POSITIVE",
      "detail": "FCF margin: -18.3% -> +3.8%",
      "severity": "HIGH"
    },
    {
      "quarter": "2022-03 (Q1)",
      "signal": "YoY REVENUE GROWTH ACCELERATION",
      "detail": "YoY growth: +117.3% vs prior quarter YoY: +27.6% (accel: +89.7%)",
      "severity": "HIGH"
    },
    {
      "quarter": "2021-12 (Q4)",
      "signal": "GROSS MARGIN INFLECTION",
      "detail": "GM: +51.0% -> +43.1% -> +45.6% (reversal +2.6%)",
      "severity": "MEDIUM"
    },
    {
      "quarter": "2021-09 (Q3)",
      "signal": "FCF TURNED POSITIVE",
      "detail": "FCF margin: -48.7% -> +36.2%",
      "severity": "HIGH"
    },
    {
      "quarter": "2021-09 (Q3)",
      "signal": "OPERATING LEVERAGE",
      "detail": "Rev growth +28.3% vs OpEx growth +11.0% (leverage: 2.6x)",
      "severity": "MEDIUM"
    }
  ],
  "data_quality": {
    "n_quarters": 20,
    "coverage": {
      "revenue": [
        20,
        20
      ],
      "gross_profit": [
        20,
        20
      ],
      "op_income": [
        20,
        20
      ],
      "fcf": [
        20,
        20
      ]
    },
    "gaps": [],
    "warnings": []
  },
  "market_cap": null,
  "source": "SEC EDGAR",
  "last_updated": "2026-02-02T22:47:53.806172",
  "sector": "Healthcare",
  "industry": "Drug Manufacturers - Specialty & Generic"
}