{
  "ticker": "DFIN",
  "name": "Donnelley Financial Solutions, Inc.",
  "sector": "Technology",
  "industry": "Software - Application",
  "quarters": [
    {
      "date": "2021-03-31T00:00:00",
      "quarter_label": "2021-03 (Q1)",
      "revenue": 245300000,
      "gross_profit": 135000000,
      "operating_income": 50900000,
      "net_income": 35200000,
      "opex": 84100000,
      "cogs": 110300000,
      "rd": null,
      "sga": 73500000,
      "fcf": -46300000,
      "ocf": -38300000,
      "capex": -8000000,
      "gross_margin": 0.550346514472075,
      "op_margin": 0.207501019160212,
      "fcf_margin": -0.18874847125968203
    },
    {
      "date": "2021-06-30T00:00:00",
      "quarter_label": "2021-06 (Q2)",
      "revenue": 267500000,
      "gross_profit": 150000000,
      "operating_income": 62000000,
      "net_income": 42900000,
      "opex": 88000000,
      "cogs": 117500000,
      "rd": null,
      "sga": 75100000,
      "fcf": 20900000,
      "ocf": 30600000,
      "capex": -9700000,
      "gross_margin": 0.5607476635514018,
      "op_margin": 0.23177570093457944,
      "fcf_margin": 0.07813084112149532,
      "op_leverage_ratio": 1.951582050236759,
      "fcf_margin_change": 0.26687931238117735
    },
    {
      "date": "2021-09-30T00:00:00",
      "quarter_label": "2021-09 (Q3)",
      "revenue": 247700000,
      "gross_profit": 154600000,
      "operating_income": 65000000,
      "net_income": 42200000,
      "opex": 89600000,
      "cogs": 93100000,
      "rd": null,
      "sga": 77000000,
      "fcf": 100400000,
      "ocf": 110900000,
      "capex": -10500000,
      "gross_margin": 0.6241421073879693,
      "op_margin": 0.26241421073879695,
      "fcf_margin": 0.40532902704884943,
      "fcf_margin_change": 0.3271981859273541
    },
    {
      "date": "2021-12-31T00:00:00",
      "quarter_label": "2021-12 (Q4)",
      "revenue": 232800000,
      "gross_profit": 140600000,
      "operating_income": 41400000,
      "net_income": 25600000,
      "opex": 99200000,
      "cogs": 92200000,
      "rd": null,
      "sga": 82100000,
      "fcf": 62700000,
      "ocf": 76800000,
      "capex": -14100000,
      "gross_margin": 0.6039518900343642,
      "op_margin": 0.17783505154639176,
      "fcf_margin": 0.2693298969072165,
      "fcf_margin_change": -0.13599913014163295
    },
    {
      "date": "2022-03-31T00:00:00",
      "quarter_label": "2022-03 (Q1)",
      "revenue": 211000000,
      "gross_profit": 112100000,
      "operating_income": 35300000,
      "net_income": 26400000,
      "opex": 76800000,
      "cogs": 98900000,
      "rd": null,
      "sga": 64300000,
      "fcf": -62100000,
      "ocf": -52200000,
      "capex": -9900000,
      "gross_margin": 0.5312796208530806,
      "op_margin": 0.16729857819905214,
      "fcf_margin": -0.2943127962085308,
      "incr_op_margin_yoy": 0.45481049562682213,
      "rev_growth_yoy": -0.13982878108438646,
      "fcf_margin_change": -0.5636426931157472
    },
    {
      "date": "2022-06-30T00:00:00",
      "quarter_label": "2022-06 (Q2)",
      "revenue": 266200000,
      "gross_profit": 154500000,
      "operating_income": 65900000,
      "net_income": 46000000,
      "opex": 88600000,
      "cogs": 111700000,
      "rd": null,
      "sga": 77400000,
      "fcf": 30900000,
      "ocf": 45800000,
      "capex": -14900000,
      "gross_margin": 0.5803906836964688,
      "op_margin": 0.24755822689706988,
      "fcf_margin": 0.11607813673929376,
      "incr_op_margin_yoy": -3.0,
      "rev_growth_yoy": -0.00485981308411215,
      "rev_growth_yoy_accel": 0.1349689680002743,
      "op_leverage_ratio": 1.702690979195116,
      "fcf_margin_change": 0.4103909329478246
    },
    {
      "date": "2022-09-30T00:00:00",
      "quarter_label": "2022-09 (Q3)",
      "revenue": 188700000,
      "gross_profit": 104800000,
      "operating_income": 26700000,
      "net_income": 19200000,
      "opex": 78100000,
      "cogs": 83900000,
      "rd": null,
      "sga": 63800000,
      "fcf": 68700000,
      "ocf": 83300000,
      "capex": -14600000,
      "gross_margin": 0.5553789083200847,
      "op_margin": 0.14149443561208266,
      "fcf_margin": 0.3640699523052464,
      "incr_op_margin_yoy": 0.6491525423728813,
      "rev_growth_yoy": -0.23819136051675413,
      "rev_growth_yoy_accel": -0.23333154743264198,
      "fcf_margin_change": 0.24799181556595265
    },
    {
      "date": "2022-12-31T00:00:00",
      "quarter_label": "2022-12 (Q4)",
      "revenue": 167700000,
      "gross_profit": 92000000,
      "operating_income": 17100000,
      "net_income": 10900000,
      "opex": 74900000,
      "cogs": 75700000,
      "rd": null,
      "sga": 58500000,
      "fcf": 58500000,
      "ocf": 73300000,
      "capex": -14800000,
      "gross_margin": 0.5485986881335718,
      "op_margin": 0.10196779964221825,
      "fcf_margin": 0.3488372093023256,
      "incr_op_margin_yoy": 0.37327188940092165,
      "rev_growth_yoy": -0.27963917525773196,
      "rev_growth_yoy_accel": -0.041447814740977834,
      "fcf_margin_change": -0.015232743002920823
    },
    {
      "date": "2023-03-31T00:00:00",
      "quarter_label": "2023-03 (Q1)",
      "revenue": 198600000,
      "gross_profit": 108300000,
      "operating_income": 14800000,
      "net_income": 15800000,
      "opex": 93500000,
      "cogs": 90300000,
      "rd": null,
      "sga": 70500000,
      "fcf": -62100000,
      "ocf": -51500000,
      "capex": -10600000,
      "gross_margin": 0.5453172205438066,
      "op_margin": 0.07452165156092648,
      "fcf_margin": -0.31268882175226587,
      "incr_op_margin_yoy": 1.653225806451613,
      "rev_growth_yoy": -0.058767772511848344,
      "rev_growth_yoy_accel": 0.22087140274588363,
      "op_leverage_ratio": 0.741983572816281,
      "fcf_margin_change": -0.6615260310545914
    },
    {
      "date": "2023-06-30T00:00:00",
      "quarter_label": "2023-06 (Q2)",
      "revenue": 242100000,
      "gross_profit": 143900000,
      "operating_income": 55600000,
      "net_income": 37700000,
      "opex": 88300000,
      "cogs": 98200000,
      "rd": null,
      "sga": 76200000,
      "fcf": 7000000,
      "ocf": 20200000,
      "capex": -13200000,
      "gross_margin": 0.5943824865757952,
      "op_margin": 0.22965716646014045,
      "fcf_margin": 0.028913672036348616,
      "incr_op_margin_yoy": 0.42738589211618255,
      "rev_growth_yoy": -0.09053343350864013,
      "rev_growth_yoy_accel": -0.03176566099679178,
      "op_leverage_ratio": null,
      "fcf_margin_change": 0.34160249378861446
    },
    {
      "date": "2023-09-30T00:00:00",
      "quarter_label": "2023-09 (Q3)",
      "revenue": 180000000,
      "gross_profit": 109100000,
      "operating_income": 29800000,
      "net_income": 18100000,
      "opex": 79300000,
      "cogs": 70900000,
      "rd": null,
      "sga": 65400000,
      "fcf": 61300000,
      "ocf": 80500000,
      "capex": -19200000,
      "gross_margin": 0.6061111111111112,
      "op_margin": 0.16555555555555557,
      "fcf_margin": 0.34055555555555556,
      "incr_op_margin_yoy": -0.3563218390804598,
      "rev_growth_yoy": -0.046104928457869634,
      "rev_growth_yoy_accel": 0.04442850505077049,
      "fcf_margin_change": 0.31164188351920696
    },
    {
      "date": "2023-12-31T00:00:00",
      "quarter_label": "2023-12 (Q4)",
      "revenue": 176500000,
      "gross_profit": 102600000,
      "operating_income": 9800000,
      "net_income": 10600000,
      "opex": 92800000,
      "cogs": 73900000,
      "rd": null,
      "sga": 70000000,
      "fcf": 56000000,
      "ocf": 74800000,
      "capex": -18800000,
      "gross_margin": 0.5813031161473088,
      "op_margin": 0.055524079320113315,
      "fcf_margin": 0.31728045325779036,
      "incr_op_margin_yoy": -0.8295454545454546,
      "rev_growth_yoy": 0.05247465712581992,
      "rev_growth_yoy_accel": 0.09857958558368955,
      "fcf_margin_change": -0.023275102297765193
    },
    {
      "date": "2024-03-31T00:00:00",
      "quarter_label": "2024-03 (Q1)",
      "revenue": 203400000,
      "gross_profit": 123300000,
      "operating_income": 44600000,
      "net_income": 33300000,
      "opex": 78700000,
      "cogs": 80100000,
      "rd": null,
      "sga": 72800000,
      "fcf": -40200000,
      "ocf": -27900000,
      "capex": -12300000,
      "gross_margin": 0.6061946902654868,
      "op_margin": 0.2192723697148476,
      "fcf_margin": -0.1976401179941003,
      "incr_op_margin_yoy": 6.208333333333333,
      "rev_growth_yoy": 0.02416918429003021,
      "rev_growth_yoy_accel": -0.028305472835789706,
      "op_leverage_ratio": null,
      "fcf_margin_change": -0.5149205712518907
    },
    {
      "date": "2024-06-30T00:00:00",
      "quarter_label": "2024-06 (Q2)",
      "revenue": 242700000,
      "gross_profit": 156200000,
      "operating_income": 64500000,
      "net_income": 44100000,
      "opex": 91700000,
      "cogs": 86500000,
      "rd": null,
      "sga": 76100000,
      "fcf": 36800000,
      "ocf": 56200000,
      "capex": -19400000,
      "gross_margin": 0.6435929130613927,
      "op_margin": 0.2657601977750309,
      "fcf_margin": 0.15162752369180058,
      "rev_growth_yoy": 0.0024783147459727386,
      "rev_growth_yoy_accel": -0.021690869544057474,
      "op_leverage_ratio": 1.1696959382800092,
      "fcf_margin_change": 0.34926764168590085
    },
    {
      "date": "2024-09-30T00:00:00",
      "quarter_label": "2024-09 (Q3)",
      "revenue": 179500000,
      "gross_profit": 110800000,
      "operating_income": 18200000,
      "net_income": 8700000,
      "opex": 92600000,
      "cogs": 68700000,
      "rd": null,
      "sga": 74000000,
      "fcf": 67300000,
      "ocf": 86400000,
      "capex": -19100000,
      "gross_margin": 0.6172701949860724,
      "op_margin": 0.10139275766016713,
      "fcf_margin": 0.37493036211699166,
      "rev_growth_yoy": -0.002777777777777778,
      "rev_growth_yoy_accel": -0.0052560925237505165,
      "fcf_margin_change": 0.22330283842519108
    },
    {
      "date": "2024-12-31T00:00:00",
      "quarter_label": "2024-12 (Q4)",
      "revenue": 156300000,
      "gross_profit": 93700000,
      "operating_income": 9300000,
      "net_income": 6300000,
      "opex": 84400000,
      "cogs": 62600000,
      "rd": null,
      "sga": 68000000,
      "fcf": 41300000,
      "ocf": 56400000,
      "capex": -15100000,
      "gross_margin": 0.599488163787588,
      "op_margin": 0.05950095969289827,
      "fcf_margin": 0.26423544465770954,
      "incr_op_margin_yoy": 0.024752475247524754,
      "rev_growth_yoy": -0.11444759206798867,
      "rev_growth_yoy_accel": -0.11166981429021089,
      "fcf_margin_change": -0.11069491745928212
    },
    {
      "date": "2025-03-31T00:00:00",
      "quarter_label": "2025-03 (Q1)",
      "revenue": 201100000,
      "gross_profit": 128100000,
      "operating_income": 45800000,
      "net_income": 31000000,
      "opex": 82300000,
      "cogs": 73000000,
      "rd": null,
      "sga": 65800000,
      "fcf": -51000000,
      "ocf": -37700000,
      "capex": -13300000,
      "gross_margin": 0.6369965191447041,
      "op_margin": 0.2277473893585281,
      "fcf_margin": -0.2536051715564396,
      "incr_op_margin_yoy": -0.5217391304347826,
      "rev_growth_yoy": -0.011307767944936086,
      "rev_growth_yoy_accel": 0.10313982412305259,
      "op_leverage_ratio": null,
      "fcf_margin_change": -0.5178406162141491
    },
    {
      "date": "2025-06-30T00:00:00",
      "quarter_label": "2025-06 (Q2)",
      "revenue": 218100000,
      "gross_profit": 138900000,
      "operating_income": 52800000,
      "net_income": 36100000,
      "opex": 86100000,
      "cogs": 79200000,
      "rd": null,
      "sga": 70000000,
      "fcf": 51700000,
      "ocf": 68400000,
      "capex": -16700000,
      "gross_margin": 0.6368638239339752,
      "op_margin": 0.24209078404401652,
      "fcf_margin": 0.2370472260430995,
      "incr_op_margin_yoy": 0.47560975609756095,
      "rev_growth_yoy": -0.10135970333745364,
      "rev_growth_yoy_accel": -0.09005193539251756,
      "op_leverage_ratio": 1.8308513700960507,
      "fcf_margin_change": 0.49065239759953905
    },
    {
      "date": "2025-09-30T00:00:00",
      "quarter_label": "2025-09 (Q3)",
      "revenue": 175300000,
      "gross_profit": 110000000,
      "operating_income": 28200000,
      "net_income": -40900000,
      "opex": 81800000,
      "cogs": 65300000,
      "rd": null,
      "sga": 67300000,
      "fcf": 59200000,
      "ocf": 74400000,
      "capex": -15200000,
      "gross_margin": 0.6274957216200798,
      "op_margin": 0.16086708499714775,
      "fcf_margin": 0.3377067883628066,
      "incr_op_margin_yoy": -2.380952380952381,
      "rev_growth_yoy": -0.0233983286908078,
      "rev_growth_yoy_accel": 0.07796137464664585,
      "fcf_margin_change": 0.1006595623197071
    },
    {
      "date": "2025-12-31T00:00:00",
      "quarter_label": "2025-12 (Q4)",
      "revenue": 172500000,
      "gross_profit": 109600000,
      "operating_income": 14300000,
      "net_income": 6200000,
      "opex": 95300000,
      "cogs": 62900000,
      "rd": null,
      "sga": 74800000,
      "fcf": 47900000,
      "ocf": 59800000,
      "capex": -11900000,
      "gross_margin": 0.6353623188405797,
      "op_margin": 0.08289855072463768,
      "fcf_margin": 0.27768115942028987,
      "incr_op_margin_yoy": 0.30864197530864196,
      "rev_growth_yoy": 0.1036468330134357,
      "rev_growth_yoy_accel": 0.12704516170424351,
      "fcf_margin_change": -0.06002562894251673
    }
  ],
  "signals": [
    {
      "quarter": "2025-12 (Q4)",
      "signal": "YoY REVENUE GROWTH ACCELERATION",
      "detail": "YoY growth: +10.4% vs prior quarter YoY: -2.3% (accel: +12.7%)",
      "severity": "MEDIUM"
    },
    {
      "quarter": "2025-12 (Q4)",
      "signal": "INCREMENTAL MARGIN (YoY)",
      "detail": "YoY Incr OPM: +30.9% vs year-ago OPM: +6.0%",
      "severity": "HIGH"
    },
    {
      "quarter": "2025-09 (Q3)",
      "signal": "FCF MARGIN EXPANSION",
      "detail": "FCF margin: +23.7% -> +33.8% (+10.1%)",
      "severity": "MEDIUM"
    },
    {
      "quarter": "2025-09 (Q3)",
      "signal": "YoY REVENUE GROWTH ACCELERATION",
      "detail": "YoY growth: -2.3% vs prior quarter YoY: -10.1% (accel: +7.8%)",
      "severity": "MEDIUM"
    },
    {
      "quarter": "2025-06 (Q2)",
      "signal": "FCF TURNED POSITIVE",
      "detail": "FCF margin: -25.4% -> +23.7%",
      "severity": "HIGH"
    },
    {
      "quarter": "2025-06 (Q2)",
      "signal": "OPERATING LEVERAGE",
      "detail": "Rev growth +8.5% vs OpEx growth +4.6% (leverage: 1.8x)",
      "severity": "MEDIUM"
    },
    {
      "quarter": "2025-06 (Q2)",
      "signal": "YoY REVENUE GROWTH DECELERATION",
      "detail": "YoY growth: -10.1% vs prior quarter YoY: -1.1% (decel: -9.0%)",
      "severity": "WARNING"
    },
    {
      "quarter": "2025-06 (Q2)",
      "signal": "INCREMENTAL MARGIN (YoY)",
      "detail": "YoY Incr OPM: +47.6% vs year-ago OPM: +26.6%",
      "severity": "HIGH"
    },
    {
      "quarter": "2025-03 (Q1)",
      "signal": "GROSS MARGIN INFLECTION",
      "detail": "GM: +61.7% -> +59.9% -> +63.7% (reversal +3.8%)",
      "severity": "MEDIUM"
    },
    {
      "quarter": "2025-03 (Q1)",
      "signal": "YoY REVENUE GROWTH ACCELERATION",
      "detail": "YoY growth: -1.1% vs prior quarter YoY: -11.4% (accel: +10.3%)",
      "severity": "MEDIUM"
    },
    {
      "quarter": "2024-12 (Q4)",
      "signal": "YoY REVENUE GROWTH DECELERATION",
      "detail": "YoY growth: -11.4% vs prior quarter YoY: -0.3% (decel: -11.2%)",
      "severity": "WARNING"
    },
    {
      "quarter": "2024-09 (Q3)",
      "signal": "FCF MARGIN EXPANSION",
      "detail": "FCF margin: +15.2% -> +37.5% (+22.3%)",
      "severity": "MEDIUM"
    },
    {
      "quarter": "2024-06 (Q2)",
      "signal": "FCF TURNED POSITIVE",
      "detail": "FCF margin: -19.8% -> +15.2%",
      "severity": "HIGH"
    },
    {
      "quarter": "2024-03 (Q1)",
      "signal": "GROSS MARGIN INFLECTION",
      "detail": "GM: +60.6% -> +58.1% -> +60.6% (reversal +2.5%)",
      "severity": "MEDIUM"
    },
    {
      "quarter": "2024-03 (Q1)",
      "signal": "INCREMENTAL MARGIN (YoY)",
      "detail": "YoY Incr OPM: +620.8% vs year-ago OPM: +7.5%",
      "severity": "HIGH"
    },
    {
      "quarter": "2023-12 (Q4)",
      "signal": "YoY REVENUE GROWTH ACCELERATION",
      "detail": "YoY growth: +5.2% vs prior quarter YoY: -4.6% (accel: +9.9%)",
      "severity": "MEDIUM"
    },
    {
      "quarter": "2023-09 (Q3)",
      "signal": "FCF MARGIN EXPANSION",
      "detail": "FCF margin: +2.9% -> +34.1% (+31.2%)",
      "severity": "MEDIUM"
    },
    {
      "quarter": "2023-06 (Q2)",
      "signal": "FCF TURNED POSITIVE",
      "detail": "FCF margin: -31.3% -> +2.9%",
      "severity": "HIGH"
    },
    {
      "quarter": "2023-06 (Q2)",
      "signal": "GROSS MARGIN INFLECTION",
      "detail": "GM: +54.9% -> +54.5% -> +59.4% (reversal +4.9%)",
      "severity": "MEDIUM"
    },
    {
      "quarter": "2023-06 (Q2)",
      "signal": "INCREMENTAL MARGIN (YoY)",
      "detail": "YoY Incr OPM: +42.7% vs year-ago OPM: +24.8%",
      "severity": "MEDIUM"
    },
    {
      "quarter": "2023-03 (Q1)",
      "signal": "YoY REVENUE GROWTH ACCELERATION",
      "detail": "YoY growth: -5.9% vs prior quarter YoY: -28.0% (accel: +22.1%)",
      "severity": "HIGH"
    },
    {
      "quarter": "2023-03 (Q1)",
      "signal": "INCREMENTAL MARGIN (YoY)",
      "detail": "YoY Incr OPM: +165.3% vs year-ago OPM: +16.7%",
      "severity": "HIGH"
    },
    {
      "quarter": "2022-12 (Q4)",
      "signal": "INCREMENTAL MARGIN (YoY)",
      "detail": "YoY Incr OPM: +37.3% vs year-ago OPM: +17.8%",
      "severity": "MEDIUM"
    },
    {
      "quarter": "2022-09 (Q3)",
      "signal": "FCF MARGIN EXPANSION",
      "detail": "FCF margin: +11.6% -> +36.4% (+24.8%)",
      "severity": "MEDIUM"
    },
    {
      "quarter": "2022-09 (Q3)",
      "signal": "YoY REVENUE GROWTH DECELERATION",
      "detail": "YoY growth: -23.8% vs prior quarter YoY: -0.5% (decel: -23.3%)",
      "severity": "WARNING"
    },
    {
      "quarter": "2022-09 (Q3)",
      "signal": "INCREMENTAL MARGIN (YoY)",
      "detail": "YoY Incr OPM: +64.9% vs year-ago OPM: +26.2%",
      "severity": "HIGH"
    },
    {
      "quarter": "2022-06 (Q2)",
      "signal": "FCF TURNED POSITIVE",
      "detail": "FCF margin: -29.4% -> +11.6%",
      "severity": "HIGH"
    },
    {
      "quarter": "2022-06 (Q2)",
      "signal": "OPERATING LEVERAGE",
      "detail": "Rev growth +26.2% vs OpEx growth +15.4% (leverage: 1.7x)",
      "severity": "MEDIUM"
    },
    {
      "quarter": "2022-06 (Q2)",
      "signal": "GROSS MARGIN INFLECTION",
      "detail": "GM: +60.4% -> +53.1% -> +58.0% (reversal +4.9%)",
      "severity": "MEDIUM"
    },
    {
      "quarter": "2022-06 (Q2)",
      "signal": "YoY REVENUE GROWTH ACCELERATION",
      "detail": "YoY growth: -0.5% vs prior quarter YoY: -14.0% (accel: +13.5%)",
      "severity": "MEDIUM"
    },
    {
      "quarter": "2022-03 (Q1)",
      "signal": "INCREMENTAL MARGIN (YoY)",
      "detail": "YoY Incr OPM: +45.5% vs year-ago OPM: +20.8%",
      "severity": "HIGH"
    },
    {
      "quarter": "2021-09 (Q3)",
      "signal": "FCF MARGIN EXPANSION",
      "detail": "FCF margin: +7.8% -> +40.5% (+32.7%)",
      "severity": "MEDIUM"
    },
    {
      "quarter": "2021-06 (Q2)",
      "signal": "FCF TURNED POSITIVE",
      "detail": "FCF margin: -18.9% -> +7.8%",
      "severity": "HIGH"
    },
    {
      "quarter": "2021-06 (Q2)",
      "signal": "OPERATING LEVERAGE",
      "detail": "Rev growth +9.1% vs OpEx growth +4.6% (leverage: 2.0x)",
      "severity": "MEDIUM"
    }
  ],
  "data_quality": {
    "n_quarters": 20,
    "coverage": {
      "revenue": [
        20,
        20
      ],
      "gross_profit": [
        20,
        20
      ],
      "op_income": [
        20,
        20
      ],
      "fcf": [
        20,
        20
      ]
    },
    "gaps": [],
    "warnings": []
  },
  "market_cap": null,
  "source": "SEC EDGAR",
  "last_updated": "2026-02-24T10:40:13.781097"
}