{
  "ticker": "DFLIW",
  "name": "DRAGONFLY ENERGY HOLDINGS CORP.",
  "quarters": [
    {
      "date": "2022-03-31T00:00:00",
      "quarter_label": "2022-03 (Q1)",
      "revenue": 18303000,
      "gross_profit": 5495000,
      "operating_income": -258862,
      "net_income": 1191840,
      "opex": 7057000,
      "cogs": 12808000,
      "rd": 339000,
      "sga": null,
      "fcf": -15634000,
      "ocf": -11110000,
      "capex": -4524000,
      "gross_margin": 0.3002240069933891,
      "op_margin": -0.014143145932360815,
      "fcf_margin": -0.8541769108889253
    },
    {
      "date": "2022-06-30T00:00:00",
      "quarter_label": "2022-06 (Q2)",
      "revenue": 21622000,
      "gross_profit": 7028000,
      "operating_income": -466078,
      "net_income": -570333,
      "opex": 7556000,
      "cogs": 14594000,
      "rd": 859000,
      "sga": null,
      "fcf": -9097000,
      "ocf": -8802000,
      "capex": -295000,
      "gross_margin": 0.32503931181204326,
      "op_margin": -0.021555730274720193,
      "fcf_margin": -0.4207288872444732,
      "op_leverage_ratio": 2.5645108717133773,
      "fcf_margin_change": 0.4334480236444521
    },
    {
      "date": "2022-09-30T00:00:00",
      "quarter_label": "2022-09 (Q3)",
      "revenue": 26117000,
      "gross_profit": 7038000,
      "operating_income": -1049216,
      "net_income": -1919615,
      "opex": 10447000,
      "cogs": 19079000,
      "rd": 753000,
      "sga": null,
      "fcf": -6045000,
      "ocf": -4799000,
      "capex": -1246000,
      "gross_margin": 0.26947964927059004,
      "op_margin": -0.04017367997855803,
      "fcf_margin": -0.23145843703334992,
      "op_leverage_ratio": 0.5433475218576619,
      "fcf_margin_change": 0.1892704502111233
    },
    {
      "date": "2022-12-31T00:00:00",
      "quarter_label": "2022-12 (Q4)",
      "revenue": 20209000,
      "gross_profit": 4443000,
      "operating_income": -32222844,
      "net_income": -38272892,
      "opex": 32941000,
      "cogs": 15766000,
      "rd": 813000,
      "sga": null,
      "fcf": -21782000,
      "ocf": -20985000,
      "capex": -797000,
      "gross_margin": 0.21985254094710277,
      "op_margin": -1.5944798851996635,
      "fcf_margin": -1.0778366074521253,
      "fcf_margin_change": -0.8463781704187754
    },
    {
      "date": "2023-03-31T00:00:00",
      "quarter_label": "2023-03 (Q1)",
      "revenue": 434,
      "gross_profit": 4743000,
      "operating_income": -9816000,
      "net_income": 4892000,
      "opex": 14559000,
      "cogs": 14048000,
      "rd": 880000,
      "sga": null,
      "fcf": -4427000,
      "ocf": -3838000,
      "capex": -589000,
      "gross_margin": 10928.57142857143,
      "op_margin": -22617.511520737327,
      "fcf_margin": -10200.460829493088,
      "incr_op_margin_yoy": 0.5221747595391816,
      "rev_growth_yoy": -0.999976288040212,
      "fcf_margin_change": -10199.382992885636
    },
    {
      "date": "2023-06-30T00:00:00",
      "quarter_label": "2023-06 (Q2)",
      "revenue": 19274000,
      "gross_profit": 4098000,
      "operating_income": -8391000,
      "net_income": -11700000,
      "opex": 12489000,
      "cogs": 15176000,
      "rd": 1067000,
      "sga": null,
      "fcf": -3783000,
      "ocf": -1801000,
      "capex": -1982000,
      "gross_margin": 0.21261803465808862,
      "op_margin": -0.43535332572377294,
      "fcf_margin": -0.19627477430735707,
      "incr_op_margin_yoy": 3.375179727427598,
      "rev_growth_yoy": -0.10859309962075664,
      "rev_growth_yoy_accel": 0.8913831884194554,
      "op_leverage_ratio": Infinity,
      "fcf_margin_change": 10200.26455471878
    },
    {
      "date": "2023-09-30T00:00:00",
      "quarter_label": "2023-09 (Q3)",
      "revenue": 15889000,
      "gross_profit": 4572000,
      "operating_income": -5901000,
      "net_income": -10023000,
      "opex": 10473000,
      "cogs": 11317000,
      "rd": 1385000,
      "sga": null,
      "fcf": -15024000,
      "ocf": -11088000,
      "capex": -3936000,
      "gross_margin": 0.28774623953678646,
      "op_margin": -0.3713890112656555,
      "fcf_margin": -0.9455598212599912,
      "incr_op_margin_yoy": 0.47436292530308954,
      "rev_growth_yoy": -0.3916223149672627,
      "rev_growth_yoy_accel": -0.28302921534650605,
      "fcf_margin_change": -0.7492850469526341
    },
    {
      "date": "2023-12-31T00:00:00",
      "quarter_label": "2023-12 (Q4)",
      "revenue": 10438000,
      "gross_profit": 2033000,
      "operating_income": -3321000,
      "net_income": 3014000,
      "opex": 5354000,
      "cogs": 8405000,
      "rd": 531000,
      "sga": null,
      "fcf": -1357000,
      "ocf": -979000,
      "capex": -378000,
      "gross_margin": 0.19476911285686913,
      "op_margin": -0.3181643993102127,
      "fcf_margin": -0.1300057482276298,
      "incr_op_margin_yoy": -2.957920785999386,
      "rev_growth_yoy": -0.48349745163046165,
      "rev_growth_yoy_accel": -0.09187513666319896,
      "fcf_margin_change": 0.8155540730323614
    },
    {
      "date": "2024-03-31T00:00:00",
      "quarter_label": "2024-03 (Q1)",
      "revenue": 12505000,
      "gross_profit": 3051000,
      "operating_income": -5839000,
      "net_income": -10367000,
      "opex": 8890000,
      "cogs": 9454000,
      "rd": 1333000,
      "sga": null,
      "fcf": -4212000,
      "ocf": -3395000,
      "capex": -817000,
      "gross_margin": 0.24398240703718513,
      "op_margin": -0.46693322670931625,
      "fcf_margin": -0.3368252698920432,
      "incr_op_margin_yoy": 0.31804382495162165,
      "rev_growth_yoy": 28812.36405529954,
      "rev_growth_yoy_accel": 28812.84755275117,
      "op_leverage_ratio": 0.29983981042119856,
      "fcf_margin_change": -0.2068195216644134
    },
    {
      "date": "2024-06-30T00:00:00",
      "quarter_label": "2024-06 (Q2)",
      "revenue": 13208000,
      "gross_profit": 3167000,
      "operating_income": -6749000,
      "net_income": -13627000,
      "opex": 9916000,
      "cogs": 10041000,
      "rd": 1531000,
      "sga": null,
      "fcf": -4523000,
      "ocf": -4016000,
      "capex": -507000,
      "gross_margin": 0.23977892186553604,
      "op_margin": -0.5109781950333131,
      "fcf_margin": -0.3424439733494852,
      "incr_op_margin_yoy": -0.2706890867128256,
      "rev_growth_yoy": -0.3147244993255162,
      "rev_growth_yoy_accel": -28812.678779798865,
      "op_leverage_ratio": 0.48710886015963983,
      "fcf_margin_change": -0.005618703457441976
    },
    {
      "date": "2024-09-30T00:00:00",
      "quarter_label": "2024-09 (Q3)",
      "revenue": 12720000,
      "gross_profit": 2870000,
      "operating_income": -6026000,
      "net_income": -6779000,
      "opex": 8896000,
      "cogs": 9850000,
      "rd": 1631000,
      "sga": null,
      "fcf": 2359000,
      "ocf": 2726000,
      "capex": -367000,
      "gross_margin": 0.22562893081761007,
      "op_margin": -0.47374213836477985,
      "fcf_margin": 0.1854559748427673,
      "incr_op_margin_yoy": 0.039444619753865574,
      "rev_growth_yoy": -0.1994461577191768,
      "rev_growth_yoy_accel": 0.11527834160633943,
      "fcf_margin_change": 0.5278999481922525
    },
    {
      "date": "2024-12-31T00:00:00",
      "quarter_label": "2024-12 (Q4)",
      "revenue": 12212000,
      "gross_profit": 2538000,
      "operating_income": -7145000,
      "net_income": -9842000,
      "opex": 9683000,
      "cogs": 9674000,
      "rd": 956000,
      "sga": null,
      "fcf": -3543000,
      "ocf": -2497000,
      "capex": -1046000,
      "gross_margin": 0.20782836554208975,
      "op_margin": -0.5850802489354733,
      "fcf_margin": -0.29012446773665246,
      "incr_op_margin_yoy": -2.1555806087936866,
      "rev_growth_yoy": 0.1699559302548381,
      "rev_growth_yoy_accel": 0.36940208797401486,
      "fcf_margin_change": -0.4755804425794198
    },
    {
      "date": "2025-03-31T00:00:00",
      "quarter_label": "2025-03 (Q1)",
      "revenue": 13356000,
      "gross_profit": 3928000,
      "operating_income": -5914000,
      "net_income": -6797000,
      "opex": 9842000,
      "cogs": 9428000,
      "rd": 1000000,
      "sga": null,
      "fcf": -5289000,
      "ocf": -4511000,
      "capex": -778000,
      "gross_margin": 0.29410002994908657,
      "op_margin": -0.44279724468403714,
      "fcf_margin": -0.39600179694519316,
      "rev_growth_yoy": 0.06805277888844462,
      "rev_growth_yoy_accel": -0.10190315136639348,
      "op_leverage_ratio": 5.704952546932907,
      "fcf_margin_change": -0.1058773292085407
    },
    {
      "date": "2025-06-30T00:00:00",
      "quarter_label": "2025-06 (Q2)",
      "revenue": 16248000,
      "gross_profit": 4605000,
      "operating_income": -3281000,
      "net_income": -7034000,
      "opex": 7886000,
      "cogs": 11643000,
      "rd": 692000,
      "sga": null,
      "fcf": -4197000,
      "ocf": -3354000,
      "capex": -843000,
      "gross_margin": 0.28341949778434267,
      "op_margin": -0.20193254554406695,
      "fcf_margin": -0.25830871491875923,
      "incr_op_margin_yoy": 1.1407894736842106,
      "rev_growth_yoy": 0.23016353725015143,
      "rev_growth_yoy_accel": 0.1621107583617068,
      "op_leverage_ratio": Infinity,
      "fcf_margin_change": 0.13769308202643393
    },
    {
      "date": "2025-09-30T00:00:00",
      "quarter_label": "2025-09 (Q3)",
      "revenue": 15967000,
      "gross_profit": 4736000,
      "operating_income": -3778000,
      "net_income": -11070000,
      "opex": 8514000,
      "cogs": 11231000,
      "rd": 585000,
      "sga": null,
      "fcf": -3567000,
      "ocf": -3380000,
      "capex": -187000,
      "gross_margin": 0.2966117617586272,
      "op_margin": -0.23661301434208054,
      "fcf_margin": -0.2233982589089998,
      "incr_op_margin_yoy": 0.692331382814906,
      "rev_growth_yoy": 0.2552672955974843,
      "rev_growth_yoy_accel": 0.02510375834733286,
      "fcf_margin_change": 0.03491045600975942
    }
  ],
  "signals": [
    {
      "quarter": "2025-06 (Q2)",
      "signal": "FCF MARGIN EXPANSION",
      "detail": "FCF margin: -39.6% -> -25.8% (+13.8%)",
      "severity": "MEDIUM"
    },
    {
      "quarter": "2025-06 (Q2)",
      "signal": "YoY REVENUE GROWTH ACCELERATION",
      "detail": "YoY growth: +23.0% vs prior quarter YoY: +6.8% (accel: +16.2%)",
      "severity": "HIGH"
    },
    {
      "quarter": "2025-03 (Q1)",
      "signal": "OPERATING LEVERAGE",
      "detail": "Rev growth +9.4% vs OpEx growth +1.6% (leverage: 5.7x)",
      "severity": "MEDIUM"
    },
    {
      "quarter": "2025-03 (Q1)",
      "signal": "GROSS MARGIN INFLECTION",
      "detail": "GM: +22.6% -> +20.8% -> +29.4% (reversal +8.6%)",
      "severity": "HIGH"
    },
    {
      "quarter": "2025-03 (Q1)",
      "signal": "YoY REVENUE GROWTH DECELERATION",
      "detail": "YoY growth: +6.8% vs prior quarter YoY: +17.0% (decel: -10.2%)",
      "severity": "WARNING"
    },
    {
      "quarter": "2024-12 (Q4)",
      "signal": "YoY REVENUE GROWTH ACCELERATION",
      "detail": "YoY growth: +17.0% vs prior quarter YoY: -19.9% (accel: +36.9%)",
      "severity": "HIGH"
    },
    {
      "quarter": "2024-09 (Q3)",
      "signal": "FCF TURNED POSITIVE",
      "detail": "FCF margin: -34.2% -> +18.5%",
      "severity": "HIGH"
    },
    {
      "quarter": "2024-09 (Q3)",
      "signal": "YoY REVENUE GROWTH ACCELERATION",
      "detail": "YoY growth: -19.9% vs prior quarter YoY: -31.5% (accel: +11.5%)",
      "severity": "MEDIUM"
    },
    {
      "quarter": "2024-06 (Q2)",
      "signal": "YoY REVENUE GROWTH DECELERATION",
      "detail": "YoY growth: -31.5% vs prior quarter YoY: +2881236.4% (decel: -2881267.9%)",
      "severity": "WARNING"
    },
    {
      "quarter": "2024-03 (Q1)",
      "signal": "GROSS MARGIN INFLECTION",
      "detail": "GM: +28.8% -> +19.5% -> +24.4% (reversal +4.9%)",
      "severity": "MEDIUM"
    },
    {
      "quarter": "2024-03 (Q1)",
      "signal": "YoY REVENUE GROWTH ACCELERATION",
      "detail": "YoY growth: +2881236.4% vs prior quarter YoY: -48.3% (accel: +2881284.8%)",
      "severity": "HIGH"
    },
    {
      "quarter": "2023-12 (Q4)",
      "signal": "FCF MARGIN EXPANSION",
      "detail": "FCF margin: -94.6% -> -13.0% (+81.6%)",
      "severity": "MEDIUM"
    },
    {
      "quarter": "2023-12 (Q4)",
      "signal": "YoY REVENUE GROWTH DECELERATION",
      "detail": "YoY growth: -48.3% vs prior quarter YoY: -39.2% (decel: -9.2%)",
      "severity": "WARNING"
    },
    {
      "quarter": "2023-09 (Q3)",
      "signal": "GROSS MARGIN INFLECTION",
      "detail": "GM: +1092857.1% -> +21.3% -> +28.8% (reversal +7.5%)",
      "severity": "HIGH"
    },
    {
      "quarter": "2023-09 (Q3)",
      "signal": "YoY REVENUE GROWTH DECELERATION",
      "detail": "YoY growth: -39.2% vs prior quarter YoY: -10.9% (decel: -28.3%)",
      "severity": "WARNING"
    },
    {
      "quarter": "2023-06 (Q2)",
      "signal": "FCF MARGIN EXPANSION",
      "detail": "FCF margin: -1020046.1% -> -19.6% (+1020026.5%)",
      "severity": "MEDIUM"
    },
    {
      "quarter": "2023-06 (Q2)",
      "signal": "YoY REVENUE GROWTH ACCELERATION",
      "detail": "YoY growth: -10.9% vs prior quarter YoY: -100.0% (accel: +89.1%)",
      "severity": "HIGH"
    },
    {
      "quarter": "2023-03 (Q1)",
      "signal": "GROSS MARGIN INFLECTION",
      "detail": "GM: +26.9% -> +22.0% -> +1092857.1% (reversal +1092835.2%)",
      "severity": "HIGH"
    },
    {
      "quarter": "2022-09 (Q3)",
      "signal": "FCF MARGIN EXPANSION",
      "detail": "FCF margin: -42.1% -> -23.1% (+18.9%)",
      "severity": "MEDIUM"
    },
    {
      "quarter": "2022-06 (Q2)",
      "signal": "FCF MARGIN EXPANSION",
      "detail": "FCF margin: -85.4% -> -42.1% (+43.3%)",
      "severity": "MEDIUM"
    },
    {
      "quarter": "2022-06 (Q2)",
      "signal": "OPERATING LEVERAGE",
      "detail": "Rev growth +18.1% vs OpEx growth +7.1% (leverage: 2.6x)",
      "severity": "MEDIUM"
    }
  ],
  "data_quality": {
    "n_quarters": 15,
    "coverage": {
      "revenue": [
        15,
        15
      ],
      "gross_profit": [
        15,
        15
      ],
      "op_income": [
        15,
        15
      ],
      "fcf": [
        15,
        15
      ]
    },
    "gaps": [],
    "warnings": []
  },
  "market_cap": null,
  "source": "SEC EDGAR",
  "last_updated": "2026-02-03T01:17:48.904772"
}