{
  "ticker": "DGX",
  "name": "Quest Diagnostics Incorporated",
  "quarters": [
    {
      "date": "2020-12-31T00:00:00",
      "quarter_label": "2020-12 (Q4)",
      "revenue": 3002000000,
      "gross_profit": 1269000000,
      "operating_income": 795000000,
      "net_income": 579000000,
      "opex": 2207000000,
      "cogs": 1733000000,
      "rd": null,
      "sga": 447000000,
      "fcf": 379000000,
      "ocf": 541000000,
      "capex": -162000000,
      "gross_margin": 0.4227181878747502,
      "op_margin": 0.26482345103264493,
      "fcf_margin": 0.1262491672218521
    },
    {
      "date": "2021-03-31T00:00:00",
      "quarter_label": "2021-03 (Q1)",
      "revenue": 2720000000,
      "gross_profit": 1094000000,
      "operating_income": 660000000,
      "net_income": 469000000,
      "opex": 2060000000,
      "cogs": 1626000000,
      "rd": null,
      "sga": 407000000,
      "fcf": 645000000,
      "ocf": 731000000,
      "capex": -86000000,
      "gross_margin": 0.4022058823529412,
      "op_margin": 0.2426470588235294,
      "fcf_margin": 0.23713235294117646,
      "fcf_margin_change": 0.11088318571932437
    },
    {
      "date": "2021-06-30T00:00:00",
      "quarter_label": "2021-06 (Q2)",
      "revenue": 2550000000,
      "gross_profit": 985000000,
      "operating_income": 533000000,
      "net_income": 631000000,
      "opex": 2017000000,
      "cogs": 1565000000,
      "rd": null,
      "sga": 429000000,
      "fcf": 376000000,
      "ocf": 460000000,
      "capex": -84000000,
      "gross_margin": 0.3862745098039216,
      "op_margin": 0.20901960784313725,
      "fcf_margin": 0.14745098039215687,
      "fcf_margin_change": -0.08968137254901959
    },
    {
      "date": "2021-09-30T00:00:00",
      "quarter_label": "2021-09 (Q3)",
      "revenue": 2774000000,
      "gross_profit": 1104000000,
      "operating_income": 652000000,
      "net_income": 505000000,
      "opex": 2122000000,
      "cogs": 1670000000,
      "rd": null,
      "sga": 427000000,
      "fcf": 472000000,
      "ocf": 561000000,
      "capex": -89000000,
      "gross_margin": 0.3979812545061283,
      "op_margin": 0.2350396539293439,
      "fcf_margin": 0.17015140591204037,
      "op_leverage_ratio": 1.6874248366013074,
      "fcf_margin_change": 0.022700425519883494
    },
    {
      "date": "2021-12-31T00:00:00",
      "quarter_label": "2021-12 (Q4)",
      "revenue": 2744000000,
      "gross_profit": 1026000000,
      "operating_income": 536000000,
      "net_income": 390000000,
      "opex": 2208000000,
      "cogs": 1718000000,
      "rd": null,
      "sga": 464000000,
      "fcf": 337000000,
      "ocf": 481000000,
      "capex": -144000000,
      "gross_margin": 0.3739067055393586,
      "op_margin": 0.19533527696793002,
      "fcf_margin": 0.1228134110787172,
      "incr_op_margin_yoy": 1.003875968992248,
      "rev_growth_yoy": -0.08594270486342438,
      "fcf_margin_change": -0.04733799483332317
    },
    {
      "date": "2022-03-31T00:00:00",
      "quarter_label": "2022-03 (Q1)",
      "revenue": 2611000000,
      "gross_profit": 965000000,
      "operating_income": 513000000,
      "net_income": 355000000,
      "opex": 2098000000,
      "cogs": 1646000000,
      "rd": null,
      "sga": 425000000,
      "fcf": 417000000,
      "ocf": 480000000,
      "capex": -63000000,
      "gross_margin": 0.36959019532746074,
      "op_margin": 0.19647644580620452,
      "fcf_margin": 0.15970892378399082,
      "incr_op_margin_yoy": 1.348623853211009,
      "rev_growth_yoy": -0.04007352941176471,
      "rev_growth_yoy_accel": 0.04586917545165967,
      "fcf_margin_change": 0.03689551270527362
    },
    {
      "date": "2022-06-30T00:00:00",
      "quarter_label": "2022-06 (Q2)",
      "revenue": 2453000000,
      "gross_profit": 842000000,
      "operating_income": 388000000,
      "net_income": 234000000,
      "opex": 2065000000,
      "cogs": 1611000000,
      "rd": null,
      "sga": 422000000,
      "fcf": 326000000,
      "ocf": 402000000,
      "capex": -76000000,
      "gross_margin": 0.3432531593966572,
      "op_margin": 0.1581736649001223,
      "fcf_margin": 0.13289849164288625,
      "incr_op_margin_yoy": 1.4948453608247423,
      "rev_growth_yoy": -0.03803921568627451,
      "rev_growth_yoy_accel": 0.0020343137254901986,
      "fcf_margin_change": -0.026810432141104568
    },
    {
      "date": "2022-09-30T00:00:00",
      "quarter_label": "2022-09 (Q3)",
      "revenue": 2486000000,
      "gross_profit": 868000000,
      "operating_income": 392000000,
      "net_income": 256000000,
      "opex": 2094000000,
      "cogs": 1618000000,
      "rd": null,
      "sga": 464000000,
      "fcf": 384000000,
      "ocf": 502000000,
      "capex": -118000000,
      "gross_margin": 0.3491552695092518,
      "op_margin": 0.1576830249396621,
      "fcf_margin": 0.15446500402252614,
      "incr_op_margin_yoy": 0.9027777777777778,
      "rev_growth_yoy": -0.10382119682768565,
      "rev_growth_yoy_accel": -0.06578198114141114,
      "op_leverage_ratio": 0.9579403123550333,
      "fcf_margin_change": 0.021566512379639885
    },
    {
      "date": "2022-12-31T00:00:00",
      "quarter_label": "2022-12 (Q4)",
      "revenue": 2333000000,
      "gross_profit": 758000000,
      "operating_income": 135000000,
      "net_income": 101000000,
      "opex": 2198000000,
      "cogs": 1575000000,
      "rd": null,
      "sga": 563000000,
      "fcf": 187000000,
      "ocf": 334000000,
      "capex": -147000000,
      "gross_margin": 0.324903557651093,
      "op_margin": 0.05786540934419203,
      "fcf_margin": 0.08015430775825118,
      "incr_op_margin_yoy": 0.975669099756691,
      "rev_growth_yoy": -0.14978134110787172,
      "rev_growth_yoy_accel": -0.04596014428018608,
      "fcf_margin_change": -0.07431069626427496
    },
    {
      "date": "2023-03-31T00:00:00",
      "quarter_label": "2023-03 (Q1)",
      "revenue": 2331000000,
      "gross_profit": 771000000,
      "operating_income": 305000000,
      "net_income": 202000000,
      "opex": 2026000000,
      "cogs": 1560000000,
      "rd": null,
      "sga": 439000000,
      "fcf": -33000000,
      "ocf": 94000000,
      "capex": -127000000,
      "gross_margin": 0.3307593307593308,
      "op_margin": 0.13084513084513086,
      "fcf_margin": -0.014157014157014158,
      "incr_op_margin_yoy": 0.7428571428571429,
      "rev_growth_yoy": -0.10723860589812333,
      "rev_growth_yoy_accel": 0.0425427352097484,
      "fcf_margin_change": -0.09431132191526534
    },
    {
      "date": "2023-06-30T00:00:00",
      "quarter_label": "2023-06 (Q2)",
      "revenue": 2338000000,
      "gross_profit": 792000000,
      "operating_income": 348000000,
      "net_income": 235000000,
      "opex": 1990000000,
      "cogs": 1546000000,
      "rd": null,
      "sga": 416000000,
      "fcf": 340000000,
      "ocf": 444000000,
      "capex": -104000000,
      "gross_margin": 0.33875106928999144,
      "op_margin": 0.14884516680923868,
      "fcf_margin": 0.1454234388366125,
      "incr_op_margin_yoy": 0.34782608695652173,
      "rev_growth_yoy": -0.04688136975132491,
      "rev_growth_yoy_accel": 0.060357236146798415,
      "fcf_margin_change": 0.15958045299362664
    },
    {
      "date": "2023-09-30T00:00:00",
      "quarter_label": "2023-09 (Q3)",
      "revenue": 2295000000,
      "gross_profit": 754000000,
      "operating_income": 342000000,
      "net_income": 225000000,
      "opex": 1953000000,
      "cogs": 1541000000,
      "rd": null,
      "sga": 380000000,
      "fcf": 102000000,
      "ocf": 207000000,
      "capex": -105000000,
      "gross_margin": 0.32854030501089326,
      "op_margin": 0.14901960784313725,
      "fcf_margin": 0.044444444444444446,
      "incr_op_margin_yoy": 0.2617801047120419,
      "rev_growth_yoy": -0.07683024939662107,
      "rev_growth_yoy_accel": -0.02994887964529616,
      "fcf_margin_change": -0.10097899439216804
    },
    {
      "date": "2023-12-31T00:00:00",
      "quarter_label": "2023-12 (Q4)",
      "revenue": 2288000000,
      "gross_profit": 736000000,
      "operating_income": 267000000,
      "net_income": 192000000,
      "opex": 2021000000,
      "cogs": 1552000000,
      "rd": null,
      "sga": 407000000,
      "fcf": 455000000,
      "ocf": 527000000,
      "capex": -72000000,
      "gross_margin": 0.32167832167832167,
      "op_margin": 0.11669580419580419,
      "fcf_margin": 0.19886363636363635,
      "incr_op_margin_yoy": -2.933333333333333,
      "rev_growth_yoy": -0.01928846978139734,
      "rev_growth_yoy_accel": 0.057541779615223734,
      "fcf_margin_change": 0.1544191919191919
    },
    {
      "date": "2024-03-31T00:00:00",
      "quarter_label": "2024-03 (Q1)",
      "revenue": 2366000000,
      "gross_profit": 771000000,
      "operating_income": 300000000,
      "net_income": 194000000,
      "opex": 2066000000,
      "cogs": 1595000000,
      "rd": null,
      "sga": 440000000,
      "fcf": 50000000,
      "ocf": 154000000,
      "capex": -104000000,
      "gross_margin": 0.3258664412510566,
      "op_margin": 0.12679628064243448,
      "fcf_margin": 0.021132713440405747,
      "incr_op_margin_yoy": -0.14285714285714285,
      "rev_growth_yoy": 0.015015015015015015,
      "rev_growth_yoy_accel": 0.034303484796412355,
      "op_leverage_ratio": 1.5310606060606058,
      "fcf_margin_change": -0.17773092292323062
    },
    {
      "date": "2024-06-30T00:00:00",
      "quarter_label": "2024-06 (Q2)",
      "revenue": 2397000000,
      "gross_profit": 804000000,
      "operating_income": 355000000,
      "net_income": 229000000,
      "opex": 2042000000,
      "cogs": 1593000000,
      "rd": null,
      "sga": 416000000,
      "fcf": 268000000,
      "ocf": 360000000,
      "capex": -92000000,
      "gross_margin": 0.3354192740926158,
      "op_margin": 0.14810179390905298,
      "fcf_margin": 0.11180642469753858,
      "incr_op_margin_yoy": 0.11864406779661017,
      "rev_growth_yoy": 0.02523524379811805,
      "rev_growth_yoy_accel": 0.010220228783103033,
      "op_leverage_ratio": Infinity,
      "fcf_margin_change": 0.09067371125713283
    },
    {
      "date": "2024-09-30T00:00:00",
      "quarter_label": "2024-09 (Q3)",
      "revenue": 2488000000,
      "gross_profit": 811000000,
      "operating_income": 330000000,
      "net_income": 226000000,
      "opex": 2158000000,
      "cogs": 1677000000,
      "rd": null,
      "sga": 448000000,
      "fcf": 250000000,
      "ocf": 356000000,
      "capex": -106000000,
      "gross_margin": 0.3259646302250804,
      "op_margin": 0.13263665594855306,
      "fcf_margin": 0.10048231511254019,
      "incr_op_margin_yoy": -0.06217616580310881,
      "rev_growth_yoy": 0.0840958605664488,
      "rev_growth_yoy_accel": 0.05886061676833075,
      "op_leverage_ratio": 0.6682994547782429,
      "fcf_margin_change": -0.011324109584998396
    },
    {
      "date": "2024-12-31T00:00:00",
      "quarter_label": "2024-12 (Q4)",
      "revenue": 2621000000,
      "gross_profit": 858000000,
      "operating_income": 361000000,
      "net_income": 222000000,
      "opex": 2260000000,
      "cogs": 1763000000,
      "rd": null,
      "sga": 466000000,
      "fcf": 341000000,
      "ocf": 464000000,
      "capex": -123000000,
      "gross_margin": 0.3273559710034338,
      "op_margin": 0.13773368943151468,
      "fcf_margin": 0.13010301411674932,
      "incr_op_margin_yoy": 0.2822822822822823,
      "rev_growth_yoy": 0.14554195804195805,
      "rev_growth_yoy_accel": 0.06144609747550925,
      "op_leverage_ratio": 1.1309737721455142,
      "fcf_margin_change": 0.029620699004209133
    },
    {
      "date": "2025-03-31T00:00:00",
      "quarter_label": "2025-03 (Q1)",
      "revenue": 2652000000,
      "gross_profit": 863000000,
      "operating_income": 346000000,
      "net_income": 220000000,
      "opex": 2306000000,
      "cogs": 1789000000,
      "rd": null,
      "sga": 476000000,
      "fcf": 197000000,
      "ocf": 314000000,
      "capex": -117000000,
      "gross_margin": 0.32541478129713425,
      "op_margin": 0.13046757164404224,
      "fcf_margin": 0.07428355957767722,
      "incr_op_margin_yoy": 0.16083916083916083,
      "rev_growth_yoy": 0.12087912087912088,
      "rev_growth_yoy_accel": -0.024662837162837167,
      "op_leverage_ratio": 0.5810925136439793,
      "fcf_margin_change": -0.0558194545390721
    },
    {
      "date": "2025-06-30T00:00:00",
      "quarter_label": "2025-06 (Q2)",
      "revenue": 2761000000,
      "gross_profit": 943000000,
      "operating_income": 438000000,
      "net_income": 282000000,
      "opex": 2323000000,
      "cogs": 1818000000,
      "rd": null,
      "sga": 486000000,
      "fcf": 436000000,
      "ocf": 544000000,
      "capex": -108000000,
      "gross_margin": 0.34154291923216223,
      "op_margin": 0.15863817457442955,
      "fcf_margin": 0.1579137993480623,
      "incr_op_margin_yoy": 0.22802197802197802,
      "rev_growth_yoy": 0.15185648727576137,
      "rev_growth_yoy_accel": 0.03097736639664049,
      "op_leverage_ratio": 5.575237334752905,
      "fcf_margin_change": 0.08363023977038507
    },
    {
      "date": "2025-09-30T00:00:00",
      "quarter_label": "2025-09 (Q3)",
      "revenue": 2816000000,
      "gross_profit": 949000000,
      "operating_income": 386000000,
      "net_income": 245000000,
      "opex": 2430000000,
      "cogs": 1867000000,
      "rd": null,
      "sga": 501000000,
      "fcf": 419000000,
      "ocf": 563000000,
      "capex": -144000000,
      "gross_margin": 0.3370028409090909,
      "op_margin": 0.13707386363636365,
      "fcf_margin": 0.14879261363636365,
      "incr_op_margin_yoy": 0.17073170731707318,
      "rev_growth_yoy": 0.13183279742765272,
      "rev_growth_yoy_accel": -0.02002368984810865,
      "op_leverage_ratio": 0.43247570465800345,
      "fcf_margin_change": -0.009121185711698648
    }
  ],
  "signals": [
    {
      "quarter": "2025-06 (Q2)",
      "signal": "FCF MARGIN EXPANSION",
      "detail": "FCF margin: +7.4% -> +15.8% (+8.4%)",
      "severity": "MEDIUM"
    },
    {
      "quarter": "2025-06 (Q2)",
      "signal": "OPERATING LEVERAGE",
      "detail": "Rev growth +4.1% vs OpEx growth +0.7% (leverage: 5.6x)",
      "severity": "MEDIUM"
    },
    {
      "quarter": "2024-12 (Q4)",
      "signal": "YoY REVENUE GROWTH ACCELERATION",
      "detail": "YoY growth: +14.6% vs prior quarter YoY: +8.4% (accel: +6.1%)",
      "severity": "MEDIUM"
    },
    {
      "quarter": "2024-12 (Q4)",
      "signal": "INCREMENTAL MARGIN (YoY)",
      "detail": "YoY Incr OPM: +28.2% vs year-ago OPM: +11.7%",
      "severity": "MEDIUM"
    },
    {
      "quarter": "2024-09 (Q3)",
      "signal": "YoY REVENUE GROWTH ACCELERATION",
      "detail": "YoY growth: +8.4% vs prior quarter YoY: +2.5% (accel: +5.9%)",
      "severity": "MEDIUM"
    },
    {
      "quarter": "2024-06 (Q2)",
      "signal": "FCF MARGIN EXPANSION",
      "detail": "FCF margin: +2.1% -> +11.2% (+9.1%)",
      "severity": "MEDIUM"
    },
    {
      "quarter": "2024-03 (Q1)",
      "signal": "OPERATING LEVERAGE",
      "detail": "Rev growth +3.4% vs OpEx growth +2.2% (leverage: 1.5x)",
      "severity": "MEDIUM"
    },
    {
      "quarter": "2023-12 (Q4)",
      "signal": "FCF MARGIN EXPANSION",
      "detail": "FCF margin: +4.4% -> +19.9% (+15.4%)",
      "severity": "MEDIUM"
    },
    {
      "quarter": "2023-12 (Q4)",
      "signal": "YoY REVENUE GROWTH ACCELERATION",
      "detail": "YoY growth: -1.9% vs prior quarter YoY: -7.7% (accel: +5.8%)",
      "severity": "MEDIUM"
    },
    {
      "quarter": "2023-09 (Q3)",
      "signal": "INCREMENTAL MARGIN (YoY)",
      "detail": "YoY Incr OPM: +26.2% vs year-ago OPM: +15.8%",
      "severity": "MEDIUM"
    },
    {
      "quarter": "2023-06 (Q2)",
      "signal": "FCF TURNED POSITIVE",
      "detail": "FCF margin: -1.4% -> +14.5%",
      "severity": "HIGH"
    },
    {
      "quarter": "2023-06 (Q2)",
      "signal": "YoY REVENUE GROWTH ACCELERATION",
      "detail": "YoY growth: -4.7% vs prior quarter YoY: -10.7% (accel: +6.0%)",
      "severity": "MEDIUM"
    },
    {
      "quarter": "2023-06 (Q2)",
      "signal": "INCREMENTAL MARGIN (YoY)",
      "detail": "YoY Incr OPM: +34.8% vs year-ago OPM: +15.8%",
      "severity": "MEDIUM"
    },
    {
      "quarter": "2023-03 (Q1)",
      "signal": "INCREMENTAL MARGIN (YoY)",
      "detail": "YoY Incr OPM: +74.3% vs year-ago OPM: +19.6%",
      "severity": "HIGH"
    },
    {
      "quarter": "2022-12 (Q4)",
      "signal": "INCREMENTAL MARGIN (YoY)",
      "detail": "YoY Incr OPM: +97.6% vs year-ago OPM: +19.5%",
      "severity": "HIGH"
    },
    {
      "quarter": "2022-09 (Q3)",
      "signal": "YoY REVENUE GROWTH DECELERATION",
      "detail": "YoY growth: -10.4% vs prior quarter YoY: -3.8% (decel: -6.6%)",
      "severity": "WARNING"
    },
    {
      "quarter": "2022-09 (Q3)",
      "signal": "INCREMENTAL MARGIN (YoY)",
      "detail": "YoY Incr OPM: +90.3% vs year-ago OPM: +23.5%",
      "severity": "HIGH"
    },
    {
      "quarter": "2022-06 (Q2)",
      "signal": "INCREMENTAL MARGIN (YoY)",
      "detail": "YoY Incr OPM: +149.5% vs year-ago OPM: +20.9%",
      "severity": "HIGH"
    },
    {
      "quarter": "2022-03 (Q1)",
      "signal": "INCREMENTAL MARGIN (YoY)",
      "detail": "YoY Incr OPM: +134.9% vs year-ago OPM: +24.3%",
      "severity": "HIGH"
    },
    {
      "quarter": "2021-12 (Q4)",
      "signal": "INCREMENTAL MARGIN (YoY)",
      "detail": "YoY Incr OPM: +100.4% vs year-ago OPM: +26.5%",
      "severity": "HIGH"
    },
    {
      "quarter": "2021-09 (Q3)",
      "signal": "OPERATING LEVERAGE",
      "detail": "Rev growth +8.8% vs OpEx growth +5.2% (leverage: 1.7x)",
      "severity": "MEDIUM"
    },
    {
      "quarter": "2021-03 (Q1)",
      "signal": "FCF MARGIN EXPANSION",
      "detail": "FCF margin: +12.6% -> +23.7% (+11.1%)",
      "severity": "MEDIUM"
    }
  ],
  "data_quality": {
    "n_quarters": 20,
    "coverage": {
      "revenue": [
        20,
        20
      ],
      "gross_profit": [
        20,
        20
      ],
      "op_income": [
        20,
        20
      ],
      "fcf": [
        20,
        20
      ]
    },
    "gaps": [],
    "warnings": []
  },
  "market_cap": null,
  "source": "SEC EDGAR",
  "last_updated": "2026-02-02T20:18:06.775520"
}