{
  "ticker": "DH",
  "name": "Definitive Healthcare Corp.",
  "quarters": [
    {
      "date": "2020-12-31T00:00:00",
      "quarter_label": "2020-12 (Q4)",
      "revenue": 33658000,
      "gross_profit": 25344000,
      "operating_income": -7452000,
      "net_income": 0,
      "opex": 32796000,
      "cogs": 3209000,
      "rd": 3496000,
      "sga": null,
      "fcf": 8673000,
      "ocf": 8673000,
      "capex": null,
      "gross_margin": 0.7529859171667954,
      "op_margin": -0.2214035296214867,
      "fcf_margin": 0.25768019490165783
    },
    {
      "date": "2021-03-31T00:00:00",
      "quarter_label": "2021-03 (Q1)",
      "revenue": 36936000,
      "gross_profit": 27499000,
      "operating_income": -2158000,
      "net_income": 0,
      "opex": 29657000,
      "cogs": 4196000,
      "rd": 3794000,
      "sga": null,
      "fcf": 13527000,
      "ocf": 13527000,
      "capex": null,
      "gross_margin": 0.7445040069309076,
      "op_margin": -0.05842538444877626,
      "fcf_margin": 0.36622807017543857,
      "op_leverage_ratio": Infinity,
      "fcf_margin_change": 0.10854787527378074
    },
    {
      "date": "2021-06-30T00:00:00",
      "quarter_label": "2021-06 (Q2)",
      "revenue": 39821000,
      "gross_profit": 29952000,
      "operating_income": -6623000,
      "net_income": 0,
      "opex": 36575000,
      "cogs": 4570000,
      "rd": 4277000,
      "sga": null,
      "fcf": 8414000,
      "ocf": 8414000,
      "capex": null,
      "gross_margin": 0.7521659425931041,
      "op_margin": -0.16631927877250696,
      "fcf_margin": 0.21129554757539992,
      "op_leverage_ratio": 0.33484407258317256,
      "fcf_margin_change": -0.15493252260003865
    },
    {
      "date": "2021-09-30T00:00:00",
      "quarter_label": "2021-09 (Q3)",
      "revenue": 43084000,
      "gross_profit": 32599000,
      "operating_income": -4026000,
      "net_income": -7978000,
      "opex": 36625000,
      "cogs": 5129000,
      "rd": 4746000,
      "sga": null,
      "fcf": -948000,
      "ocf": -948000,
      "capex": null,
      "gross_margin": 0.7566381951536534,
      "op_margin": -0.09344536254758147,
      "fcf_margin": -0.022003527991829915,
      "op_leverage_ratio": 59.940345546319776,
      "fcf_margin_change": -0.23329907556722984
    },
    {
      "date": "2021-12-31T00:00:00",
      "quarter_label": "2021-12 (Q4)",
      "revenue": 46313000,
      "gross_profit": 35415000,
      "operating_income": -13097000,
      "net_income": -9862000,
      "opex": 48512000,
      "cogs": 5526000,
      "rd": 5748000,
      "sga": null,
      "fcf": 4219000,
      "ocf": 4219000,
      "capex": null,
      "gross_margin": 0.7646881005333276,
      "op_margin": -0.28279316822490447,
      "fcf_margin": 0.09109753201045064,
      "incr_op_margin_yoy": -0.4460687475306203,
      "rev_growth_yoy": 0.37598787806762135,
      "op_leverage_ratio": 0.23091779320411268,
      "fcf_margin_change": 0.11310106000228055
    },
    {
      "date": "2022-03-31T00:00:00",
      "quarter_label": "2022-03 (Q1)",
      "revenue": 50124000,
      "gross_profit": 38796000,
      "operating_income": -10985000,
      "net_income": -8624000,
      "opex": 49781000,
      "cogs": 5950000,
      "rd": 6850000,
      "sga": null,
      "fcf": 12839000,
      "ocf": 13633000,
      "capex": -794000,
      "gross_margin": 0.7740004788125449,
      "op_margin": -0.2191564919000878,
      "fcf_margin": 0.25614476099273803,
      "incr_op_margin_yoy": -0.6693205944798302,
      "rev_growth_yoy": 0.357050032488629,
      "rev_growth_yoy_accel": -0.018937845578992363,
      "op_leverage_ratio": 3.1457455596829176,
      "fcf_margin_change": 0.1650472289822874
    },
    {
      "date": "2022-06-30T00:00:00",
      "quarter_label": "2022-06 (Q2)",
      "revenue": 54548000,
      "gross_profit": 42770000,
      "operating_income": -11214000,
      "net_income": -5150000,
      "opex": 53984000,
      "cogs": 6198000,
      "rd": 8706000,
      "sga": null,
      "fcf": 14698000,
      "ocf": 15481000,
      "capex": -783000,
      "gross_margin": 0.7840800762631077,
      "op_margin": -0.20558040624770843,
      "fcf_margin": 0.26945075896458165,
      "incr_op_margin_yoy": -0.31174034087050995,
      "rev_growth_yoy": 0.36982998920167753,
      "rev_growth_yoy_accel": 0.012779956713048546,
      "op_leverage_ratio": 1.0453786434529353,
      "fcf_margin_change": 0.01330599797184362
    },
    {
      "date": "2022-09-30T00:00:00",
      "quarter_label": "2022-09 (Q3)",
      "revenue": 57382000,
      "gross_profit": 47658000,
      "operating_income": -9431000,
      "net_income": -2689000,
      "opex": 57089000,
      "cogs": 6569000,
      "rd": 9205000,
      "sga": null,
      "fcf": 8807000,
      "ocf": 10685000,
      "capex": -1878000,
      "gross_margin": 0.8305391934753058,
      "op_margin": -0.1643546756822697,
      "fcf_margin": 0.15348018542400055,
      "incr_op_margin_yoy": -0.378024898587215,
      "rev_growth_yoy": 0.331863336737536,
      "rev_growth_yoy_accel": -0.03796665246414155,
      "op_leverage_ratio": 0.9032843180147031,
      "fcf_margin_change": -0.1159705735405811
    },
    {
      "date": "2022-12-31T00:00:00",
      "quarter_label": "2022-12 (Q4)",
      "revenue": 60599000,
      "gross_profit": 50804000,
      "operating_income": -10537000,
      "net_income": 9865000,
      "opex": 61341000,
      "cogs": 7149000,
      "rd": 10129000,
      "sga": null,
      "fcf": -9091000,
      "ocf": -4220000,
      "capex": -4871000,
      "gross_margin": 0.8383636693674813,
      "op_margin": -0.1738807571082031,
      "fcf_margin": -0.15001897721084506,
      "incr_op_margin_yoy": 0.17919641607167858,
      "rev_growth_yoy": 0.3084663053570272,
      "rev_growth_yoy_accel": -0.023397031380508804,
      "op_leverage_ratio": 0.7527219137064725,
      "fcf_margin_change": -0.3034991626348456
    },
    {
      "date": "2023-03-31T00:00:00",
      "quarter_label": "2023-03 (Q1)",
      "revenue": 59201000,
      "gross_profit": 47295000,
      "operating_income": -11832000,
      "net_income": -11817000,
      "opex": 59127000,
      "cogs": 8552000,
      "rd": 9884000,
      "sga": null,
      "fcf": 13619000,
      "ocf": 14957000,
      "capex": -1338000,
      "gross_margin": 0.7988885322883059,
      "op_margin": -0.19986148882620225,
      "fcf_margin": 0.23004678975017315,
      "incr_op_margin_yoy": -0.09331276853585986,
      "rev_growth_yoy": 0.18109089458143804,
      "rev_growth_yoy_accel": -0.12737541077558914,
      "fcf_margin_change": 0.38006576696101824
    },
    {
      "date": "2023-06-30T00:00:00",
      "quarter_label": "2023-06 (Q2)",
      "revenue": 60957000,
      "gross_profit": 49789000,
      "operating_income": -12071000,
      "net_income": -8566000,
      "opex": 61860000,
      "cogs": 8078000,
      "rd": 10229000,
      "sga": null,
      "fcf": 11297000,
      "ocf": 12037000,
      "capex": -740000,
      "gross_margin": 0.8167888839673868,
      "op_margin": -0.19802483718030742,
      "fcf_margin": 0.1853273619108552,
      "incr_op_margin_yoy": -0.1337182087689187,
      "rev_growth_yoy": 0.1174928503336511,
      "rev_growth_yoy_accel": -0.06359804424778694,
      "op_leverage_ratio": 0.6417142470095413,
      "fcf_margin_change": -0.044719427839317955
    },
    {
      "date": "2023-09-30T00:00:00",
      "quarter_label": "2023-09 (Q3)",
      "revenue": 65325000,
      "gross_profit": 53430000,
      "operating_income": -295378000,
      "net_income": -171526000,
      "opex": 348808000,
      "cogs": 8663000,
      "rd": 10759000,
      "sga": null,
      "fcf": 9182000,
      "ocf": 9487000,
      "capex": -305000,
      "gross_margin": 0.817910447761194,
      "op_margin": -4.521668580176043,
      "fcf_margin": 0.1405587447378492,
      "incr_op_margin_yoy": -35.99987410298376,
      "rev_growth_yoy": 0.13842319891255098,
      "rev_growth_yoy_accel": 0.020930348578899874,
      "op_leverage_ratio": 0.01544776870364362,
      "fcf_margin_change": -0.04476861717300598
    },
    {
      "date": "2023-12-31T00:00:00",
      "quarter_label": "2023-12 (Q4)",
      "revenue": 65932000,
      "gross_profit": 53419000,
      "operating_income": -10080000,
      "net_income": -10233000,
      "opex": 63499000,
      "cogs": 22189000,
      "rd": 11569000,
      "sga": null,
      "fcf": 4115000,
      "ocf": 4709000,
      "capex": -594000,
      "gross_margin": 0.8102135533580053,
      "op_margin": -0.1528847903900989,
      "fcf_margin": 0.06241278893405327,
      "incr_op_margin_yoy": 0.08569285580348772,
      "rev_growth_yoy": 0.0880047525536725,
      "rev_growth_yoy_accel": -0.050418446358878474,
      "fcf_margin_change": -0.07814595580379594
    },
    {
      "date": "2024-03-31T00:00:00",
      "quarter_label": "2024-03 (Q1)",
      "revenue": 63480000,
      "gross_profit": 50382000,
      "operating_income": -16249000,
      "net_income": -9518000,
      "opex": 66631000,
      "cogs": 13098000,
      "rd": 10132000,
      "sga": null,
      "fcf": 16323000,
      "ocf": 16589000,
      "capex": -266000,
      "gross_margin": 0.7936672967863894,
      "op_margin": -0.2559703843730309,
      "fcf_margin": 0.25713610586011343,
      "incr_op_margin_yoy": -1.0322505258237906,
      "rev_growth_yoy": 0.07227918447323525,
      "rev_growth_yoy_accel": -0.01572556808043725,
      "fcf_margin_change": 0.19472331692606015
    },
    {
      "date": "2024-06-30T00:00:00",
      "quarter_label": "2024-06 (Q2)",
      "revenue": 63737000,
      "gross_profit": 50454000,
      "operating_income": -369641000,
      "net_income": -213635000,
      "opex": 420095000,
      "cogs": 13283000,
      "rd": 10122000,
      "sga": null,
      "fcf": 13630000,
      "ocf": 14040000,
      "capex": -410000,
      "gross_margin": 0.7915967177620534,
      "op_margin": -5.799472833675887,
      "fcf_margin": 0.21384752969232942,
      "incr_op_margin_yoy": -128.62230215827338,
      "rev_growth_yoy": 0.04560591892645635,
      "rev_growth_yoy_accel": -0.0266732655467789,
      "fcf_margin_change": -0.043288576167784004
    },
    {
      "date": "2024-09-30T00:00:00",
      "quarter_label": "2024-09 (Q3)",
      "revenue": 62697000,
      "gross_profit": 49031000,
      "operating_income": -225367000,
      "net_income": -130896000,
      "opex": 274398000,
      "cogs": 13666000,
      "rd": 7282000,
      "sga": null,
      "fcf": 18665000,
      "ocf": 19432000,
      "capex": -767000,
      "gross_margin": 0.7820310381676954,
      "op_margin": -3.594542003604638,
      "fcf_margin": 0.29770164441679825,
      "incr_op_margin_yoy": -26.64041095890411,
      "rev_growth_yoy": -0.040229621125143514,
      "rev_growth_yoy_accel": -0.08583554005159987,
      "fcf_margin_change": 0.08385411472446883
    },
    {
      "date": "2024-12-31T00:00:00",
      "quarter_label": "2024-12 (Q4)",
      "revenue": 62288000,
      "gross_profit": 47602000,
      "operating_income": -99563000,
      "net_income": -59075000,
      "opex": 147165000,
      "cogs": 14686000,
      "rd": 8982000,
      "sga": null,
      "fcf": -2766000,
      "ocf": 8135000,
      "capex": -10901000,
      "gross_margin": 0.7642242486514257,
      "op_margin": -1.5984298741330594,
      "fcf_margin": -0.04440662727973285,
      "incr_op_margin_yoy": 24.556256860592754,
      "rev_growth_yoy": -0.05526906509737305,
      "rev_growth_yoy_accel": -0.01503944397222954,
      "fcf_margin_change": -0.34210827169653113
    },
    {
      "date": "2025-03-31T00:00:00",
      "quarter_label": "2025-03 (Q1)",
      "revenue": 59191000,
      "gross_profit": 43760000,
      "operating_income": -184786000,
      "net_income": -107228000,
      "opex": 228546000,
      "cogs": 15431000,
      "rd": 9301000,
      "sga": null,
      "fcf": 18360000,
      "ocf": 26066000,
      "capex": -7706000,
      "gross_margin": 0.7393015830109307,
      "op_margin": -3.121859742190536,
      "fcf_margin": 0.31018229122670676,
      "incr_op_margin_yoy": 39.29517370016321,
      "rev_growth_yoy": -0.0675645872715816,
      "rev_growth_yoy_accel": -0.012295522174208547,
      "fcf_margin_change": 0.3545889185064396
    },
    {
      "date": "2025-06-30T00:00:00",
      "quarter_label": "2025-06 (Q2)",
      "revenue": 60750000,
      "gross_profit": 46613000,
      "operating_income": -4170000,
      "net_income": -7551000,
      "opex": 50783000,
      "cogs": 14137000,
      "rd": 7968000,
      "sga": null,
      "fcf": 7011000,
      "ocf": 9304000,
      "capex": -2293000,
      "gross_margin": 0.7672921810699589,
      "op_margin": -0.06864197530864198,
      "fcf_margin": 0.1154074074074074,
      "incr_op_margin_yoy": -122.35386675594242,
      "rev_growth_yoy": -0.046864458634701976,
      "rev_growth_yoy_accel": 0.020700128636879624,
      "op_leverage_ratio": Infinity,
      "fcf_margin_change": -0.19477488381929936
    },
    {
      "date": "2025-09-30T00:00:00",
      "quarter_label": "2025-09 (Q3)",
      "revenue": 60046000,
      "gross_profit": 45993000,
      "operating_income": -8688000,
      "net_income": -14838000,
      "opex": 54681000,
      "cogs": 14053000,
      "rd": 7553000,
      "sga": null,
      "fcf": 13406000,
      "ocf": 15687000,
      "capex": -2281000,
      "gross_margin": 0.7659627618825567,
      "op_margin": -0.1446890717116877,
      "fcf_margin": 0.22326216567298404,
      "incr_op_margin_yoy": -81.73481705016975,
      "rev_growth_yoy": -0.0422827248512688,
      "rev_growth_yoy_accel": 0.004581733783433177,
      "fcf_margin_change": 0.10785475826557664
    }
  ],
  "signals": [
    {
      "quarter": "2025-09 (Q3)",
      "signal": "FCF MARGIN EXPANSION",
      "detail": "FCF margin: +11.5% -> +22.3% (+10.8%)",
      "severity": "MEDIUM"
    },
    {
      "quarter": "2025-06 (Q2)",
      "signal": "GROSS MARGIN INFLECTION",
      "detail": "GM: +76.4% -> +73.9% -> +76.7% (reversal +2.8%)",
      "severity": "MEDIUM"
    },
    {
      "quarter": "2025-03 (Q1)",
      "signal": "FCF TURNED POSITIVE",
      "detail": "FCF margin: -4.4% -> +31.0%",
      "severity": "HIGH"
    },
    {
      "quarter": "2024-09 (Q3)",
      "signal": "FCF MARGIN EXPANSION",
      "detail": "FCF margin: +21.4% -> +29.8% (+8.4%)",
      "severity": "MEDIUM"
    },
    {
      "quarter": "2024-09 (Q3)",
      "signal": "YoY REVENUE GROWTH DECELERATION",
      "detail": "YoY growth: -4.0% vs prior quarter YoY: +4.6% (decel: -8.6%)",
      "severity": "WARNING"
    },
    {
      "quarter": "2024-03 (Q1)",
      "signal": "FCF MARGIN EXPANSION",
      "detail": "FCF margin: +6.2% -> +25.7% (+19.5%)",
      "severity": "MEDIUM"
    },
    {
      "quarter": "2023-12 (Q4)",
      "signal": "YoY REVENUE GROWTH DECELERATION",
      "detail": "YoY growth: +8.8% vs prior quarter YoY: +13.8% (decel: -5.0%)",
      "severity": "WARNING"
    },
    {
      "quarter": "2023-06 (Q2)",
      "signal": "YoY REVENUE GROWTH DECELERATION",
      "detail": "YoY growth: +11.7% vs prior quarter YoY: +18.1% (decel: -6.4%)",
      "severity": "WARNING"
    },
    {
      "quarter": "2023-03 (Q1)",
      "signal": "FCF TURNED POSITIVE",
      "detail": "FCF margin: -15.0% -> +23.0%",
      "severity": "HIGH"
    },
    {
      "quarter": "2023-03 (Q1)",
      "signal": "YoY REVENUE GROWTH DECELERATION",
      "detail": "YoY growth: +18.1% vs prior quarter YoY: +30.8% (decel: -12.7%)",
      "severity": "WARNING"
    },
    {
      "quarter": "2022-03 (Q1)",
      "signal": "FCF MARGIN EXPANSION",
      "detail": "FCF margin: +9.1% -> +25.6% (+16.5%)",
      "severity": "MEDIUM"
    },
    {
      "quarter": "2022-03 (Q1)",
      "signal": "OPERATING LEVERAGE",
      "detail": "Rev growth +8.2% vs OpEx growth +2.6% (leverage: 3.1x)",
      "severity": "MEDIUM"
    },
    {
      "quarter": "2021-12 (Q4)",
      "signal": "FCF TURNED POSITIVE",
      "detail": "FCF margin: -2.2% -> +9.1%",
      "severity": "HIGH"
    },
    {
      "quarter": "2021-09 (Q3)",
      "signal": "OPERATING LEVERAGE",
      "detail": "Rev growth +8.2% vs OpEx growth +0.1% (leverage: 59.9x)",
      "severity": "MEDIUM"
    },
    {
      "quarter": "2021-03 (Q1)",
      "signal": "FCF MARGIN EXPANSION",
      "detail": "FCF margin: +25.8% -> +36.6% (+10.9%)",
      "severity": "MEDIUM"
    }
  ],
  "data_quality": {
    "n_quarters": 20,
    "coverage": {
      "revenue": [
        20,
        20
      ],
      "gross_profit": [
        20,
        20
      ],
      "op_income": [
        20,
        20
      ],
      "fcf": [
        20,
        20
      ]
    },
    "gaps": [],
    "warnings": []
  },
  "market_cap": null,
  "source": "SEC EDGAR",
  "last_updated": "2026-02-02T22:53:46.522299"
}