{
  "ticker": "DHR",
  "name": "DANAHER CORPORATION",
  "quarters": [
    {
      "date": "2020-12-31T00:00:00",
      "quarter_label": "2020-12 (Q4)",
      "revenue": 6760300000,
      "gross_profit": 3954100000,
      "operating_income": 1601300000,
      "net_income": 1240100000,
      "opex": 2352800000,
      "cogs": 2806200000,
      "rd": 395800000,
      "sga": 1957000000,
      "fcf": 1905000000,
      "ocf": 2221000000,
      "capex": -316000000,
      "gross_margin": 0.5849000783988876,
      "op_margin": 0.23686818632309217,
      "fcf_margin": 0.2817922281555552
    },
    {
      "date": "2021-04-02T00:00:00",
      "quarter_label": "2021-04 (Q2)",
      "revenue": 6858000000,
      "gross_profit": 4253000000,
      "operating_income": 1997000000,
      "net_income": 1702000000,
      "opex": 2256000000,
      "cogs": 2605000000,
      "rd": 380000000,
      "sga": 1876000000,
      "fcf": 1620000000,
      "ocf": 1871000000,
      "capex": -251000000,
      "gross_margin": 0.6201516477107029,
      "op_margin": 0.2911927675707203,
      "fcf_margin": 0.23622047244094488,
      "op_leverage_ratio": Infinity,
      "fcf_margin_change": -0.045571755714610335
    },
    {
      "date": "2021-07-02T00:00:00",
      "quarter_label": "2021-07 (Q3)",
      "revenue": 7218000000,
      "gross_profit": 4397000000,
      "operating_income": 2005000000,
      "net_income": 1785000000,
      "opex": 2392000000,
      "cogs": 2821000000,
      "rd": 426000000,
      "sga": 1966000000,
      "fcf": 1815000000,
      "ocf": 2120000000,
      "capex": -305000000,
      "gross_margin": 0.6091715156553061,
      "op_margin": 0.2777777777777778,
      "fcf_margin": 0.2514546965918537,
      "op_leverage_ratio": 0.8707735062528948,
      "fcf_margin_change": 0.015234224150908832
    },
    {
      "date": "2021-10-01T00:00:00",
      "quarter_label": "2021-10 (Q4)",
      "revenue": 7229000000,
      "gross_profit": 4359000000,
      "operating_income": 1309000000,
      "net_income": 1158000000,
      "opex": 3050000000,
      "cogs": 2870000000,
      "rd": 441000000,
      "sga": 2062000000,
      "fcf": 1716000000,
      "ocf": 2034000000,
      "capex": -318000000,
      "gross_margin": 0.6029879651404066,
      "op_margin": 0.18107622077742427,
      "fcf_margin": 0.23737723059897634,
      "fcf_margin_change": -0.014077465992877375
    },
    {
      "date": "2021-12-31T00:00:00",
      "quarter_label": "2021-12 (Q4)",
      "revenue": 8148000000,
      "gross_profit": 4943000000,
      "operating_income": 2154000000,
      "net_income": 1788000000,
      "opex": 2789000000,
      "cogs": 3205000000,
      "rd": 495000000,
      "sga": 2294000000,
      "fcf": 1967000000,
      "ocf": 2333000000,
      "capex": -366000000,
      "gross_margin": 0.6066519391261659,
      "op_margin": 0.26435935198821797,
      "fcf_margin": 0.24140893470790378,
      "incr_op_margin_yoy": 0.3982849319017079,
      "rev_growth_yoy": 0.20527195538659526,
      "op_leverage_ratio": Infinity,
      "fcf_margin_change": 0.0040317041089274475
    },
    {
      "date": "2022-04-01T00:00:00",
      "quarter_label": "2022-04 (Q2)",
      "revenue": 7688000000,
      "gross_profit": 4705000000,
      "operating_income": 2172000000,
      "net_income": 1725000000,
      "opex": 2533000000,
      "cogs": 2983000000,
      "rd": 441000000,
      "sga": 2092000000,
      "fcf": 1718000000,
      "ocf": 1968000000,
      "capex": -250000000,
      "gross_margin": 0.6119927159209158,
      "op_margin": 0.28251821019771073,
      "fcf_margin": 0.22346514047866806,
      "incr_op_margin_yoy": 0.21084337349397592,
      "rev_growth_yoy": 0.12102653834937299,
      "rev_growth_yoy_accel": -0.08424541703722227,
      "fcf_margin_change": -0.017943794229235727
    },
    {
      "date": "2022-07-01T00:00:00",
      "quarter_label": "2022-07 (Q3)",
      "revenue": 7751000000,
      "gross_profit": 4721000000,
      "operating_income": 2205000000,
      "net_income": 1680000000,
      "opex": 2516000000,
      "cogs": 3030000000,
      "rd": 431000000,
      "sga": 2085000000,
      "fcf": 1704000000,
      "ocf": 2000000000,
      "capex": -296000000,
      "gross_margin": 0.6090826990065797,
      "op_margin": 0.2844794220100632,
      "fcf_margin": 0.21984260095471553,
      "incr_op_margin_yoy": 0.37523452157598497,
      "rev_growth_yoy": 0.07384316985314492,
      "rev_growth_yoy_accel": -0.047183368496228076,
      "fcf_margin_change": -0.003622539523952528
    },
    {
      "date": "2022-09-30T00:00:00",
      "quarter_label": "2022-09 (Q3)",
      "revenue": 7663000000,
      "gross_profit": 4584000000,
      "operating_income": 2015000000,
      "net_income": 1572000000,
      "opex": 2569000000,
      "cogs": 3079000000,
      "rd": 420000000,
      "sga": 2149000000,
      "fcf": 1733000000,
      "ocf": 2010000000,
      "capex": -277000000,
      "gross_margin": 0.5981991387185176,
      "op_margin": 0.2629518465352995,
      "fcf_margin": 0.2261516377397886,
      "incr_op_margin_yoy": 1.6267281105990783,
      "rev_growth_yoy": 0.06003596624706045,
      "rev_growth_yoy_accel": -0.013807203606084464,
      "fcf_margin_change": 0.00630903678507308
    },
    {
      "date": "2022-12-31T00:00:00",
      "quarter_label": "2022-12 (Q4)",
      "revenue": 7134000000,
      "gross_profit": 4226000000,
      "operating_income": 1997000000,
      "net_income": 2232000000,
      "opex": 2229000000,
      "cogs": 3430000000,
      "rd": 453000000,
      "sga": 2190000000,
      "fcf": 2246000000,
      "ocf": 2541000000,
      "capex": -295000000,
      "gross_margin": 0.5923745444350995,
      "op_margin": 0.27992710961592376,
      "fcf_margin": 0.3148303896832072,
      "incr_op_margin_yoy": 0.15483234714003946,
      "rev_growth_yoy": -0.12444771723122239,
      "rev_growth_yoy_accel": -0.18448368347828284,
      "fcf_margin_change": 0.0886787519434186
    },
    {
      "date": "2023-03-31T00:00:00",
      "quarter_label": "2023-03 (Q1)",
      "revenue": 7167000000,
      "gross_profit": 4370000000,
      "operating_income": 1794000000,
      "net_income": 1450000000,
      "opex": 2576000000,
      "cogs": 2797000000,
      "rd": 429000000,
      "sga": 2147000000,
      "fcf": 1681000000,
      "ocf": 1947000000,
      "capex": -266000000,
      "gross_margin": 0.6097390819031673,
      "op_margin": 0.2503139388865634,
      "fcf_margin": 0.23454723036137853,
      "incr_op_margin_yoy": 0.72552783109405,
      "rev_growth_yoy": -0.06776795005202914,
      "rev_growth_yoy_accel": 0.05667976717919325,
      "fcf_margin_change": -0.08028315932182867
    },
    {
      "date": "2023-06-30T00:00:00",
      "quarter_label": "2023-06 (Q2)",
      "revenue": 7157000000,
      "gross_profit": 4041000000,
      "operating_income": 1429000000,
      "net_income": 1106000000,
      "opex": 2612000000,
      "cogs": 3116000000,
      "rd": 418000000,
      "sga": 2194000000,
      "fcf": 1597000000,
      "ocf": 1926000000,
      "capex": -329000000,
      "gross_margin": 0.5646220483442783,
      "op_margin": 0.1996646639653486,
      "fcf_margin": 0.22313818639094593,
      "incr_op_margin_yoy": 1.3063973063973064,
      "rev_growth_yoy": -0.07663527286801702,
      "rev_growth_yoy_accel": -0.008867322815987885,
      "fcf_margin_change": -0.011409043970432603
    },
    {
      "date": "2023-09-29T00:00:00",
      "quarter_label": "2023-09 (Q3)",
      "revenue": 6873000000,
      "gross_profit": 4000000000,
      "operating_income": 1438000000,
      "net_income": 1129000000,
      "opex": 2562000000,
      "cogs": 2873000000,
      "rd": 417000000,
      "sga": 2145000000,
      "fcf": 1318000000,
      "ocf": 1672000000,
      "capex": -354000000,
      "gross_margin": 0.5819874872690237,
      "op_margin": 0.20922450167321402,
      "fcf_margin": 0.1917648770551433,
      "incr_op_margin_yoy": 0.730379746835443,
      "rev_growth_yoy": -0.10309278350515463,
      "rev_growth_yoy_accel": -0.02645751063713761,
      "fcf_margin_change": -0.031373309335802624
    },
    {
      "date": "2023-12-31T00:00:00",
      "quarter_label": "2023-12 (Q4)",
      "revenue": 6405000000,
      "gross_profit": 3779000000,
      "operating_income": 1337000000,
      "net_income": 1079000000,
      "opex": 2442000000,
      "cogs": 1070000000,
      "rd": 239000000,
      "sga": 843000000,
      "fcf": 1185000000,
      "ocf": 1619000000,
      "capex": -434000000,
      "gross_margin": 0.5900078064012491,
      "op_margin": 0.2087431693989071,
      "fcf_margin": 0.18501170960187355,
      "incr_op_margin_yoy": 0.9053497942386831,
      "rev_growth_yoy": -0.10218671152228764,
      "rev_growth_yoy_accel": 0.0009060719828669905,
      "fcf_margin_change": -0.006753167453269759
    },
    {
      "date": "2024-03-29T00:00:00",
      "quarter_label": "2024-03 (Q1)",
      "revenue": 5796000000,
      "gross_profit": 3487000000,
      "operating_income": 1312000000,
      "net_income": 1088000000,
      "opex": 2175000000,
      "cogs": 2309000000,
      "rd": 368000000,
      "sga": 1807000000,
      "fcf": 1448000000,
      "ocf": 1739000000,
      "capex": -291000000,
      "gross_margin": 0.6016218081435473,
      "op_margin": 0.2263630089717046,
      "fcf_margin": 0.24982746721877155,
      "incr_op_margin_yoy": 0.3515681983953319,
      "rev_growth_yoy": -0.19129342821264128,
      "rev_growth_yoy_accel": -0.08910671669035364,
      "fcf_margin_change": 0.064815757616898
    },
    {
      "date": "2024-06-28T00:00:00",
      "quarter_label": "2024-06 (Q2)",
      "revenue": 5743000000,
      "gross_profit": 3428000000,
      "operating_income": 1168000000,
      "net_income": 907000000,
      "opex": 2260000000,
      "cogs": 2315000000,
      "rd": 391000000,
      "sga": 1869000000,
      "fcf": 1130000000,
      "ocf": 1417000000,
      "capex": -287000000,
      "gross_margin": 0.5969005746125718,
      "op_margin": 0.20337802542225317,
      "fcf_margin": 0.19676127459515932,
      "incr_op_margin_yoy": 0.18458274398868457,
      "rev_growth_yoy": -0.1975688137487774,
      "rev_growth_yoy_accel": -0.00627538553613613,
      "fcf_margin_change": -0.05306619262361223
    },
    {
      "date": "2024-09-27T00:00:00",
      "quarter_label": "2024-09 (Q3)",
      "revenue": 5798000000,
      "gross_profit": 3401000000,
      "operating_income": 958000000,
      "net_income": 818000000,
      "opex": 2443000000,
      "cogs": 2397000000,
      "rd": 383000000,
      "sga": 2060000000,
      "fcf": 1215000000,
      "ocf": 1513000000,
      "capex": -298000000,
      "gross_margin": 0.5865815798551225,
      "op_margin": 0.16522938944463608,
      "fcf_margin": 0.20955501897205933,
      "incr_op_margin_yoy": 0.44651162790697674,
      "rev_growth_yoy": -0.15640913720355012,
      "rev_growth_yoy_accel": 0.041159676545227286,
      "fcf_margin_change": 0.012793744376900007
    },
    {
      "date": "2024-12-31T00:00:00",
      "quarter_label": "2024-12 (Q4)",
      "revenue": 6538000000,
      "gross_profit": 3890000000,
      "operating_income": 1425000000,
      "net_income": 1086000000,
      "opex": 2465000000,
      "cogs": 2648000000,
      "rd": 442000000,
      "sga": 2023000000,
      "fcf": 1503000000,
      "ocf": 2019000000,
      "capex": -516000000,
      "gross_margin": 0.5949831752829612,
      "op_margin": 0.21795656163964516,
      "fcf_margin": 0.22988681553992046,
      "incr_op_margin_yoy": 0.6616541353383458,
      "rev_growth_yoy": 0.020765027322404372,
      "rev_growth_yoy_accel": 0.1771741645259545,
      "op_leverage_ratio": 14.17275549562545,
      "fcf_margin_change": 0.020331796567861132
    },
    {
      "date": "2025-03-28T00:00:00",
      "quarter_label": "2025-03 (Q1)",
      "revenue": 5741000000,
      "gross_profit": 3511000000,
      "operating_income": 1274000000,
      "net_income": 954000000,
      "opex": 2237000000,
      "cogs": 2230000000,
      "rd": 379000000,
      "sga": 1858000000,
      "fcf": 1054000000,
      "ocf": 1299000000,
      "capex": -245000000,
      "gross_margin": 0.6115659292806132,
      "op_margin": 0.22191255878766766,
      "fcf_margin": 0.1835917087615398,
      "incr_op_margin_yoy": 0.6909090909090909,
      "rev_growth_yoy": -0.009489302967563838,
      "rev_growth_yoy_accel": -0.030254330289968212,
      "fcf_margin_change": -0.04629510677838067
    },
    {
      "date": "2025-06-27T00:00:00",
      "quarter_label": "2025-06 (Q2)",
      "revenue": 5936000000,
      "gross_profit": 3523000000,
      "operating_income": 760000000,
      "net_income": 555000000,
      "opex": 2763000000,
      "cogs": 2413000000,
      "rd": 403000000,
      "sga": 2360000000,
      "fcf": 1090000000,
      "ocf": 1338000000,
      "capex": -248000000,
      "gross_margin": 0.5934973045822103,
      "op_margin": 0.1280323450134771,
      "fcf_margin": 0.18362533692722371,
      "incr_op_margin_yoy": -2.1139896373056994,
      "rev_growth_yoy": 0.03360612920076615,
      "rev_growth_yoy_accel": 0.04309543216832999,
      "op_leverage_ratio": 0.14445324571506535,
      "fcf_margin_change": 3.36281656839188e-05
    },
    {
      "date": "2025-09-26T00:00:00",
      "quarter_label": "2025-09 (Q3)",
      "revenue": 6053000000,
      "gross_profit": 3523000000,
      "operating_income": 1154000000,
      "net_income": 908000000,
      "opex": 2369000000,
      "cogs": 2530000000,
      "rd": 378000000,
      "sga": 1991000000,
      "fcf": 1370000000,
      "ocf": 1662000000,
      "capex": -292000000,
      "gross_margin": 0.5820254419296217,
      "op_margin": 0.19064926482735833,
      "fcf_margin": 0.22633404923178588,
      "incr_op_margin_yoy": 0.7686274509803922,
      "rev_growth_yoy": 0.043980682994135906,
      "rev_growth_yoy_accel": 0.010374553793369753,
      "op_leverage_ratio": Infinity,
      "fcf_margin_change": 0.04270871230456216
    }
  ],
  "signals": [
    {
      "quarter": "2025-09 (Q3)",
      "signal": "INCREMENTAL MARGIN (YoY)",
      "detail": "YoY Incr OPM: +76.9% vs year-ago OPM: +16.5%",
      "severity": "HIGH"
    },
    {
      "quarter": "2025-03 (Q1)",
      "signal": "INCREMENTAL MARGIN (YoY)",
      "detail": "YoY Incr OPM: +69.1% vs year-ago OPM: +22.6%",
      "severity": "HIGH"
    },
    {
      "quarter": "2024-12 (Q4)",
      "signal": "OPERATING LEVERAGE",
      "detail": "Rev growth +12.8% vs OpEx growth +0.9% (leverage: 14.2x)",
      "severity": "MEDIUM"
    },
    {
      "quarter": "2024-12 (Q4)",
      "signal": "YoY REVENUE GROWTH ACCELERATION",
      "detail": "YoY growth: +2.1% vs prior quarter YoY: -15.6% (accel: +17.7%)",
      "severity": "HIGH"
    },
    {
      "quarter": "2024-12 (Q4)",
      "signal": "INCREMENTAL MARGIN (YoY)",
      "detail": "YoY Incr OPM: +66.2% vs year-ago OPM: +20.9%",
      "severity": "HIGH"
    },
    {
      "quarter": "2024-09 (Q3)",
      "signal": "INCREMENTAL MARGIN (YoY)",
      "detail": "YoY Incr OPM: +44.7% vs year-ago OPM: +20.9%",
      "severity": "HIGH"
    },
    {
      "quarter": "2024-03 (Q1)",
      "signal": "FCF MARGIN EXPANSION",
      "detail": "FCF margin: +18.5% -> +25.0% (+6.5%)",
      "severity": "MEDIUM"
    },
    {
      "quarter": "2024-03 (Q1)",
      "signal": "YoY REVENUE GROWTH DECELERATION",
      "detail": "YoY growth: -19.1% vs prior quarter YoY: -10.2% (decel: -8.9%)",
      "severity": "WARNING"
    },
    {
      "quarter": "2024-03 (Q1)",
      "signal": "INCREMENTAL MARGIN (YoY)",
      "detail": "YoY Incr OPM: +35.2% vs year-ago OPM: +25.0%",
      "severity": "MEDIUM"
    },
    {
      "quarter": "2023-12 (Q4)",
      "signal": "INCREMENTAL MARGIN (YoY)",
      "detail": "YoY Incr OPM: +90.5% vs year-ago OPM: +28.0%",
      "severity": "HIGH"
    },
    {
      "quarter": "2023-09 (Q3)",
      "signal": "INCREMENTAL MARGIN (YoY)",
      "detail": "YoY Incr OPM: +73.0% vs year-ago OPM: +26.3%",
      "severity": "HIGH"
    },
    {
      "quarter": "2023-06 (Q2)",
      "signal": "INCREMENTAL MARGIN (YoY)",
      "detail": "YoY Incr OPM: +130.6% vs year-ago OPM: +28.4%",
      "severity": "HIGH"
    },
    {
      "quarter": "2023-03 (Q1)",
      "signal": "YoY REVENUE GROWTH ACCELERATION",
      "detail": "YoY growth: -6.8% vs prior quarter YoY: -12.4% (accel: +5.7%)",
      "severity": "MEDIUM"
    },
    {
      "quarter": "2023-03 (Q1)",
      "signal": "INCREMENTAL MARGIN (YoY)",
      "detail": "YoY Incr OPM: +72.6% vs year-ago OPM: +28.3%",
      "severity": "HIGH"
    },
    {
      "quarter": "2022-12 (Q4)",
      "signal": "FCF MARGIN EXPANSION",
      "detail": "FCF margin: +22.6% -> +31.5% (+8.9%)",
      "severity": "MEDIUM"
    },
    {
      "quarter": "2022-12 (Q4)",
      "signal": "YoY REVENUE GROWTH DECELERATION",
      "detail": "YoY growth: -12.4% vs prior quarter YoY: +6.0% (decel: -18.4%)",
      "severity": "WARNING"
    },
    {
      "quarter": "2022-09 (Q3)",
      "signal": "INCREMENTAL MARGIN (YoY)",
      "detail": "YoY Incr OPM: +162.7% vs year-ago OPM: +18.1%",
      "severity": "HIGH"
    },
    {
      "quarter": "2022-04 (Q2)",
      "signal": "YoY REVENUE GROWTH DECELERATION",
      "detail": "YoY growth: +12.1% vs prior quarter YoY: +20.5% (decel: -8.4%)",
      "severity": "WARNING"
    },
    {
      "quarter": "2021-12 (Q4)",
      "signal": "INCREMENTAL MARGIN (YoY)",
      "detail": "YoY Incr OPM: +39.8% vs year-ago OPM: +23.7%",
      "severity": "MEDIUM"
    }
  ],
  "data_quality": {
    "n_quarters": 20,
    "coverage": {
      "revenue": [
        20,
        20
      ],
      "gross_profit": [
        20,
        20
      ],
      "op_income": [
        20,
        20
      ],
      "fcf": [
        20,
        20
      ]
    },
    "gaps": [],
    "warnings": []
  },
  "market_cap": null,
  "source": "SEC EDGAR",
  "last_updated": "2026-02-02T19:46:12.910571",
  "sector": "Healthcare",
  "industry": "Diagnostics & Research"
}