{
  "ticker": "DHTI",
  "name": "Dalrada Technology Group, Inc.",
  "quarters": [
    {
      "date": "2020-12-31T00:00:00",
      "quarter_label": "2020-12 (Q4)",
      "revenue": 1055517,
      "gross_profit": 596684,
      "operating_income": -1077904,
      "net_income": -1199901,
      "opex": 1674588,
      "cogs": 458833,
      "rd": 255679,
      "sga": 1418909,
      "fcf": -1681486,
      "ocf": -1647062,
      "capex": -34424,
      "gross_margin": 0.565300227281986,
      "op_margin": -1.0212095115474218,
      "fcf_margin": -1.5930449249040992
    },
    {
      "date": "2021-03-31T00:00:00",
      "quarter_label": "2021-03 (Q1)",
      "revenue": 1588329,
      "gross_profit": 733538,
      "operating_income": -2309921,
      "net_income": -2464725,
      "opex": 3043459,
      "cogs": 854791,
      "rd": 125752,
      "sga": 2917707,
      "fcf": -1698861,
      "ocf": -1662303,
      "capex": -36558,
      "gross_margin": 0.46183001128859325,
      "op_margin": -1.4543088994786344,
      "fcf_margin": -1.0695901164053543,
      "op_leverage_ratio": 0.6175245344266732,
      "fcf_margin_change": 0.5234548084987449
    },
    {
      "date": "2021-06-30T00:00:00",
      "quarter_label": "2021-06 (Q2)",
      "revenue": 3445,
      "gross_profit": -921469,
      "operating_income": -4377928,
      "net_income": 4670415,
      "opex": 3456459,
      "cogs": 924914,
      "rd": 116257,
      "sga": 3340202,
      "fcf": -2099990,
      "ocf": -1881110,
      "capex": -218880,
      "gross_margin": -267.4801161103048,
      "op_margin": -1270.8063860667635,
      "fcf_margin": -609.5761973875182,
      "fcf_margin_change": -608.5066072711128
    },
    {
      "date": "2021-09-30T00:00:00",
      "quarter_label": "2021-09 (Q3)",
      "revenue": 4602353,
      "gross_profit": 3398018,
      "operating_income": -911855,
      "net_income": -2265842,
      "opex": 4309873,
      "cogs": 1204335,
      "rd": 60174,
      "sga": 4249699,
      "fcf": -3335591,
      "ocf": -3212720,
      "capex": -122871,
      "gross_margin": 0.7383218975163357,
      "op_margin": -0.19812800104642125,
      "fcf_margin": -0.7247577489166954,
      "op_leverage_ratio": 5406.7606220578955,
      "fcf_margin_change": 608.8514396386015
    },
    {
      "date": "2021-12-31T00:00:00",
      "quarter_label": "2021-12 (Q4)",
      "revenue": 5447264,
      "gross_profit": 3390921,
      "operating_income": -1843541,
      "net_income": -3385175,
      "opex": 5234462,
      "cogs": 2056343,
      "rd": null,
      "sga": 5234462,
      "fcf": -1626318,
      "ocf": -1516201,
      "capex": -110117,
      "gross_margin": 0.6224998457941454,
      "op_margin": -0.33843430390008633,
      "fcf_margin": -0.29855685349562644,
      "incr_op_margin_yoy": -0.1743354068437913,
      "rev_growth_yoy": 4.160754398081698,
      "op_leverage_ratio": 0.8557497658360174,
      "fcf_margin_change": 0.426200895421069
    },
    {
      "date": "2022-03-31T00:00:00",
      "quarter_label": "2022-03 (Q1)",
      "revenue": 5592150,
      "gross_profit": 3818520,
      "operating_income": -2639643,
      "net_income": -3423227,
      "opex": 6458163,
      "cogs": 1773630,
      "rd": null,
      "sga": 6458163,
      "fcf": -3045932,
      "ocf": -2837399,
      "capex": -208533,
      "gross_margin": 0.682835760843325,
      "op_margin": -0.4720265014350473,
      "fcf_margin": -0.5446799531486101,
      "incr_op_margin_yoy": -0.08235183341113402,
      "rev_growth_yoy": 2.5207756075724865,
      "rev_growth_yoy_accel": -1.6399787905092116,
      "op_leverage_ratio": 0.11377444752647785,
      "fcf_margin_change": -0.24612309965298362
    },
    {
      "date": "2022-06-30T00:00:00",
      "quarter_label": "2022-06 (Q2)",
      "revenue": 3625846,
      "gross_profit": -101112,
      "operating_income": -5040205,
      "net_income": -5024071,
      "opex": 4939093,
      "cogs": 3726958,
      "rd": null,
      "sga": 4065384,
      "fcf": -2982151,
      "ocf": -2783488,
      "capex": -198663,
      "gross_margin": -0.02788645739504656,
      "op_margin": -1.3900769641071353,
      "fcf_margin": -0.8224703972534961,
      "incr_op_margin_yoy": -0.1828281849524666,
      "rev_growth_yoy": 1051.4952104499275,
      "rev_growth_yoy_accel": 1048.974434842355,
      "fcf_margin_change": -0.27779044410488607
    },
    {
      "date": "2022-09-30T00:00:00",
      "quarter_label": "2022-09 (Q3)",
      "revenue": 4257767,
      "gross_profit": 1901439,
      "operating_income": -2956178,
      "net_income": -3617789,
      "opex": 4857617,
      "cogs": 2356328,
      "rd": null,
      "sga": 4857617,
      "fcf": -1549214,
      "ocf": -1207676,
      "capex": -341538,
      "gross_margin": 0.4465812713565585,
      "op_margin": -0.6943024359952059,
      "fcf_margin": -0.3638559836646768,
      "rev_growth_yoy": -0.07487170149703858,
      "rev_growth_yoy_accel": -1051.5700821514245,
      "op_leverage_ratio": Infinity,
      "fcf_margin_change": 0.4586144135888193
    },
    {
      "date": "2022-12-31T00:00:00",
      "quarter_label": "2022-12 (Q4)",
      "revenue": 5253120,
      "gross_profit": 2297988,
      "operating_income": -4782089,
      "net_income": -4413018,
      "opex": 7080077,
      "cogs": 2955132,
      "rd": null,
      "sga": 7080077,
      "fcf": -3967705,
      "ocf": -3703728,
      "capex": -263977,
      "gross_margin": 0.4374520285087719,
      "op_margin": -0.9103330972831384,
      "fcf_margin": -0.7553044666788499,
      "rev_growth_yoy": -0.035640644551099415,
      "rev_growth_yoy_accel": 0.03923105694593916,
      "op_leverage_ratio": 0.5109572369193149,
      "fcf_margin_change": -0.39144848301417307
    },
    {
      "date": "2023-03-31T00:00:00",
      "quarter_label": "2023-03 (Q1)",
      "revenue": 9474693,
      "gross_profit": 2862013,
      "operating_income": -3639220,
      "net_income": -4025564,
      "opex": 6501233,
      "cogs": 6612680,
      "rd": null,
      "sga": 6501233,
      "fcf": -5069305,
      "ocf": -5163305,
      "capex": 94000,
      "gross_margin": 0.3020692068861756,
      "op_margin": -0.384098988748237,
      "fcf_margin": -0.5350363331033523,
      "incr_op_margin_yoy": -0.2574541994769923,
      "rev_growth_yoy": 0.6942844880770366,
      "rev_growth_yoy_accel": 0.729925132628136,
      "op_leverage_ratio": Infinity,
      "fcf_margin_change": 0.22026813357549757
    },
    {
      "date": "2023-06-30T00:00:00",
      "quarter_label": "2023-06 (Q2)",
      "revenue": 10753389,
      "gross_profit": 1998479,
      "operating_income": -9582470,
      "net_income": -8236148,
      "opex": 11580949,
      "cogs": 8754910,
      "rd": null,
      "sga": 11027393,
      "fcf": 5280225,
      "ocf": 5461911,
      "capex": -181686,
      "gross_margin": 0.18584643408696552,
      "op_margin": -0.8911116300172903,
      "fcf_margin": 0.4910289212080024,
      "incr_op_margin_yoy": -0.6372834229130572,
      "rev_growth_yoy": 1.9657599909097077,
      "rev_growth_yoy_accel": 1.2714755028326712,
      "op_leverage_ratio": 0.1727262955419045,
      "fcf_margin_change": 1.0260652543113546
    },
    {
      "date": "2023-09-30T00:00:00",
      "quarter_label": "2023-09 (Q3)",
      "revenue": 5018080,
      "gross_profit": 970858,
      "operating_income": -5071796,
      "net_income": -4816242,
      "opex": 6042654,
      "cogs": 4047222,
      "rd": null,
      "sga": 6042654,
      "fcf": -1855314,
      "ocf": -1756847,
      "capex": -98467,
      "gross_margin": 0.1934720052290916,
      "op_margin": -1.0107044925549213,
      "fcf_margin": -0.3697258712495616,
      "rev_growth_yoy": 0.17857083302115875,
      "rev_growth_yoy_accel": -1.7871891578885488,
      "fcf_margin_change": -0.860754792457564
    },
    {
      "date": "2023-12-31T00:00:00",
      "quarter_label": "2023-12 (Q4)",
      "revenue": 6077762,
      "gross_profit": 2001760,
      "operating_income": -4225674,
      "net_income": -5406198,
      "opex": 6227434,
      "cogs": 3911652,
      "rd": null,
      "sga": 6227434,
      "fcf": -1920395,
      "ocf": -1719507,
      "capex": -200888,
      "gross_margin": 0.3293580762129218,
      "op_margin": -0.6952680937489819,
      "fcf_margin": -0.31597074712698525,
      "rev_growth_yoy": 0.15698137487816763,
      "rev_growth_yoy_accel": -0.021589458142991125,
      "op_leverage_ratio": 6.905748238579708,
      "fcf_margin_change": 0.053755124122576325
    },
    {
      "date": "2024-03-31T00:00:00",
      "quarter_label": "2024-03 (Q1)",
      "revenue": 10305791,
      "gross_profit": 4711453,
      "operating_income": -2289732,
      "net_income": -2882820,
      "opex": 7001185,
      "cogs": 5594338,
      "rd": null,
      "sga": 7001185,
      "fcf": -2157616,
      "ocf": -2184188,
      "capex": 26572,
      "gross_margin": 0.45716558777487337,
      "op_margin": -0.22217916121140047,
      "fcf_margin": -0.20935957269073283,
      "rev_growth_yoy": 0.087717670641149,
      "rev_growth_yoy_accel": -0.06926370423701862,
      "op_leverage_ratio": 5.598893133266203,
      "fcf_margin_change": 0.10661117443625243
    },
    {
      "date": "2024-06-30T00:00:00",
      "quarter_label": "2024-06 (Q2)",
      "revenue": -1559214,
      "gross_profit": -6700039,
      "operating_income": -15257744,
      "net_income": -15842797,
      "opex": 8557705,
      "cogs": 5140825,
      "rd": null,
      "sga": 8557705,
      "fcf": -2375280,
      "ocf": -2213218,
      "capex": -162062,
      "gross_margin": 4.2970618529592475,
      "op_margin": 9.785535532646577,
      "fcf_margin": 1.5233829352481443,
      "incr_op_margin_yoy": 0.4609321034715405,
      "rev_growth_yoy": -1.1449974515011034,
      "rev_growth_yoy_accel": -1.2327151221422525,
      "fcf_margin_change": 1.7327425079388772
    },
    {
      "date": "2024-09-30T00:00:00",
      "quarter_label": "2024-09 (Q3)",
      "revenue": 6030655,
      "gross_profit": 1163167,
      "operating_income": -5722074,
      "net_income": -6810999,
      "opex": 6885241,
      "cogs": 4867488,
      "rd": 0,
      "sga": 6885241,
      "fcf": -1884067,
      "ocf": -1443205,
      "capex": -440862,
      "gross_margin": 0.19287573240385994,
      "op_margin": -0.9488312629391004,
      "fcf_margin": -0.3124149864318221,
      "incr_op_margin_yoy": -0.6422023060020245,
      "rev_growth_yoy": 0.20178534419538946,
      "rev_growth_yoy_accel": 1.3467827956964928,
      "fcf_margin_change": -1.8357979216799665
    },
    {
      "date": "2024-12-31T00:00:00",
      "quarter_label": "2024-12 (Q4)",
      "revenue": 3114858,
      "gross_profit": 834882,
      "operating_income": -5053405,
      "net_income": -6709601,
      "opex": 5888287,
      "cogs": 2279976,
      "rd": null,
      "sga": 5888287,
      "fcf": -2818263,
      "ocf": -2990397,
      "capex": 172134,
      "gross_margin": 0.26803212217057726,
      "op_margin": -1.6223548553417202,
      "fcf_margin": -0.9047805710565298,
      "incr_op_margin_yoy": 0.27936477185895997,
      "rev_growth_yoy": -0.48749918144211635,
      "rev_growth_yoy_accel": -0.6892845256375058,
      "fcf_margin_change": -0.5923655846247077
    },
    {
      "date": "2025-03-31T00:00:00",
      "quarter_label": "2025-03 (Q1)",
      "revenue": 4574276,
      "gross_profit": 1404959,
      "operating_income": -3938773,
      "net_income": -4195499,
      "opex": 5343732,
      "cogs": 3169317,
      "rd": null,
      "sga": 5343732,
      "fcf": -1728703,
      "ocf": -1710351,
      "capex": -18352,
      "gross_margin": 0.3071434692615837,
      "op_margin": -0.8610702546151566,
      "fcf_margin": -0.377918385335734,
      "incr_op_margin_yoy": 0.287714679277643,
      "rev_growth_yoy": -0.5561450838659546,
      "rev_growth_yoy_accel": -0.06864590242383828,
      "op_leverage_ratio": Infinity,
      "fcf_margin_change": 0.5268621857207958
    },
    {
      "date": "2025-06-30T00:00:00",
      "quarter_label": "2025-06 (Q2)",
      "revenue": 6583014,
      "gross_profit": 1898114,
      "operating_income": -5744458,
      "net_income": -6930482,
      "opex": 7642572,
      "cogs": 4684900,
      "rd": null,
      "sga": 4907032,
      "fcf": -11915856,
      "ocf": -11828481,
      "capex": -87375,
      "gross_margin": 0.2883351000013064,
      "op_margin": -0.8726182262410501,
      "fcf_margin": -1.8100912439195784,
      "incr_op_margin_yoy": 1.1683885540910914,
      "op_leverage_ratio": 1.0207910508224651,
      "fcf_margin_change": -1.4321728585838445
    },
    {
      "date": "2025-09-30T00:00:00",
      "quarter_label": "2025-09 (Q3)",
      "revenue": 4098786,
      "gross_profit": 560178,
      "operating_income": -5319264,
      "net_income": -6063068,
      "opex": 5879442,
      "cogs": 3538608,
      "rd": 0,
      "sga": 5879442,
      "fcf": -4216845,
      "ocf": -4216845,
      "capex": null,
      "gross_margin": 0.136669247918774,
      "op_margin": -1.2977657286816144,
      "fcf_margin": -1.0288034066672425,
      "incr_op_margin_yoy": -0.20850792677971436,
      "rev_growth_yoy": -0.32034148861110445,
      "fcf_margin_change": 0.781287837252336
    }
  ],
  "signals": [
    {
      "quarter": "2025-09 (Q3)",
      "signal": "FCF MARGIN EXPANSION",
      "detail": "FCF margin: -181.0% -> -102.9% (+78.1%)",
      "severity": "MEDIUM"
    },
    {
      "quarter": "2025-03 (Q1)",
      "signal": "FCF MARGIN EXPANSION",
      "detail": "FCF margin: -90.5% -> -37.8% (+52.7%)",
      "severity": "MEDIUM"
    },
    {
      "quarter": "2025-03 (Q1)",
      "signal": "YoY REVENUE GROWTH DECELERATION",
      "detail": "YoY growth: -55.6% vs prior quarter YoY: -48.7% (decel: -6.9%)",
      "severity": "WARNING"
    },
    {
      "quarter": "2024-12 (Q4)",
      "signal": "GROSS MARGIN INFLECTION",
      "detail": "GM: +429.7% -> +19.3% -> +26.8% (reversal +7.5%)",
      "severity": "HIGH"
    },
    {
      "quarter": "2024-12 (Q4)",
      "signal": "YoY REVENUE GROWTH DECELERATION",
      "detail": "YoY growth: -48.7% vs prior quarter YoY: +20.2% (decel: -68.9%)",
      "severity": "WARNING"
    },
    {
      "quarter": "2024-09 (Q3)",
      "signal": "YoY REVENUE GROWTH ACCELERATION",
      "detail": "YoY growth: +20.2% vs prior quarter YoY: -114.5% (accel: +134.7%)",
      "severity": "HIGH"
    },
    {
      "quarter": "2024-06 (Q2)",
      "signal": "FCF TURNED POSITIVE",
      "detail": "FCF margin: -20.9% -> +152.3%",
      "severity": "HIGH"
    },
    {
      "quarter": "2024-06 (Q2)",
      "signal": "YoY REVENUE GROWTH DECELERATION",
      "detail": "YoY growth: -114.5% vs prior quarter YoY: +8.8% (decel: -123.3%)",
      "severity": "WARNING"
    },
    {
      "quarter": "2024-06 (Q2)",
      "signal": "OP MARGIN TURNED POSITIVE (YoY)",
      "detail": "Op margin: -89.1% (year-ago) -> +978.6%",
      "severity": "HIGH"
    },
    {
      "quarter": "2024-06 (Q2)",
      "signal": "OP MARGIN TURNED POSITIVE (QoQ)",
      "detail": "Op margin: -22.2% -> +978.6%",
      "severity": "HIGH"
    },
    {
      "quarter": "2024-03 (Q1)",
      "signal": "FCF MARGIN EXPANSION",
      "detail": "FCF margin: -31.6% -> -20.9% (+10.7%)",
      "severity": "MEDIUM"
    },
    {
      "quarter": "2024-03 (Q1)",
      "signal": "OPERATING LEVERAGE",
      "detail": "Rev growth +69.6% vs OpEx growth +12.4% (leverage: 5.6x)",
      "severity": "MEDIUM"
    },
    {
      "quarter": "2024-03 (Q1)",
      "signal": "YoY REVENUE GROWTH DECELERATION",
      "detail": "YoY growth: +8.8% vs prior quarter YoY: +15.7% (decel: -6.9%)",
      "severity": "WARNING"
    },
    {
      "quarter": "2023-12 (Q4)",
      "signal": "FCF MARGIN EXPANSION",
      "detail": "FCF margin: -37.0% -> -31.6% (+5.4%)",
      "severity": "MEDIUM"
    },
    {
      "quarter": "2023-12 (Q4)",
      "signal": "OPERATING LEVERAGE",
      "detail": "Rev growth +21.1% vs OpEx growth +3.1% (leverage: 6.9x)",
      "severity": "MEDIUM"
    },
    {
      "quarter": "2023-09 (Q3)",
      "signal": "YoY REVENUE GROWTH DECELERATION",
      "detail": "YoY growth: +17.9% vs prior quarter YoY: +196.6% (decel: -178.7%)",
      "severity": "WARNING"
    },
    {
      "quarter": "2023-06 (Q2)",
      "signal": "FCF TURNED POSITIVE",
      "detail": "FCF margin: -53.5% -> +49.1%",
      "severity": "HIGH"
    },
    {
      "quarter": "2023-06 (Q2)",
      "signal": "YoY REVENUE GROWTH ACCELERATION",
      "detail": "YoY growth: +196.6% vs prior quarter YoY: +69.4% (accel: +127.1%)",
      "severity": "HIGH"
    },
    {
      "quarter": "2023-03 (Q1)",
      "signal": "FCF MARGIN EXPANSION",
      "detail": "FCF margin: -75.5% -> -53.5% (+22.0%)",
      "severity": "MEDIUM"
    },
    {
      "quarter": "2023-03 (Q1)",
      "signal": "YoY REVENUE GROWTH ACCELERATION",
      "detail": "YoY growth: +69.4% vs prior quarter YoY: -3.6% (accel: +73.0%)",
      "severity": "HIGH"
    },
    {
      "quarter": "2022-09 (Q3)",
      "signal": "FCF MARGIN EXPANSION",
      "detail": "FCF margin: -82.2% -> -36.4% (+45.9%)",
      "severity": "MEDIUM"
    },
    {
      "quarter": "2022-09 (Q3)",
      "signal": "GROSS MARGIN INFLECTION",
      "detail": "GM: +68.3% -> -2.8% -> +44.7% (reversal +47.4%)",
      "severity": "HIGH"
    },
    {
      "quarter": "2022-09 (Q3)",
      "signal": "YoY REVENUE GROWTH DECELERATION",
      "detail": "YoY growth: -7.5% vs prior quarter YoY: +105149.5% (decel: -105157.0%)",
      "severity": "WARNING"
    },
    {
      "quarter": "2022-06 (Q2)",
      "signal": "YoY REVENUE GROWTH ACCELERATION",
      "detail": "YoY growth: +105149.5% vs prior quarter YoY: +252.1% (accel: +104897.4%)",
      "severity": "HIGH"
    },
    {
      "quarter": "2022-03 (Q1)",
      "signal": "GROSS MARGIN INFLECTION",
      "detail": "GM: +73.8% -> +62.2% -> +68.3% (reversal +6.0%)",
      "severity": "HIGH"
    },
    {
      "quarter": "2022-03 (Q1)",
      "signal": "YoY REVENUE GROWTH DECELERATION",
      "detail": "YoY growth: +252.1% vs prior quarter YoY: +416.1% (decel: -164.0%)",
      "severity": "WARNING"
    },
    {
      "quarter": "2021-12 (Q4)",
      "signal": "FCF MARGIN EXPANSION",
      "detail": "FCF margin: -72.5% -> -29.9% (+42.6%)",
      "severity": "MEDIUM"
    },
    {
      "quarter": "2021-09 (Q3)",
      "signal": "FCF MARGIN EXPANSION",
      "detail": "FCF margin: -60957.6% -> -72.5% (+60885.1%)",
      "severity": "MEDIUM"
    },
    {
      "quarter": "2021-09 (Q3)",
      "signal": "OPERATING LEVERAGE",
      "detail": "Rev growth +133495.2% vs OpEx growth +24.7% (leverage: 5406.8x)",
      "severity": "MEDIUM"
    },
    {
      "quarter": "2021-09 (Q3)",
      "signal": "GROSS MARGIN INFLECTION",
      "detail": "GM: +46.2% -> -26748.0% -> +73.8% (reversal +26821.8%)",
      "severity": "HIGH"
    },
    {
      "quarter": "2021-03 (Q1)",
      "signal": "FCF MARGIN EXPANSION",
      "detail": "FCF margin: -159.3% -> -107.0% (+52.3%)",
      "severity": "MEDIUM"
    }
  ],
  "data_quality": {
    "n_quarters": 20,
    "coverage": {
      "revenue": [
        20,
        20
      ],
      "gross_profit": [
        20,
        20
      ],
      "op_income": [
        20,
        20
      ],
      "fcf": [
        20,
        20
      ]
    },
    "gaps": [],
    "warnings": []
  },
  "market_cap": null,
  "source": "SEC EDGAR",
  "last_updated": "2026-02-03T01:07:47.493760"
}