{
  "ticker": "DHX",
  "name": "DHI Group, Inc.",
  "sector": "Technology",
  "industry": "Software - Application",
  "quarters": [
    {
      "date": "2021-03-31T00:00:00",
      "quarter_label": "2021-03 (Q1)",
      "revenue": 32633000,
      "gross_profit": 28323000,
      "operating_income": 498000,
      "net_income": 2671000,
      "opex": 26860000,
      "cogs": 4310000,
      "rd": 4184000,
      "sga": null,
      "fcf": 2721000,
      "ocf": 6424000,
      "capex": -3703000,
      "gross_margin": 0.8679251064872981,
      "op_margin": 0.015260625746943278,
      "fcf_margin": 0.0833818527257684
    },
    {
      "date": "2021-06-30T00:00:00",
      "quarter_label": "2021-06 (Q2)",
      "revenue": 28721000,
      "gross_profit": 25128000,
      "operating_income": 488000,
      "net_income": -30211000,
      "opex": 28233000,
      "cogs": 3593000,
      "rd": 3510000,
      "sga": null,
      "fcf": 9755000,
      "ocf": 12874000,
      "capex": -3119000,
      "gross_margin": 0.8748998990285853,
      "op_margin": 0.01699105184359876,
      "fcf_margin": 0.3396469482260367,
      "fcf_margin_change": 0.2562650955002683
    },
    {
      "date": "2021-09-30T00:00:00",
      "quarter_label": "2021-09 (Q3)",
      "revenue": 30758000,
      "gross_profit": 26967000,
      "operating_income": -2215000,
      "net_income": -2434000,
      "opex": 32973000,
      "cogs": 3791000,
      "rd": 4056000,
      "sga": null,
      "fcf": 2440000,
      "ocf": 6325000,
      "capex": -3885000,
      "gross_margin": 0.8767475128421874,
      "op_margin": -0.0720137850315365,
      "fcf_margin": 0.07932895506860003,
      "op_leverage_ratio": 0.4224449846824028,
      "fcf_margin_change": -0.26031799315743664
    },
    {
      "date": "2021-12-31T00:00:00",
      "quarter_label": "2021-12 (Q4)",
      "revenue": 33748000,
      "gross_profit": 29746000,
      "operating_income": 159000,
      "net_income": 232000,
      "opex": 33589000,
      "cogs": 4002000,
      "rd": 4852000,
      "sga": null,
      "fcf": -642000,
      "ocf": 2958000,
      "capex": -3600000,
      "gross_margin": 0.881415194974517,
      "op_margin": 0.004711390304610643,
      "fcf_margin": -0.019023349531824107,
      "op_leverage_ratio": 5.203443534487491,
      "fcf_margin_change": -0.09835230460042414
    },
    {
      "date": "2022-03-31T00:00:00",
      "quarter_label": "2022-03 (Q1)",
      "revenue": 34334000,
      "gross_profit": 30235000,
      "operating_income": 628000,
      "net_income": 1301000,
      "opex": 33706000,
      "cogs": 4099000,
      "rd": 3942000,
      "sga": null,
      "fcf": 5127000,
      "ocf": 9218000,
      "capex": -4091000,
      "gross_margin": 0.8806139686608027,
      "op_margin": 0.01829090697268014,
      "fcf_margin": 0.14932719753014503,
      "incr_op_margin_yoy": 0.07642563198118754,
      "rev_growth_yoy": 0.05212514938865565,
      "op_leverage_ratio": 4.984949788730753,
      "fcf_margin_change": 0.16835054706196914
    },
    {
      "date": "2022-06-30T00:00:00",
      "quarter_label": "2022-06 (Q2)",
      "revenue": 37057000,
      "gross_profit": 32876000,
      "operating_income": 905000,
      "net_income": 1450000,
      "opex": 36152000,
      "cogs": 4181000,
      "rd": 4360000,
      "sga": null,
      "fcf": 5791000,
      "ocf": 10230000,
      "capex": -4439000,
      "gross_margin": 0.8871738133146234,
      "op_margin": 0.024421836630056398,
      "fcf_margin": 0.15627276897752113,
      "incr_op_margin_yoy": 0.050023992322456814,
      "rev_growth_yoy": 0.290240590508687,
      "rev_growth_yoy_accel": 0.23811544112003136,
      "op_leverage_ratio": 1.0928838349605037,
      "fcf_margin_change": 0.006945571447376092
    },
    {
      "date": "2022-09-30T00:00:00",
      "quarter_label": "2022-09 (Q3)",
      "revenue": 38527000,
      "gross_profit": 33966000,
      "operating_income": 1218000,
      "net_income": -926000,
      "opex": 37309000,
      "cogs": 4561000,
      "rd": 4680000,
      "sga": null,
      "fcf": 4375000,
      "ocf": 9238000,
      "capex": -4863000,
      "gross_margin": 0.8816154904352792,
      "op_margin": 0.03161419264411971,
      "fcf_margin": 0.11355672645157941,
      "incr_op_margin_yoy": 0.44188441240828935,
      "rev_growth_yoy": 0.2525846934130958,
      "rev_growth_yoy_accel": -0.037655897095591195,
      "op_leverage_ratio": 1.2394986172461686,
      "fcf_margin_change": -0.042716042525941716
    },
    {
      "date": "2022-12-31T00:00:00",
      "quarter_label": "2022-12 (Q4)",
      "revenue": 39762000,
      "gross_profit": 34996000,
      "operating_income": 2809000,
      "net_income": 2351000,
      "opex": 39014000,
      "cogs": 4766000,
      "rd": 4692000,
      "sga": null,
      "fcf": 2766000,
      "ocf": 7349000,
      "capex": -4583000,
      "gross_margin": 0.8801368140435591,
      "op_margin": 0.07064533977164127,
      "fcf_margin": 0.06956390523615512,
      "incr_op_margin_yoy": 0.44063851014299965,
      "rev_growth_yoy": 0.17820315277942397,
      "rev_growth_yoy_accel": -0.07438154063367183,
      "op_leverage_ratio": 0.701440746090623,
      "fcf_margin_change": -0.04399282121542429
    },
    {
      "date": "2023-03-31T00:00:00",
      "quarter_label": "2023-03 (Q1)",
      "revenue": 38620000,
      "gross_profit": 33708000,
      "operating_income": 573000,
      "net_income": 460000,
      "opex": 38047000,
      "cogs": 4912000,
      "rd": 4694000,
      "sga": null,
      "fcf": -4822000,
      "ocf": 11000,
      "capex": -4833000,
      "gross_margin": 0.8728120145002589,
      "op_margin": 0.014836872087001553,
      "fcf_margin": -0.1248575867426204,
      "incr_op_margin_yoy": -0.012832477834811012,
      "rev_growth_yoy": 0.1248325275237374,
      "rev_growth_yoy_accel": -0.053370625255686574,
      "fcf_margin_change": -0.1944214919787755
    },
    {
      "date": "2023-06-30T00:00:00",
      "quarter_label": "2023-06 (Q2)",
      "revenue": 38538000,
      "gross_profit": 33582000,
      "operating_income": -29000,
      "net_income": -127000,
      "opex": 38567000,
      "cogs": 4956000,
      "rd": 4158000,
      "sga": null,
      "fcf": 3678000,
      "ocf": 8066000,
      "capex": -4388000,
      "gross_margin": 0.871399657480928,
      "op_margin": -0.0007525040220042555,
      "fcf_margin": 0.0954382687217811,
      "incr_op_margin_yoy": -0.6306549628629304,
      "rev_growth_yoy": 0.039965458617805004,
      "rev_growth_yoy_accel": -0.0848670689059324,
      "fcf_margin_change": 0.2202958554644015
    },
    {
      "date": "2023-09-30T00:00:00",
      "quarter_label": "2023-09 (Q3)",
      "revenue": 37433000,
      "gross_profit": 32462000,
      "operating_income": 2241000,
      "net_income": 1010000,
      "opex": 35192000,
      "cogs": 4971000,
      "rd": 4432000,
      "sga": null,
      "fcf": -120000,
      "ocf": 5647000,
      "capex": -5767000,
      "gross_margin": 0.8672027355541901,
      "op_margin": 0.0598669623059867,
      "fcf_margin": -0.003205727566585633,
      "incr_op_margin_yoy": -0.9351005484460695,
      "rev_growth_yoy": -0.028395670568692088,
      "rev_growth_yoy_accel": -0.06836112918649709,
      "fcf_margin_change": -0.09864399628836673
    },
    {
      "date": "2023-12-31T00:00:00",
      "quarter_label": "2023-12 (Q4)",
      "revenue": 37287000,
      "gross_profit": 32339000,
      "operating_income": 3503000,
      "net_income": 2148000,
      "opex": 33784000,
      "cogs": 4948000,
      "rd": 4493000,
      "sga": null,
      "fcf": 2357000,
      "ocf": 7621000,
      "capex": -5264000,
      "gross_margin": 0.8672995950331215,
      "op_margin": 0.09394695202081155,
      "fcf_margin": 0.06321237964974388,
      "incr_op_margin_yoy": -0.2804040404040404,
      "rev_growth_yoy": -0.062245359891353554,
      "rev_growth_yoy_accel": -0.03384968932266147,
      "fcf_margin_change": 0.06641810721632951
    },
    {
      "date": "2024-03-31T00:00:00",
      "quarter_label": "2024-03 (Q1)",
      "revenue": 36025000,
      "gross_profit": 31148000,
      "operating_income": 1969000,
      "net_income": -1512000,
      "opex": 34056000,
      "cogs": 4877000,
      "rd": 4798000,
      "sga": null,
      "fcf": -2355000,
      "ocf": 2087000,
      "capex": -4442000,
      "gross_margin": 0.8646217904233171,
      "op_margin": 0.05465648854961832,
      "fcf_margin": -0.06537126995142262,
      "incr_op_margin_yoy": -0.5379576107899807,
      "rev_growth_yoy": -0.06719316416364578,
      "rev_growth_yoy_accel": -0.004947804272292224,
      "fcf_margin_change": -0.1285836496011665
    },
    {
      "date": "2024-06-30T00:00:00",
      "quarter_label": "2024-06 (Q2)",
      "revenue": 35833000,
      "gross_profit": 30633000,
      "operating_income": 2003000,
      "net_income": 943000,
      "opex": 33830000,
      "cogs": 5200000,
      "rd": 4729000,
      "sga": null,
      "fcf": 5592000,
      "ocf": 9063000,
      "capex": -3471000,
      "gross_margin": 0.8548823709987999,
      "op_margin": 0.05589819440180839,
      "fcf_margin": 0.15605726564898278,
      "incr_op_margin_yoy": -0.7512014787430684,
      "rev_growth_yoy": -0.07019046136281074,
      "rev_growth_yoy_accel": -0.0029972971991649583,
      "fcf_margin_change": 0.2214285356004054
    },
    {
      "date": "2024-09-30T00:00:00",
      "quarter_label": "2024-09 (Q3)",
      "revenue": 35283000,
      "gross_profit": 30215000,
      "operating_income": 627000,
      "net_income": -200000,
      "opex": 34656000,
      "cogs": 5068000,
      "rd": 4776000,
      "sga": null,
      "fcf": 2293000,
      "ocf": 5526000,
      "capex": -3233000,
      "gross_margin": 0.8563614205141287,
      "op_margin": 0.017770597738287562,
      "fcf_margin": 0.06498880480684749,
      "incr_op_margin_yoy": 0.7506976744186047,
      "rev_growth_yoy": -0.057435952234659256,
      "rev_growth_yoy_accel": 0.01275450912815148,
      "fcf_margin_change": -0.0910684608421353
    },
    {
      "date": "2024-12-31T00:00:00",
      "quarter_label": "2024-12 (Q4)",
      "revenue": 34785000,
      "gross_profit": 29698000,
      "operating_income": 1726000,
      "net_income": 1022000,
      "opex": 33059000,
      "cogs": 5087000,
      "rd": 4580000,
      "sga": null,
      "fcf": 1583000,
      "ocf": 4369000,
      "capex": -2786000,
      "gross_margin": 0.8537588040822194,
      "op_margin": 0.049619088687652725,
      "fcf_margin": 0.04550812131665948,
      "incr_op_margin_yoy": 0.7102318145483613,
      "rev_growth_yoy": -0.06710113444363987,
      "rev_growth_yoy_accel": -0.009665182208980612,
      "fcf_margin_change": -0.019480683490188007
    },
    {
      "date": "2025-03-31T00:00:00",
      "quarter_label": "2025-03 (Q1)",
      "revenue": 32301000,
      "gross_profit": 26935000,
      "operating_income": -8881000,
      "net_income": -9351000,
      "opex": 41182000,
      "cogs": 5366000,
      "rd": 3842000,
      "sga": null,
      "fcf": 88000,
      "ocf": 2248000,
      "capex": -2160000,
      "gross_margin": 0.8338751122256277,
      "op_margin": -0.2749450481409244,
      "fcf_margin": 0.002724373858394477,
      "incr_op_margin_yoy": 2.9135338345864663,
      "rev_growth_yoy": -0.10337265787647468,
      "rev_growth_yoy_accel": -0.03627152343283481,
      "fcf_margin_change": -0.042783747458265006
    },
    {
      "date": "2025-06-30T00:00:00",
      "quarter_label": "2025-06 (Q2)",
      "revenue": 32027000,
      "gross_profit": 26913000,
      "operating_income": -1265000,
      "net_income": -841000,
      "opex": 33292000,
      "cogs": 5114000,
      "rd": 3138000,
      "sga": null,
      "fcf": 4841000,
      "ocf": 6866000,
      "capex": -2025000,
      "gross_margin": 0.8403222281200238,
      "op_margin": -0.03949792362693977,
      "fcf_margin": 0.15115371405376712,
      "incr_op_margin_yoy": 0.8586442459274829,
      "rev_growth_yoy": -0.10621494153433986,
      "rev_growth_yoy_accel": -0.00284228365786518,
      "fcf_margin_change": 0.14842934019537266
    },
    {
      "date": "2025-09-30T00:00:00",
      "quarter_label": "2025-09 (Q3)",
      "revenue": 32123000,
      "gross_profit": 27534000,
      "operating_income": -4487000,
      "net_income": -4269000,
      "opex": 36610000,
      "cogs": 4589000,
      "rd": 2877000,
      "sga": null,
      "fcf": 3170000,
      "ocf": 4763000,
      "capex": -1593000,
      "gross_margin": 0.8571428571428571,
      "op_margin": -0.13968184789714536,
      "fcf_margin": 0.09868318650188339,
      "incr_op_margin_yoy": 1.6183544303797468,
      "rev_growth_yoy": -0.08956154522007766,
      "rev_growth_yoy_accel": 0.0166533963142622,
      "fcf_margin_change": -0.052470527551883736
    },
    {
      "date": "2025-12-31T00:00:00",
      "quarter_label": "2025-12 (Q4)",
      "revenue": 31375000,
      "gross_profit": 26832000,
      "operating_income": 3660000,
      "net_income": 1351000,
      "opex": 27715000,
      "cogs": 4543000,
      "rd": 2985000,
      "sga": null,
      "fcf": 5694000,
      "ocf": 7225000,
      "capex": -1531000,
      "gross_margin": 0.855203187250996,
      "op_margin": 0.11665338645418327,
      "fcf_margin": 0.1814820717131474,
      "incr_op_margin_yoy": -0.5671554252199413,
      "rev_growth_yoy": -0.09803076038522351,
      "rev_growth_yoy_accel": -0.008469215165145857,
      "fcf_margin_change": 0.08279888521126401
    }
  ],
  "signals": [
    {
      "quarter": "2025-12 (Q4)",
      "signal": "FCF MARGIN EXPANSION",
      "detail": "FCF margin: +9.9% -> +18.1% (+8.3%)",
      "severity": "MEDIUM"
    },
    {
      "quarter": "2025-12 (Q4)",
      "signal": "OP MARGIN TURNED POSITIVE (QoQ)",
      "detail": "Op margin: -14.0% -> +11.7%",
      "severity": "HIGH"
    },
    {
      "quarter": "2025-06 (Q2)",
      "signal": "FCF MARGIN EXPANSION",
      "detail": "FCF margin: +0.3% -> +15.1% (+14.8%)",
      "severity": "MEDIUM"
    },
    {
      "quarter": "2024-12 (Q4)",
      "signal": "INCREMENTAL MARGIN (YoY)",
      "detail": "YoY Incr OPM: +71.0% vs year-ago OPM: +9.4%",
      "severity": "HIGH"
    },
    {
      "quarter": "2024-09 (Q3)",
      "signal": "INCREMENTAL MARGIN (YoY)",
      "detail": "YoY Incr OPM: +75.1% vs year-ago OPM: +6.0%",
      "severity": "HIGH"
    },
    {
      "quarter": "2024-06 (Q2)",
      "signal": "FCF TURNED POSITIVE",
      "detail": "FCF margin: -6.5% -> +15.6%",
      "severity": "HIGH"
    },
    {
      "quarter": "2024-06 (Q2)",
      "signal": "OP MARGIN TURNED POSITIVE (YoY)",
      "detail": "Op margin: -0.1% (year-ago) -> +5.6%",
      "severity": "HIGH"
    },
    {
      "quarter": "2023-12 (Q4)",
      "signal": "FCF TURNED POSITIVE",
      "detail": "FCF margin: -0.3% -> +6.3%",
      "severity": "HIGH"
    },
    {
      "quarter": "2023-09 (Q3)",
      "signal": "YoY REVENUE GROWTH DECELERATION",
      "detail": "YoY growth: -2.8% vs prior quarter YoY: +4.0% (decel: -6.8%)",
      "severity": "WARNING"
    },
    {
      "quarter": "2023-09 (Q3)",
      "signal": "OP MARGIN TURNED POSITIVE (QoQ)",
      "detail": "Op margin: -0.1% -> +6.0%",
      "severity": "HIGH"
    },
    {
      "quarter": "2023-06 (Q2)",
      "signal": "FCF TURNED POSITIVE",
      "detail": "FCF margin: -12.5% -> +9.5%",
      "severity": "HIGH"
    },
    {
      "quarter": "2023-06 (Q2)",
      "signal": "YoY REVENUE GROWTH DECELERATION",
      "detail": "YoY growth: +4.0% vs prior quarter YoY: +12.5% (decel: -8.5%)",
      "severity": "WARNING"
    },
    {
      "quarter": "2023-03 (Q1)",
      "signal": "YoY REVENUE GROWTH DECELERATION",
      "detail": "YoY growth: +12.5% vs prior quarter YoY: +17.8% (decel: -5.3%)",
      "severity": "WARNING"
    },
    {
      "quarter": "2022-12 (Q4)",
      "signal": "YoY REVENUE GROWTH DECELERATION",
      "detail": "YoY growth: +17.8% vs prior quarter YoY: +25.3% (decel: -7.4%)",
      "severity": "WARNING"
    },
    {
      "quarter": "2022-12 (Q4)",
      "signal": "INCREMENTAL MARGIN (YoY)",
      "detail": "YoY Incr OPM: +44.1% vs year-ago OPM: +0.5%",
      "severity": "HIGH"
    },
    {
      "quarter": "2022-09 (Q3)",
      "signal": "OP MARGIN TURNED POSITIVE (YoY)",
      "detail": "Op margin: -7.2% (year-ago) -> +3.2%",
      "severity": "HIGH"
    },
    {
      "quarter": "2022-06 (Q2)",
      "signal": "YoY REVENUE GROWTH ACCELERATION",
      "detail": "YoY growth: +29.0% vs prior quarter YoY: +5.2% (accel: +23.8%)",
      "severity": "HIGH"
    },
    {
      "quarter": "2022-03 (Q1)",
      "signal": "FCF TURNED POSITIVE",
      "detail": "FCF margin: -1.9% -> +14.9%",
      "severity": "HIGH"
    },
    {
      "quarter": "2022-03 (Q1)",
      "signal": "OPERATING LEVERAGE",
      "detail": "Rev growth +1.7% vs OpEx growth +0.3% (leverage: 5.0x)",
      "severity": "MEDIUM"
    },
    {
      "quarter": "2021-12 (Q4)",
      "signal": "OPERATING LEVERAGE",
      "detail": "Rev growth +9.7% vs OpEx growth +1.9% (leverage: 5.2x)",
      "severity": "MEDIUM"
    },
    {
      "quarter": "2021-12 (Q4)",
      "signal": "OP MARGIN TURNED POSITIVE (QoQ)",
      "detail": "Op margin: -7.2% -> +0.5%",
      "severity": "HIGH"
    },
    {
      "quarter": "2021-06 (Q2)",
      "signal": "FCF MARGIN EXPANSION",
      "detail": "FCF margin: +8.3% -> +34.0% (+25.6%)",
      "severity": "MEDIUM"
    }
  ],
  "data_quality": {
    "n_quarters": 20,
    "coverage": {
      "revenue": [
        20,
        20
      ],
      "gross_profit": [
        20,
        20
      ],
      "op_income": [
        20,
        20
      ],
      "fcf": [
        20,
        20
      ]
    },
    "gaps": [],
    "warnings": []
  },
  "market_cap": null,
  "source": "SEC EDGAR",
  "last_updated": "2026-02-13T11:34:14.713890"
}