{
  "ticker": "DINO",
  "name": "HF SINCLAIR CORPORATION",
  "quarters": [
    {
      "date": "2021-03-31T00:00:00",
      "quarter_label": "2021-03 (Q1)",
      "revenue": 3504293000,
      "gross_profit": 543988000,
      "operating_income": 138062000,
      "net_income": 148217000,
      "opex": 399909000,
      "cogs": 2960305000,
      "rd": null,
      "sga": 81975000,
      "fcf": -54417000,
      "ocf": 62326000,
      "capex": -116743000,
      "gross_margin": 0.15523473636479598,
      "op_margin": 0.03939796130061042,
      "fcf_margin": -0.015528667266121869
    },
    {
      "date": "2021-06-30T00:00:00",
      "quarter_label": "2021-06 (Q2)",
      "revenue": 4577123000,
      "gross_profit": 751394000,
      "operating_income": 334232000,
      "net_income": 168850000,
      "opex": 334191000,
      "cogs": 3825729000,
      "rd": null,
      "sga": 77754000,
      "fcf": 269373000,
      "ocf": 427755000,
      "capex": -158382000,
      "gross_margin": 0.16416294689917663,
      "op_margin": 0.07302228932890814,
      "fcf_margin": 0.0588520343455922,
      "op_leverage_ratio": Infinity,
      "fcf_margin_change": 0.07438070161171406
    },
    {
      "date": "2021-09-30T00:00:00",
      "quarter_label": "2021-09 (Q3)",
      "revenue": 4685059000,
      "gross_profit": 862201000,
      "operating_income": 297405000,
      "net_income": 280787000,
      "opex": 352520000,
      "cogs": 3822858000,
      "rd": null,
      "sga": 91056000,
      "fcf": 53126000,
      "ocf": 249413000,
      "capex": -196287000,
      "gross_margin": 0.1840320474085812,
      "op_margin": 0.0634794567154864,
      "fcf_margin": 0.011339451648314354,
      "op_leverage_ratio": 0.42996164408116044,
      "fcf_margin_change": -0.047512582697277844
    },
    {
      "date": "2021-12-31T00:00:00",
      "quarter_label": "2021-12 (Q4)",
      "revenue": 5622667000,
      "gross_profit": 664507000,
      "operating_income": -20513000,
      "net_income": -39530000,
      "opex": 430858000,
      "cogs": 4958160000,
      "rd": null,
      "sga": 111225000,
      "fcf": -586473000,
      "ocf": -332812000,
      "capex": -253661000,
      "gross_margin": 0.1181835950804129,
      "op_margin": -0.003648268695265076,
      "fcf_margin": -0.10430512779789378,
      "op_leverage_ratio": 0.9005700955418496,
      "fcf_margin_change": -0.11564457944620812
    },
    {
      "date": "2022-03-31T00:00:00",
      "quarter_label": "2022-03 (Q1)",
      "revenue": 7458750000,
      "gross_profit": 956738000,
      "operating_income": 232832000,
      "net_income": 159974000,
      "opex": 477434000,
      "cogs": 6502012000,
      "rd": null,
      "sga": 110422000,
      "fcf": 316887000,
      "ocf": 461036000,
      "capex": -144149000,
      "gross_margin": 0.12827055471761353,
      "op_margin": 0.031215954415954417,
      "fcf_margin": 0.04248526897938663,
      "incr_op_margin_yoy": 0.023965363639053352,
      "rev_growth_yoy": 1.128460719466095,
      "op_leverage_ratio": 3.0207996288533034,
      "fcf_margin_change": 0.1467903967772804
    },
    {
      "date": "2022-06-30T00:00:00",
      "quarter_label": "2022-06 (Q2)",
      "revenue": 11162160000,
      "gross_profit": 2582245000,
      "operating_income": 1666656000,
      "net_income": 1221262000,
      "opex": 606127000,
      "cogs": 8579915000,
      "rd": null,
      "sga": 110875000,
      "fcf": 1378011000,
      "ocf": 1528356000,
      "capex": -150345000,
      "gross_margin": 0.2313391852472998,
      "op_margin": 0.14931303618654454,
      "fcf_margin": 0.12345379388935475,
      "incr_op_margin_yoy": 0.2023411561696616,
      "rev_growth_yoy": 1.4386847371154325,
      "rev_growth_yoy_accel": 0.3102240176493376,
      "op_leverage_ratio": 1.8420192426563484,
      "fcf_margin_change": 0.08096852490996811
    },
    {
      "date": "2022-09-30T00:00:00",
      "quarter_label": "2022-09 (Q3)",
      "revenue": 10599002000,
      "gross_profit": 2223749000,
      "operating_income": 1327661000,
      "net_income": 954405000,
      "opex": 604591000,
      "cogs": 8375253000,
      "rd": null,
      "sga": 102677000,
      "fcf": 781062000,
      "ocf": 872817000,
      "capex": -91755000,
      "gross_margin": 0.20980739507361165,
      "op_margin": 0.1252628313495931,
      "fcf_margin": 0.07369203251400462,
      "incr_op_margin_yoy": 0.1742079692009206,
      "rev_growth_yoy": 1.262298511075314,
      "rev_growth_yoy_accel": -0.17638622604011855,
      "fcf_margin_change": -0.04976176137535013
    },
    {
      "date": "2022-12-31T00:00:00",
      "quarter_label": "2022-12 (Q4)",
      "revenue": 8984927000,
      "gross_profit": 1762094000,
      "operating_income": 827100000,
      "net_income": 587027000,
      "opex": 646741000,
      "cogs": 7222833000,
      "rd": null,
      "sga": 102511000,
      "fcf": 777040000,
      "ocf": 914791000,
      "capex": -137751000,
      "gross_margin": 0.196116674069806,
      "op_margin": 0.0920541702787346,
      "fcf_margin": 0.08648261694279764,
      "incr_op_margin_yoy": 0.2520962090974523,
      "rev_growth_yoy": 0.5979831279355509,
      "rev_growth_yoy_accel": -0.6643153831397631,
      "fcf_margin_change": 0.012790584428793023
    },
    {
      "date": "2023-03-31T00:00:00",
      "quarter_label": "2023-03 (Q1)",
      "revenue": 7565142000,
      "gross_profit": 1461085000,
      "operating_income": 504209000,
      "net_income": 353266000,
      "opex": 639383000,
      "cogs": 6104057000,
      "rd": null,
      "sga": 95913000,
      "fcf": 77636000,
      "ocf": 177705000,
      "capex": -100069000,
      "gross_margin": 0.19313384996606806,
      "op_margin": 0.06664898028351617,
      "fcf_margin": 0.010262332154505494,
      "incr_op_margin_yoy": 2.5507274983081434,
      "rev_growth_yoy": 0.014264052287581699,
      "rev_growth_yoy_accel": -0.5837190756479692,
      "fcf_margin_change": -0.07622028478829215
    },
    {
      "date": "2023-06-30T00:00:00",
      "quarter_label": "2023-06 (Q2)",
      "revenue": 7833646000,
      "gross_profit": 1560041000,
      "operating_income": 704356000,
      "net_income": 507661000,
      "opex": 546800000,
      "cogs": 6273605000,
      "rd": null,
      "sga": 127388000,
      "fcf": 409779000,
      "ocf": 489960000,
      "capex": -80181000,
      "gross_margin": 0.19914622131252804,
      "op_margin": 0.08991419831838202,
      "fcf_margin": 0.05231012481289045,
      "incr_op_margin_yoy": 0.2891079923353184,
      "rev_growth_yoy": -0.2981962272535065,
      "rev_growth_yoy_accel": -0.3124602795410882,
      "op_leverage_ratio": Infinity,
      "fcf_margin_change": 0.04204779265838496
    },
    {
      "date": "2023-09-30T00:00:00",
      "quarter_label": "2023-09 (Q3)",
      "revenue": 8905471000,
      "gross_profit": 1969821000,
      "operating_income": 1071362000,
      "net_income": 790922000,
      "opex": 622532000,
      "cogs": 6935650000,
      "rd": null,
      "sga": 124213000,
      "fcf": 1317719000,
      "ocf": 1398906000,
      "capex": -81187000,
      "gross_margin": 0.22119223115767825,
      "op_margin": 0.12030379976533527,
      "fcf_margin": 0.14796735624651408,
      "incr_op_margin_yoy": 0.15134001090030239,
      "rev_growth_yoy": -0.15978211910895007,
      "rev_growth_yoy_accel": 0.1384141081445564,
      "op_leverage_ratio": 0.9878909803819835,
      "fcf_margin_change": 0.09565723143362363
    },
    {
      "date": "2023-12-31T00:00:00",
      "quarter_label": "2023-12 (Q4)",
      "revenue": 7660136000,
      "gross_profit": 1188999000,
      "operating_income": -77361000,
      "net_income": -62183000,
      "opex": 629433000,
      "cogs": 6471137000,
      "rd": null,
      "sga": 150726000,
      "fcf": 106866000,
      "ocf": 230429000,
      "capex": -123563000,
      "gross_margin": 0.1552190457192927,
      "op_margin": -0.010099167952109467,
      "fcf_margin": 0.013950927242022857,
      "incr_op_margin_yoy": 0.682719764853475,
      "rev_growth_yoy": -0.1474459391823662,
      "rev_growth_yoy_accel": 0.012336179926583868,
      "fcf_margin_change": -0.13401642900449123
    },
    {
      "date": "2024-03-31T00:00:00",
      "quarter_label": "2024-03 (Q1)",
      "revenue": 7027145000,
      "gross_profit": 1100645000,
      "operating_income": 410800000,
      "net_income": 314664000,
      "opex": 607112000,
      "cogs": 5926500000,
      "rd": null,
      "sga": 103374000,
      "fcf": 228000000,
      "ocf": 317000000,
      "capex": -89000000,
      "gross_margin": 0.156627620463218,
      "op_margin": 0.05845901856301528,
      "fcf_margin": 0.032445609134292806,
      "incr_op_margin_yoy": 0.17362364474151343,
      "rev_growth_yoy": -0.0711152546773081,
      "rev_growth_yoy_accel": 0.0763306845050581,
      "fcf_margin_change": 0.01849468189226995
    },
    {
      "date": "2024-06-30T00:00:00",
      "quarter_label": "2024-06 (Q2)",
      "revenue": 7845831000,
      "gross_profit": 507112000,
      "operating_income": 196934000,
      "net_income": 151788000,
      "opex": 310178000,
      "cogs": 7338719000,
      "rd": null,
      "sga": 104858000,
      "fcf": 140000000,
      "ocf": 224000000,
      "capex": -84000000,
      "gross_margin": 0.06463458109153766,
      "op_margin": 0.025100464182825247,
      "fcf_margin": 0.017843871477731296,
      "incr_op_margin_yoy": -41.64316782929832,
      "rev_growth_yoy": 0.0015554698284808888,
      "rev_growth_yoy_accel": 0.07267072450578899,
      "op_leverage_ratio": Infinity,
      "fcf_margin_change": -0.01460173765656151
    },
    {
      "date": "2024-09-30T00:00:00",
      "quarter_label": "2024-09 (Q3)",
      "revenue": 7207140000,
      "gross_profit": 216966000,
      "operating_income": -120748000,
      "net_income": -75944000,
      "opex": 337714000,
      "cogs": 6990174000,
      "rd": null,
      "sga": 118014000,
      "fcf": 585000000,
      "ocf": 709000000,
      "capex": -124000000,
      "gross_margin": 0.0301043132227208,
      "op_margin": -0.016753941230501973,
      "fcf_margin": 0.08116950690565189,
      "incr_op_margin_yoy": 0.7019303068718642,
      "rev_growth_yoy": -0.19070647695107873,
      "rev_growth_yoy_accel": -0.19226194677955963,
      "fcf_margin_change": 0.06332563542792059
    },
    {
      "date": "2024-12-31T00:00:00",
      "quarter_label": "2024-12 (Q4)",
      "revenue": 6499884000,
      "gross_profit": 120019000,
      "operating_income": -225986000,
      "net_income": -213508000,
      "opex": 346005000,
      "cogs": 6379865000,
      "rd": null,
      "sga": 120754000,
      "fcf": -313000000,
      "ocf": -140000000,
      "capex": -173000000,
      "gross_margin": 0.018464791063963603,
      "op_margin": -0.03476769739275347,
      "fcf_margin": -0.04815470553012946,
      "incr_op_margin_yoy": 0.12809717199367035,
      "rev_growth_yoy": -0.15146624028607325,
      "rev_growth_yoy_accel": 0.03924023666500548,
      "fcf_margin_change": -0.12932421243578135
    },
    {
      "date": "2025-03-31T00:00:00",
      "quarter_label": "2025-03 (Q1)",
      "revenue": 6370000000,
      "gross_profit": 415000000,
      "operating_income": 81000000,
      "net_income": -4000000,
      "opex": 334000000,
      "cogs": 5955000000,
      "rd": null,
      "sga": 104000000,
      "fcf": -175000000,
      "ocf": -89000000,
      "capex": -86000000,
      "gross_margin": 0.065149136577708,
      "op_margin": 0.01271585557299843,
      "fcf_margin": -0.027472527472527472,
      "incr_op_margin_yoy": 0.5018679286915368,
      "rev_growth_yoy": -0.09351521848488967,
      "rev_growth_yoy_accel": 0.05795102180118358,
      "fcf_margin_change": 0.020682178057601988
    },
    {
      "date": "2025-06-30T00:00:00",
      "quarter_label": "2025-06 (Q2)",
      "revenue": 6784000000,
      "gross_profit": 624000000,
      "operating_income": 275000000,
      "net_income": 208000000,
      "opex": 349000000,
      "cogs": 6160000000,
      "rd": null,
      "sga": 114000000,
      "fcf": 476000000,
      "ocf": 587000000,
      "capex": -111000000,
      "gross_margin": 0.09198113207547169,
      "op_margin": 0.04053655660377359,
      "fcf_margin": 0.07016509433962265,
      "incr_op_margin_yoy": -0.07352017411433646,
      "rev_growth_yoy": -0.13533697067907785,
      "rev_growth_yoy_accel": -0.04182175219418818,
      "op_leverage_ratio": 1.4471585557299844,
      "fcf_margin_change": 0.09763762181215012
    },
    {
      "date": "2025-09-30T00:00:00",
      "quarter_label": "2025-09 (Q3)",
      "revenue": 7251000000,
      "gross_profit": 903000000,
      "operating_income": 564000000,
      "net_income": 403000000,
      "opex": 339000000,
      "cogs": 6348000000,
      "rd": null,
      "sga": 105000000,
      "fcf": 688000000,
      "ocf": 809000000,
      "capex": -121000000,
      "gross_margin": 0.12453454695904013,
      "op_margin": 0.07778237484484898,
      "fcf_margin": 0.09488346434974486,
      "incr_op_margin_yoy": 15.612129502963976,
      "rev_growth_yoy": 0.006085631748516055,
      "rev_growth_yoy_accel": 0.1414226024275939,
      "op_leverage_ratio": Infinity,
      "fcf_margin_change": 0.024718370010122212
    }
  ],
  "signals": [
    {
      "quarter": "2025-09 (Q3)",
      "signal": "YoY REVENUE GROWTH ACCELERATION",
      "detail": "YoY growth: +0.6% vs prior quarter YoY: -13.5% (accel: +14.1%)",
      "severity": "MEDIUM"
    },
    {
      "quarter": "2025-09 (Q3)",
      "signal": "OP MARGIN TURNED POSITIVE (YoY)",
      "detail": "Op margin: -1.7% (year-ago) -> +7.8%",
      "severity": "HIGH"
    },
    {
      "quarter": "2025-06 (Q2)",
      "signal": "FCF TURNED POSITIVE",
      "detail": "FCF margin: -2.7% -> +7.0%",
      "severity": "HIGH"
    },
    {
      "quarter": "2025-03 (Q1)",
      "signal": "GROSS MARGIN INFLECTION",
      "detail": "GM: +3.0% -> +1.8% -> +6.5% (reversal +4.7%)",
      "severity": "MEDIUM"
    },
    {
      "quarter": "2025-03 (Q1)",
      "signal": "YoY REVENUE GROWTH ACCELERATION",
      "detail": "YoY growth: -9.4% vs prior quarter YoY: -15.1% (accel: +5.8%)",
      "severity": "MEDIUM"
    },
    {
      "quarter": "2025-03 (Q1)",
      "signal": "INCREMENTAL MARGIN (YoY)",
      "detail": "YoY Incr OPM: +50.2% vs year-ago OPM: +5.8%",
      "severity": "HIGH"
    },
    {
      "quarter": "2025-03 (Q1)",
      "signal": "OP MARGIN TURNED POSITIVE (QoQ)",
      "detail": "Op margin: -3.5% -> +1.3%",
      "severity": "HIGH"
    },
    {
      "quarter": "2024-09 (Q3)",
      "signal": "FCF MARGIN EXPANSION",
      "detail": "FCF margin: +1.8% -> +8.1% (+6.3%)",
      "severity": "MEDIUM"
    },
    {
      "quarter": "2024-09 (Q3)",
      "signal": "YoY REVENUE GROWTH DECELERATION",
      "detail": "YoY growth: -19.1% vs prior quarter YoY: +0.2% (decel: -19.2%)",
      "severity": "WARNING"
    },
    {
      "quarter": "2024-06 (Q2)",
      "signal": "YoY REVENUE GROWTH ACCELERATION",
      "detail": "YoY growth: +0.2% vs prior quarter YoY: -7.1% (accel: +7.3%)",
      "severity": "MEDIUM"
    },
    {
      "quarter": "2024-03 (Q1)",
      "signal": "YoY REVENUE GROWTH ACCELERATION",
      "detail": "YoY growth: -7.1% vs prior quarter YoY: -14.7% (accel: +7.6%)",
      "severity": "MEDIUM"
    },
    {
      "quarter": "2024-03 (Q1)",
      "signal": "INCREMENTAL MARGIN (YoY)",
      "detail": "YoY Incr OPM: +17.4% vs year-ago OPM: +6.7%",
      "severity": "MEDIUM"
    },
    {
      "quarter": "2024-03 (Q1)",
      "signal": "OP MARGIN TURNED POSITIVE (QoQ)",
      "detail": "Op margin: -1.0% -> +5.8%",
      "severity": "HIGH"
    },
    {
      "quarter": "2023-09 (Q3)",
      "signal": "FCF MARGIN EXPANSION",
      "detail": "FCF margin: +5.2% -> +14.8% (+9.6%)",
      "severity": "MEDIUM"
    },
    {
      "quarter": "2023-09 (Q3)",
      "signal": "YoY REVENUE GROWTH ACCELERATION",
      "detail": "YoY growth: -16.0% vs prior quarter YoY: -29.8% (accel: +13.8%)",
      "severity": "MEDIUM"
    },
    {
      "quarter": "2023-06 (Q2)",
      "signal": "YoY REVENUE GROWTH DECELERATION",
      "detail": "YoY growth: -29.8% vs prior quarter YoY: +1.4% (decel: -31.2%)",
      "severity": "WARNING"
    },
    {
      "quarter": "2023-06 (Q2)",
      "signal": "INCREMENTAL MARGIN (YoY)",
      "detail": "YoY Incr OPM: +28.9% vs year-ago OPM: +14.9%",
      "severity": "MEDIUM"
    },
    {
      "quarter": "2023-03 (Q1)",
      "signal": "YoY REVENUE GROWTH DECELERATION",
      "detail": "YoY growth: +1.4% vs prior quarter YoY: +59.8% (decel: -58.4%)",
      "severity": "WARNING"
    },
    {
      "quarter": "2023-03 (Q1)",
      "signal": "INCREMENTAL MARGIN (YoY)",
      "detail": "YoY Incr OPM: +255.1% vs year-ago OPM: +3.1%",
      "severity": "HIGH"
    },
    {
      "quarter": "2022-12 (Q4)",
      "signal": "YoY REVENUE GROWTH DECELERATION",
      "detail": "YoY growth: +59.8% vs prior quarter YoY: +126.2% (decel: -66.4%)",
      "severity": "WARNING"
    },
    {
      "quarter": "2022-12 (Q4)",
      "signal": "OP MARGIN TURNED POSITIVE (YoY)",
      "detail": "Op margin: -0.4% (year-ago) -> +9.2%",
      "severity": "HIGH"
    },
    {
      "quarter": "2022-09 (Q3)",
      "signal": "YoY REVENUE GROWTH DECELERATION",
      "detail": "YoY growth: +126.2% vs prior quarter YoY: +143.9% (decel: -17.6%)",
      "severity": "WARNING"
    },
    {
      "quarter": "2022-09 (Q3)",
      "signal": "INCREMENTAL MARGIN (YoY)",
      "detail": "YoY Incr OPM: +17.4% vs year-ago OPM: +6.3%",
      "severity": "MEDIUM"
    },
    {
      "quarter": "2022-06 (Q2)",
      "signal": "FCF MARGIN EXPANSION",
      "detail": "FCF margin: +4.2% -> +12.3% (+8.1%)",
      "severity": "MEDIUM"
    },
    {
      "quarter": "2022-06 (Q2)",
      "signal": "OPERATING LEVERAGE",
      "detail": "Rev growth +49.7% vs OpEx growth +27.0% (leverage: 1.8x)",
      "severity": "MEDIUM"
    },
    {
      "quarter": "2022-06 (Q2)",
      "signal": "YoY REVENUE GROWTH ACCELERATION",
      "detail": "YoY growth: +143.9% vs prior quarter YoY: +112.8% (accel: +31.0%)",
      "severity": "HIGH"
    },
    {
      "quarter": "2022-06 (Q2)",
      "signal": "INCREMENTAL MARGIN (YoY)",
      "detail": "YoY Incr OPM: +20.2% vs year-ago OPM: +7.3%",
      "severity": "MEDIUM"
    },
    {
      "quarter": "2022-03 (Q1)",
      "signal": "FCF TURNED POSITIVE",
      "detail": "FCF margin: -10.4% -> +4.2%",
      "severity": "HIGH"
    },
    {
      "quarter": "2022-03 (Q1)",
      "signal": "OPERATING LEVERAGE",
      "detail": "Rev growth +32.7% vs OpEx growth +10.8% (leverage: 3.0x)",
      "severity": "MEDIUM"
    },
    {
      "quarter": "2022-03 (Q1)",
      "signal": "OP MARGIN TURNED POSITIVE (QoQ)",
      "detail": "Op margin: -0.4% -> +3.1%",
      "severity": "HIGH"
    },
    {
      "quarter": "2021-06 (Q2)",
      "signal": "FCF TURNED POSITIVE",
      "detail": "FCF margin: -1.6% -> +5.9%",
      "severity": "HIGH"
    }
  ],
  "data_quality": {
    "n_quarters": 19,
    "coverage": {
      "revenue": [
        19,
        19
      ],
      "gross_profit": [
        19,
        19
      ],
      "op_income": [
        19,
        19
      ],
      "fcf": [
        19,
        19
      ]
    },
    "gaps": [],
    "warnings": []
  },
  "market_cap": null,
  "source": "SEC EDGAR",
  "last_updated": "2026-02-02T20:40:37.162491"
}