{
  "ticker": "DIOD",
  "name": "DIODES INCORPORATED",
  "sector": "Technology",
  "industry": "Semiconductors",
  "quarters": [
    {
      "date": "2021-03-31T00:00:00",
      "quarter_label": "2021-03 (Q1)",
      "revenue": 413121000,
      "gross_profit": 138636000,
      "operating_income": 47390000,
      "net_income": 39452000,
      "opex": 91246000,
      "cogs": 274485000,
      "rd": 27659000,
      "sga": 58676000,
      "fcf": 51017000,
      "ocf": 68196000,
      "capex": -17179000,
      "gross_margin": 0.33558206917585887,
      "op_margin": 0.11471215455036175,
      "fcf_margin": 0.12349166466967305
    },
    {
      "date": "2021-06-30T00:00:00",
      "quarter_label": "2021-06 (Q2)",
      "revenue": 440448000,
      "gross_profit": 159802000,
      "operating_income": 65357000,
      "net_income": 55374000,
      "opex": 94445000,
      "cogs": 280646000,
      "rd": 29987000,
      "sga": 60280000,
      "fcf": 66010000,
      "ocf": 93868000,
      "capex": -27858000,
      "gross_margin": 0.3628169500145307,
      "op_margin": 0.14838755085730893,
      "fcf_margin": 0.1498701322290032,
      "op_leverage_ratio": 1.8867496583216505,
      "fcf_margin_change": 0.02637846755933014
    },
    {
      "date": "2021-09-30T00:00:00",
      "quarter_label": "2021-09 (Q3)",
      "revenue": 471422000,
      "gross_profit": 181231000,
      "operating_income": 77247000,
      "net_income": 68424000,
      "opex": 103984000,
      "cogs": 290191000,
      "rd": 31458000,
      "sga": 67803000,
      "fcf": 57812000,
      "ocf": 98925000,
      "capex": -41113000,
      "gross_margin": 0.3844347527268562,
      "op_margin": 0.16385955683018613,
      "fcf_margin": 0.12263322458434268,
      "op_leverage_ratio": 0.6962717485581074,
      "fcf_margin_change": -0.02723690764466051
    },
    {
      "date": "2021-12-31T00:00:00",
      "quarter_label": "2021-12 (Q4)",
      "revenue": 480171000,
      "gross_profit": 190691000,
      "operating_income": 85991000,
      "net_income": 65513000,
      "opex": 104700000,
      "cogs": 289480000,
      "rd": 30096000,
      "sga": 70951000,
      "fcf": 22509000,
      "ocf": 77554000,
      "capex": -55045000,
      "gross_margin": 0.3971314385916684,
      "op_margin": 0.1790841179496471,
      "fcf_margin": 0.04687705005091936,
      "op_leverage_ratio": 2.6952686995809585,
      "fcf_margin_change": -0.07575617453342331
    },
    {
      "date": "2022-03-31T00:00:00",
      "quarter_label": "2022-03 (Q1)",
      "revenue": 482123000,
      "gross_profit": 196697000,
      "operating_income": 93058000,
      "net_income": 72691000,
      "opex": 103639000,
      "cogs": 285426000,
      "rd": 28677000,
      "sga": 71443000,
      "fcf": 33775000,
      "ocf": 72317000,
      "capex": -38542000,
      "gross_margin": 0.4079809509191638,
      "op_margin": 0.1930171346316189,
      "fcf_margin": 0.07005473706917115,
      "incr_op_margin_yoy": 0.6618358888148169,
      "rev_growth_yoy": 0.16702612551770546,
      "fcf_margin_change": 0.023177687018251784
    },
    {
      "date": "2022-06-30T00:00:00",
      "quarter_label": "2022-06 (Q2)",
      "revenue": 500972000,
      "gross_profit": 206526000,
      "operating_income": 106238000,
      "net_income": 80155000,
      "opex": 100288000,
      "cogs": 294446000,
      "rd": 30762000,
      "sga": 69067000,
      "fcf": 45459000,
      "ocf": 85022000,
      "capex": -39563000,
      "gross_margin": 0.4122505848630263,
      "op_margin": 0.21206374807374465,
      "fcf_margin": 0.09074159833284096,
      "incr_op_margin_yoy": 0.6754510607362368,
      "rev_growth_yoy": 0.1374146323743098,
      "rev_growth_yoy_accel": -0.029611493143395673,
      "op_leverage_ratio": null,
      "fcf_margin_change": 0.02068686126366981
    },
    {
      "date": "2022-09-30T00:00:00",
      "quarter_label": "2022-09 (Q3)",
      "revenue": 521273000,
      "gross_profit": 217818000,
      "operating_income": 112446000,
      "net_income": 86386000,
      "opex": 105372000,
      "cogs": 303455000,
      "rd": 32787000,
      "sga": 68545000,
      "fcf": 62405000,
      "ocf": 132227000,
      "capex": -69822000,
      "gross_margin": 0.417857821141705,
      "op_margin": 0.21571422268178095,
      "fcf_margin": 0.1197165400855214,
      "incr_op_margin_yoy": 0.7060841307095144,
      "rev_growth_yoy": 0.10574601948996865,
      "rev_growth_yoy_accel": -0.03166861288434114,
      "op_leverage_ratio": 0.7993691923011814,
      "fcf_margin_change": 0.02897494175268045
    },
    {
      "date": "2022-12-31T00:00:00",
      "quarter_label": "2022-12 (Q4)",
      "revenue": 496212000,
      "gross_profit": 206196000,
      "operating_income": 96451000,
      "net_income": 92051000,
      "opex": 109745000,
      "cogs": 290016000,
      "rd": 34090000,
      "sga": 71822000,
      "fcf": 39134000,
      "ocf": 102935000,
      "capex": -63801000,
      "gross_margin": 0.4155401320403376,
      "op_margin": 0.1943745818319589,
      "fcf_margin": 0.07886548491370624,
      "incr_op_margin_yoy": 0.6520790474409326,
      "rev_growth_yoy": 0.0334068488101114,
      "rev_growth_yoy_accel": -0.07233917067985725,
      "fcf_margin_change": -0.04085105517181517
    },
    {
      "date": "2023-03-31T00:00:00",
      "quarter_label": "2023-03 (Q1)",
      "revenue": 467241000,
      "gross_profit": 194454000,
      "operating_income": 86427000,
      "net_income": 71150000,
      "opex": 108027000,
      "cogs": 272787000,
      "rd": 33232000,
      "sga": 70991000,
      "fcf": 51808000,
      "ocf": 99811000,
      "capex": -48003000,
      "gross_margin": 0.41617495040032876,
      "op_margin": 0.1849730652917873,
      "fcf_margin": 0.11088068041974056,
      "incr_op_margin_yoy": 0.44557183174304527,
      "rev_growth_yoy": -0.030867641659908365,
      "rev_growth_yoy_accel": -0.06427449047001976,
      "fcf_margin_change": 0.03201519550603432
    },
    {
      "date": "2023-06-30T00:00:00",
      "quarter_label": "2023-06 (Q2)",
      "revenue": 467152000,
      "gross_profit": 195376000,
      "operating_income": 89567000,
      "net_income": 82020000,
      "opex": 105809000,
      "cogs": 271776000,
      "rd": 34611000,
      "sga": 67500000,
      "fcf": 55631000,
      "ocf": 92617000,
      "capex": -36986000,
      "gross_margin": 0.41822790012672534,
      "op_margin": 0.19172988663218823,
      "fcf_margin": 0.11908543685995136,
      "incr_op_margin_yoy": 0.49293317563571853,
      "rev_growth_yoy": -0.06750876296479644,
      "rev_growth_yoy_accel": -0.03664112130488807,
      "fcf_margin_change": 0.008204756440210806
    },
    {
      "date": "2023-09-30T00:00:00",
      "quarter_label": "2023-09 (Q3)",
      "revenue": 404647000,
      "gross_profit": 155876000,
      "operating_income": 53874000,
      "net_income": 48720000,
      "opex": 102002000,
      "cogs": 248771000,
      "rd": 34068000,
      "sga": 62964000,
      "fcf": 11611000,
      "ocf": 50094000,
      "capex": -38483000,
      "gross_margin": 0.38521476743927424,
      "op_margin": 0.13313826619250854,
      "fcf_margin": 0.028694145761614446,
      "incr_op_margin_yoy": 0.5022207740984,
      "rev_growth_yoy": -0.22373305350555275,
      "rev_growth_yoy_accel": -0.15622429054075632,
      "fcf_margin_change": -0.09039129109833692
    },
    {
      "date": "2023-12-31T00:00:00",
      "quarter_label": "2023-12 (Q4)",
      "revenue": 322699000,
      "gross_profit": 112476000,
      "operating_income": 20703000,
      "net_income": 25292000,
      "opex": 91773000,
      "cogs": 210223000,
      "rd": 32957000,
      "sga": 56484000,
      "fcf": 11095000,
      "ocf": 38392000,
      "capex": -27297000,
      "gross_margin": 0.34854771784232363,
      "op_margin": 0.06415576125119693,
      "fcf_margin": 0.03438188528628846,
      "incr_op_margin_yoy": 0.43655518606675003,
      "rev_growth_yoy": -0.3496751388519423,
      "rev_growth_yoy_accel": -0.12594208534638954,
      "fcf_margin_change": 0.005687739524674013
    },
    {
      "date": "2024-03-31T00:00:00",
      "quarter_label": "2024-03 (Q1)",
      "revenue": 301972000,
      "gross_profit": 99584000,
      "operating_income": 12948000,
      "net_income": 14038000,
      "opex": 86636000,
      "cogs": 202388000,
      "rd": 33964000,
      "sga": 53735000,
      "fcf": -51524000,
      "ocf": -31143000,
      "capex": -20381000,
      "gross_margin": 0.32977891989985825,
      "op_margin": 0.04287814764282781,
      "fcf_margin": -0.17062509106804605,
      "incr_op_margin_yoy": 0.4446024360285353,
      "rev_growth_yoy": -0.3537125380692191,
      "rev_growth_yoy_accel": -0.004037399217276805,
      "fcf_margin_change": -0.2050069763543345
    },
    {
      "date": "2024-06-30T00:00:00",
      "quarter_label": "2024-06 (Q2)",
      "revenue": 319771000,
      "gross_profit": 107386000,
      "operating_income": 3708000,
      "net_income": 8000000,
      "opex": 103678000,
      "cogs": 212385000,
      "rd": 33189000,
      "sga": 58467000,
      "fcf": -3548000,
      "ocf": 14399000,
      "capex": -17947000,
      "gross_margin": 0.3358215723126863,
      "op_margin": 0.011595798243117732,
      "fcf_margin": -0.011095440174374787,
      "incr_op_margin_yoy": 0.5825649167803176,
      "rev_growth_yoy": -0.31548832071788196,
      "rev_growth_yoy_accel": 0.03822421735133713,
      "op_leverage_ratio": 0.29964480961171724,
      "fcf_margin_change": 0.15952965089367127
    },
    {
      "date": "2024-09-30T00:00:00",
      "quarter_label": "2024-09 (Q3)",
      "revenue": 350079000,
      "gross_profit": 118008000,
      "operating_income": 21877000,
      "net_income": 13745000,
      "opex": 96131000,
      "cogs": 232071000,
      "rd": 33691000,
      "sga": 59388000,
      "fcf": 39357000,
      "ocf": 54357000,
      "capex": -15000000,
      "gross_margin": 0.3370896283410316,
      "op_margin": 0.06249160903681741,
      "fcf_margin": 0.11242319590720952,
      "incr_op_margin_yoy": 0.5863693006890486,
      "rev_growth_yoy": -0.13485334130736173,
      "rev_growth_yoy_accel": 0.18063497941052023,
      "op_leverage_ratio": null,
      "fcf_margin_change": 0.12351863608158431
    },
    {
      "date": "2024-12-31T00:00:00",
      "quarter_label": "2024-12 (Q4)",
      "revenue": 339298000,
      "gross_profit": 110884000,
      "operating_income": 11917000,
      "net_income": 8241000,
      "opex": 98967000,
      "cogs": 228414000,
      "rd": 33207000,
      "sga": 62323000,
      "fcf": 62126000,
      "ocf": 81822000,
      "capex": -19696000,
      "gross_margin": 0.32680416624913794,
      "op_margin": 0.03512251766883388,
      "fcf_margin": 0.18310158032172308,
      "incr_op_margin_yoy": -0.529308994517742,
      "rev_growth_yoy": 0.05143802738775143,
      "rev_growth_yoy_accel": 0.18629136869511317,
      "fcf_margin_change": 0.07067838441451356
    },
    {
      "date": "2025-03-31T00:00:00",
      "quarter_label": "2025-03 (Q1)",
      "revenue": 332113000,
      "gross_profit": 104694000,
      "operating_income": 1296000,
      "net_income": -4437000,
      "opex": 103398000,
      "cogs": 227419000,
      "rd": 38627000,
      "sga": 58699000,
      "fcf": 40849000,
      "ocf": 56743000,
      "capex": -15894000,
      "gross_margin": 0.315236079286267,
      "op_margin": 0.0039022862700345967,
      "fcf_margin": 0.1229972930900025,
      "incr_op_margin_yoy": -0.386583059619787,
      "rev_growth_yoy": 0.09981389002953917,
      "rev_growth_yoy_accel": 0.04837586264178773,
      "fcf_margin_change": -0.06010428723172058
    },
    {
      "date": "2025-06-30T00:00:00",
      "quarter_label": "2025-06 (Q2)",
      "revenue": 366212000,
      "gross_profit": 115324000,
      "operating_income": 9389000,
      "net_income": 46098000,
      "opex": 105935000,
      "cogs": 250888000,
      "rd": 40537000,
      "sga": 59470000,
      "fcf": 21077000,
      "ocf": 41521000,
      "capex": -20444000,
      "gross_margin": 0.3149104890063679,
      "op_margin": 0.025638154948499775,
      "fcf_margin": 0.057554094349720926,
      "incr_op_margin_yoy": 0.12232725393510045,
      "rev_growth_yoy": 0.14523205669056918,
      "rev_growth_yoy_accel": 0.04541816666103002,
      "op_leverage_ratio": 4.184537251896141,
      "fcf_margin_change": -0.06544319874028157
    },
    {
      "date": "2025-09-30T00:00:00",
      "quarter_label": "2025-09 (Q3)",
      "revenue": 392170000,
      "gross_profit": 120488000,
      "operating_income": 11572000,
      "net_income": 14278000,
      "opex": 108916000,
      "cogs": 271682000,
      "rd": 41861000,
      "sga": 60498000,
      "fcf": 62811000,
      "ocf": 79133000,
      "capex": -16322000,
      "gross_margin": 0.30723410765739345,
      "op_margin": 0.029507611495014918,
      "fcf_margin": 0.16016268455006757,
      "incr_op_margin_yoy": -0.24482668503955715,
      "rev_growth_yoy": 0.12023286172549624,
      "rev_growth_yoy_accel": -0.02499919496507294,
      "op_leverage_ratio": 2.5189303077739487,
      "fcf_margin_change": 0.10260859020034666
    },
    {
      "date": "2025-12-31T00:00:00",
      "quarter_label": "2025-12 (Q4)",
      "revenue": 391578000,
      "gross_profit": 121930000,
      "operating_income": 13205000,
      "net_income": 10202000,
      "opex": 108725000,
      "cogs": 269648000,
      "rd": 41150000,
      "sga": 62939000,
      "fcf": 12414000,
      "ocf": 38116000,
      "capex": -25702000,
      "gross_margin": 0.31138112968552883,
      "op_margin": 0.033722527823320005,
      "fcf_margin": 0.03170249605442594,
      "incr_op_margin_yoy": 0.024636572302983932,
      "rev_growth_yoy": 0.15408284163183986,
      "rev_growth_yoy_accel": 0.033849979906343614,
      "fcf_margin_change": -0.12846018849564164
    }
  ],
  "signals": [
    {
      "quarter": "2025-09 (Q3)",
      "signal": "FCF MARGIN EXPANSION",
      "detail": "FCF margin: +5.8% -> +16.0% (+10.3%)",
      "severity": "MEDIUM"
    },
    {
      "quarter": "2025-09 (Q3)",
      "signal": "OPERATING LEVERAGE",
      "detail": "Rev growth +7.1% vs OpEx growth +2.8% (leverage: 2.5x)",
      "severity": "MEDIUM"
    },
    {
      "quarter": "2025-06 (Q2)",
      "signal": "OPERATING LEVERAGE",
      "detail": "Rev growth +10.3% vs OpEx growth +2.5% (leverage: 4.2x)",
      "severity": "MEDIUM"
    },
    {
      "quarter": "2025-06 (Q2)",
      "signal": "INCREMENTAL MARGIN (YoY)",
      "detail": "YoY Incr OPM: +12.2% vs year-ago OPM: +1.2%",
      "severity": "MEDIUM"
    },
    {
      "quarter": "2024-12 (Q4)",
      "signal": "FCF MARGIN EXPANSION",
      "detail": "FCF margin: +11.2% -> +18.3% (+7.1%)",
      "severity": "MEDIUM"
    },
    {
      "quarter": "2024-12 (Q4)",
      "signal": "YoY REVENUE GROWTH ACCELERATION",
      "detail": "YoY growth: +5.1% vs prior quarter YoY: -13.5% (accel: +18.6%)",
      "severity": "HIGH"
    },
    {
      "quarter": "2024-09 (Q3)",
      "signal": "FCF TURNED POSITIVE",
      "detail": "FCF margin: -1.1% -> +11.2%",
      "severity": "HIGH"
    },
    {
      "quarter": "2024-09 (Q3)",
      "signal": "YoY REVENUE GROWTH ACCELERATION",
      "detail": "YoY growth: -13.5% vs prior quarter YoY: -31.5% (accel: +18.1%)",
      "severity": "HIGH"
    },
    {
      "quarter": "2024-09 (Q3)",
      "signal": "INCREMENTAL MARGIN (YoY)",
      "detail": "YoY Incr OPM: +58.6% vs year-ago OPM: +13.3%",
      "severity": "HIGH"
    },
    {
      "quarter": "2024-06 (Q2)",
      "signal": "FCF MARGIN EXPANSION",
      "detail": "FCF margin: -17.1% -> -1.1% (+16.0%)",
      "severity": "MEDIUM"
    },
    {
      "quarter": "2024-06 (Q2)",
      "signal": "INCREMENTAL MARGIN (YoY)",
      "detail": "YoY Incr OPM: +58.3% vs year-ago OPM: +19.2%",
      "severity": "HIGH"
    },
    {
      "quarter": "2024-03 (Q1)",
      "signal": "INCREMENTAL MARGIN (YoY)",
      "detail": "YoY Incr OPM: +44.5% vs year-ago OPM: +18.5%",
      "severity": "HIGH"
    },
    {
      "quarter": "2023-12 (Q4)",
      "signal": "YoY REVENUE GROWTH DECELERATION",
      "detail": "YoY growth: -35.0% vs prior quarter YoY: -22.4% (decel: -12.6%)",
      "severity": "WARNING"
    },
    {
      "quarter": "2023-12 (Q4)",
      "signal": "INCREMENTAL MARGIN (YoY)",
      "detail": "YoY Incr OPM: +43.7% vs year-ago OPM: +19.4%",
      "severity": "HIGH"
    },
    {
      "quarter": "2023-09 (Q3)",
      "signal": "YoY REVENUE GROWTH DECELERATION",
      "detail": "YoY growth: -22.4% vs prior quarter YoY: -6.8% (decel: -15.6%)",
      "severity": "WARNING"
    },
    {
      "quarter": "2023-09 (Q3)",
      "signal": "INCREMENTAL MARGIN (YoY)",
      "detail": "YoY Incr OPM: +50.2% vs year-ago OPM: +21.6%",
      "severity": "HIGH"
    },
    {
      "quarter": "2023-06 (Q2)",
      "signal": "INCREMENTAL MARGIN (YoY)",
      "detail": "YoY Incr OPM: +49.3% vs year-ago OPM: +21.2%",
      "severity": "HIGH"
    },
    {
      "quarter": "2023-03 (Q1)",
      "signal": "YoY REVENUE GROWTH DECELERATION",
      "detail": "YoY growth: -3.1% vs prior quarter YoY: +3.3% (decel: -6.4%)",
      "severity": "WARNING"
    },
    {
      "quarter": "2023-03 (Q1)",
      "signal": "INCREMENTAL MARGIN (YoY)",
      "detail": "YoY Incr OPM: +44.6% vs year-ago OPM: +19.3%",
      "severity": "HIGH"
    },
    {
      "quarter": "2022-12 (Q4)",
      "signal": "YoY REVENUE GROWTH DECELERATION",
      "detail": "YoY growth: +3.3% vs prior quarter YoY: +10.6% (decel: -7.2%)",
      "severity": "WARNING"
    },
    {
      "quarter": "2022-12 (Q4)",
      "signal": "INCREMENTAL MARGIN (YoY)",
      "detail": "YoY Incr OPM: +65.2% vs year-ago OPM: +17.9%",
      "severity": "HIGH"
    },
    {
      "quarter": "2022-09 (Q3)",
      "signal": "INCREMENTAL MARGIN (YoY)",
      "detail": "YoY Incr OPM: +70.6% vs year-ago OPM: +16.4%",
      "severity": "HIGH"
    },
    {
      "quarter": "2022-06 (Q2)",
      "signal": "INCREMENTAL MARGIN (YoY)",
      "detail": "YoY Incr OPM: +67.5% vs year-ago OPM: +14.8%",
      "severity": "HIGH"
    },
    {
      "quarter": "2022-03 (Q1)",
      "signal": "INCREMENTAL MARGIN (YoY)",
      "detail": "YoY Incr OPM: +66.2% vs year-ago OPM: +11.5%",
      "severity": "HIGH"
    },
    {
      "quarter": "2021-12 (Q4)",
      "signal": "OPERATING LEVERAGE",
      "detail": "Rev growth +1.9% vs OpEx growth +0.7% (leverage: 2.7x)",
      "severity": "MEDIUM"
    },
    {
      "quarter": "2021-06 (Q2)",
      "signal": "OPERATING LEVERAGE",
      "detail": "Rev growth +6.6% vs OpEx growth +3.5% (leverage: 1.9x)",
      "severity": "MEDIUM"
    }
  ],
  "data_quality": {
    "n_quarters": 20,
    "coverage": {
      "revenue": [
        20,
        20
      ],
      "gross_profit": [
        20,
        20
      ],
      "op_income": [
        20,
        20
      ],
      "fcf": [
        20,
        20
      ]
    },
    "gaps": [],
    "warnings": []
  },
  "market_cap": null,
  "source": "SEC EDGAR",
  "last_updated": "2026-02-24T11:05:55.572473"
}