{
  "ticker": "DIT",
  "name": "AMCON DISTRIBUTING CO",
  "quarters": [
    {
      "date": "2021-03-31T00:00:00",
      "quarter_label": "2021-03 (Q1)",
      "revenue": 378513490,
      "gross_profit": 22972786,
      "operating_income": 3170694,
      "net_income": 2428908,
      "opex": 19802092,
      "cogs": 355540704,
      "rd": null,
      "sga": 19022167,
      "fcf": -5710176,
      "ocf": -5422114,
      "capex": -288062,
      "gross_margin": 0.06069211958601528,
      "op_margin": 0.008376700127649347,
      "fcf_margin": -0.015085792582980331
    },
    {
      "date": "2021-06-30T00:00:00",
      "quarter_label": "2021-06 (Q2)",
      "revenue": 438313030,
      "gross_profit": 25541706,
      "operating_income": 4299409,
      "net_income": 3691210,
      "opex": 21242297,
      "cogs": 412771324,
      "rd": null,
      "sga": 20501117,
      "fcf": -9086575,
      "ocf": -8552184,
      "capex": -534391,
      "gross_margin": 0.05827275086939578,
      "op_margin": 0.00980899198912704,
      "fcf_margin": -0.020730789134879243,
      "op_leverage_ratio": 2.172217162499319,
      "fcf_margin_change": -0.005644996551898911
    },
    {
      "date": "2021-09-30T00:00:00",
      "quarter_label": "2021-09 (Q3)",
      "revenue": 450807287,
      "gross_profit": 28572305,
      "operating_income": 6266638,
      "net_income": 6347537,
      "opex": 22305667,
      "cogs": 422234982,
      "rd": null,
      "sga": 21508040,
      "fcf": 7937396,
      "ocf": 8208320,
      "capex": -270924,
      "gross_margin": 0.06338030866834679,
      "op_margin": 0.013900924365492787,
      "fcf_margin": 0.017607071200692458,
      "op_leverage_ratio": 0.5694336483407562,
      "fcf_margin_change": 0.0383378603355717
    },
    {
      "date": "2021-12-31T00:00:00",
      "quarter_label": "2021-12 (Q4)",
      "revenue": 422571278,
      "gross_profit": 26932663,
      "operating_income": 3757678,
      "net_income": 3001055,
      "opex": 23174985,
      "cogs": 395638615,
      "rd": null,
      "sga": 22390740,
      "fcf": -940032,
      "ocf": -606948,
      "capex": -333084,
      "gross_margin": 0.06373519546210142,
      "op_margin": 0.008892412228736473,
      "fcf_margin": -0.002224552516794575,
      "fcf_margin_change": -0.01983162371748703
    },
    {
      "date": "2022-03-31T00:00:00",
      "quarter_label": "2022-03 (Q1)",
      "revenue": 391888192,
      "gross_profit": 26676922,
      "operating_income": 3943349,
      "net_income": 3006182,
      "opex": 22733573,
      "cogs": 365211270,
      "rd": null,
      "sga": 21915351,
      "fcf": 13761386,
      "ocf": 14402726,
      "capex": -641340,
      "gross_margin": 0.06807278847534146,
      "op_margin": 0.01006243382806492,
      "fcf_margin": 0.0351155923575263,
      "incr_op_margin_yoy": 0.057769885265481054,
      "rev_growth_yoy": 0.035334809335329107,
      "fcf_margin_change": 0.03734014487432088
    },
    {
      "date": "2022-06-30T00:00:00",
      "quarter_label": "2022-06 (Q2)",
      "revenue": 550584152,
      "gross_profit": 33676612,
      "operating_income": 6901786,
      "net_income": 5982831,
      "opex": 26774826,
      "cogs": 516907540,
      "rd": null,
      "sga": 25862325,
      "fcf": -19623540,
      "ocf": -6657536,
      "capex": -12966004,
      "gross_margin": 0.061165240368197156,
      "op_margin": 0.012535388050907793,
      "fcf_margin": -0.03564130919627342,
      "incr_op_margin_yoy": 0.023179397815228032,
      "rev_growth_yoy": 0.2561437016827905,
      "rev_growth_yoy_accel": 0.22080889234746137,
      "op_leverage_ratio": 2.2780085584075067,
      "fcf_margin_change": -0.07075690155379971
    },
    {
      "date": "2022-09-30T00:00:00",
      "quarter_label": "2022-09 (Q3)",
      "revenue": 645754764,
      "gross_profit": 40433370,
      "operating_income": 7998554,
      "net_income": 4682189,
      "opex": 32434816,
      "cogs": 605321394,
      "rd": null,
      "sga": 31305944,
      "fcf": 15000463,
      "ocf": 15751834,
      "capex": -751371,
      "gross_margin": 0.06261412575502115,
      "op_margin": 0.0123863646788365,
      "fcf_margin": 0.02322934933856717,
      "incr_op_margin_yoy": 0.008884013410442855,
      "rev_growth_yoy": 0.43244082920070454,
      "rev_growth_yoy_accel": 0.17629712751791404,
      "op_leverage_ratio": 0.8176927532568162,
      "fcf_margin_change": 0.05887065853484059
    },
    {
      "date": "2022-12-31T00:00:00",
      "quarter_label": "2022-12 (Q4)",
      "revenue": 565989507,
      "gross_profit": 34969583,
      "operating_income": 5519511,
      "net_income": 2629001,
      "opex": 29450072,
      "cogs": 531019924,
      "rd": null,
      "sga": 28379186,
      "fcf": -49927898,
      "ocf": -48472493,
      "capex": -1455405,
      "gross_margin": 0.06178486096916281,
      "op_margin": 0.00975196700952267,
      "fcf_margin": -0.08821346930023563,
      "incr_op_margin_yoy": 0.012284582038730934,
      "rev_growth_yoy": 0.33939417198156097,
      "rev_growth_yoy_accel": -0.09304665721914357,
      "fcf_margin_change": -0.1114428186388028
    },
    {
      "date": "2023-03-31T00:00:00",
      "quarter_label": "2023-03 (Q1)",
      "revenue": 584993848,
      "gross_profit": 41132561,
      "operating_income": 5327820,
      "net_income": 2065574,
      "opex": 35804741,
      "cogs": 543861287,
      "rd": null,
      "sga": 33996988,
      "fcf": 90114223,
      "ocf": 91419404,
      "capex": -1305181,
      "gross_margin": 0.07031280951180191,
      "op_margin": 0.009107480391827984,
      "fcf_margin": 0.15404302679094156,
      "incr_op_margin_yoy": 0.0071694999964164695,
      "rev_growth_yoy": 0.49275701575616754,
      "rev_growth_yoy_accel": 0.15336284377460657,
      "op_leverage_ratio": 0.15561012855678893,
      "fcf_margin_change": 0.2422564960911772
    },
    {
      "date": "2023-06-30T00:00:00",
      "quarter_label": "2023-06 (Q2)",
      "revenue": 696489427,
      "gross_profit": 46865776,
      "operating_income": 7910827,
      "net_income": 3944379,
      "opex": 38954949,
      "cogs": 649623651,
      "rd": null,
      "sga": 36851520,
      "fcf": -37438639,
      "ocf": -33439296,
      "capex": -3999343,
      "gross_margin": 0.06728856775596107,
      "op_margin": 0.011358143703737804,
      "fcf_margin": -0.053753348649182006,
      "incr_op_margin_yoy": 0.006915726658957327,
      "rev_growth_yoy": 0.2650008622115226,
      "rev_growth_yoy_accel": -0.22775615354464496,
      "op_leverage_ratio": 2.1662454060547915,
      "fcf_margin_change": -0.20779637544012358
    },
    {
      "date": "2023-09-30T00:00:00",
      "quarter_label": "2023-09 (Q3)",
      "revenue": 692522217,
      "gross_profit": 47876977,
      "operating_income": 7208426,
      "net_income": 2957439,
      "opex": 40668551,
      "cogs": 644645240,
      "rd": null,
      "sga": 38073973,
      "fcf": 5413185,
      "ocf": 10214603,
      "capex": -4801418,
      "gross_margin": 0.06913421089564842,
      "op_margin": 0.010408945479362145,
      "fcf_margin": 0.007816622870887621,
      "incr_op_margin_yoy": -0.01689482640844264,
      "rev_growth_yoy": 0.07242293143965098,
      "rev_growth_yoy_accel": -0.1925779307718716,
      "fcf_margin_change": 0.06156997152006963
    },
    {
      "date": "2023-12-31T00:00:00",
      "quarter_label": "2023-12 (Q4)",
      "revenue": 644959073,
      "gross_profit": 43300922,
      "operating_income": 3823077,
      "net_income": 1070961,
      "opex": 39477845,
      "cogs": 601658151,
      "rd": null,
      "sga": 37258677,
      "fcf": 1048981,
      "ocf": 4996124,
      "capex": -3947143,
      "gross_margin": 0.06713747245788416,
      "op_margin": 0.005927627286824756,
      "fcf_margin": 0.0016264303332003828,
      "incr_op_margin_yoy": -0.021482123885548515,
      "rev_growth_yoy": 0.13952478804523138,
      "rev_growth_yoy_accel": 0.0671018566055804,
      "fcf_margin_change": -0.006190192537687238
    },
    {
      "date": "2024-03-31T00:00:00",
      "quarter_label": "2024-03 (Q1)",
      "revenue": 601877306,
      "gross_profit": 42310867,
      "operating_income": 3343663,
      "net_income": 539543,
      "opex": 38967204,
      "cogs": 559566439,
      "rd": null,
      "sga": 36677814,
      "fcf": 41623782,
      "ocf": 48761029,
      "capex": -7137247,
      "gross_margin": 0.07029815973822412,
      "op_margin": 0.005555389722569137,
      "fcf_margin": 0.06915658986484531,
      "incr_op_margin_yoy": -0.11752077092263918,
      "rev_growth_yoy": 0.028860915474105978,
      "rev_growth_yoy_accel": -0.11066387257112541,
      "fcf_margin_change": 0.06753015953164493
    },
    {
      "date": "2024-06-30T00:00:00",
      "quarter_label": "2024-06 (Q2)",
      "revenue": 717852293,
      "gross_profit": 47958754,
      "operating_income": 5622620,
      "net_income": 1489399,
      "opex": 42336134,
      "cogs": 669893539,
      "rd": null,
      "sga": 39920976,
      "fcf": -32595566,
      "ocf": -26886470,
      "capex": -5709096,
      "gross_margin": 0.06680866588803945,
      "op_margin": 0.007832558389557168,
      "fcf_margin": -0.045407065378002494,
      "incr_op_margin_yoy": -0.10711142409450118,
      "rev_growth_yoy": 0.030672204303253552,
      "rev_growth_yoy_accel": 0.0018112888291475747,
      "op_leverage_ratio": 2.2287616278490727,
      "fcf_margin_change": -0.11456365524284781
    },
    {
      "date": "2024-09-30T00:00:00",
      "quarter_label": "2024-09 (Q3)",
      "revenue": 746292435,
      "gross_profit": 48783912,
      "operating_income": 5191153,
      "net_income": 1236585,
      "opex": 43592759,
      "cogs": 697508523,
      "rd": null,
      "sga": 41021296,
      "fcf": 37365349,
      "ocf": 41001668,
      "capex": -3636319,
      "gross_margin": 0.0653683592545059,
      "op_margin": 0.006955923384108805,
      "fcf_margin": 0.050067972349203835,
      "incr_op_margin_yoy": -0.037516548658962104,
      "rev_growth_yoy": 0.07764403318774682,
      "rev_growth_yoy_accel": 0.046971828884493264,
      "op_leverage_ratio": 1.3347568859955046,
      "fcf_margin_change": 0.09547503772720634
    },
    {
      "date": "2024-12-31T00:00:00",
      "quarter_label": "2024-12 (Q4)",
      "revenue": 711273256,
      "gross_profit": 46893552,
      "operating_income": 3670321,
      "net_income": 348419,
      "opex": 43223231,
      "cogs": 664379704,
      "rd": null,
      "sga": 40587630,
      "fcf": -43321588,
      "ocf": -39867877,
      "capex": -3453711,
      "gross_margin": 0.06592902461104204,
      "op_margin": 0.00516021229399352,
      "fcf_margin": -0.060907095317527304,
      "incr_op_margin_yoy": -0.002303519293904292,
      "rev_growth_yoy": 0.10281921097960893,
      "rev_growth_yoy_accel": 0.02517517779186211,
      "fcf_margin_change": -0.11097506766673114
    },
    {
      "date": "2025-03-31T00:00:00",
      "quarter_label": "2025-03 (Q1)",
      "revenue": 619503087,
      "gross_profit": 43027885,
      "operating_income": 461905,
      "net_income": -1589960,
      "opex": 42565980,
      "cogs": 576475202,
      "rd": null,
      "sga": 40107953,
      "fcf": 31420182,
      "ocf": 34418244,
      "capex": -2998062,
      "gross_margin": 0.06945548117987022,
      "op_margin": 0.0007456056469981723,
      "fcf_margin": 0.050718362279928396,
      "incr_op_margin_yoy": -0.1634967551225106,
      "rev_growth_yoy": 0.029284674508063276,
      "rev_growth_yoy_accel": -0.07353453647154565,
      "fcf_margin_change": 0.11162545759745571
    },
    {
      "date": "2025-06-30T00:00:00",
      "quarter_label": "2025-06 (Q2)",
      "revenue": 739615416,
      "gross_profit": 49614899,
      "operating_income": 4863538,
      "net_income": 1318547,
      "opex": 44751361,
      "cogs": 690000517,
      "rd": null,
      "sga": 42529118,
      "fcf": -8809114,
      "ocf": -7021927,
      "capex": -1787187,
      "gross_margin": 0.06708202388253086,
      "op_margin": 0.006575766127622197,
      "fcf_margin": -0.011910398038539532,
      "incr_op_margin_yoy": -0.034879277206676634,
      "rev_growth_yoy": 0.030316993080915046,
      "rev_growth_yoy_accel": 0.0010323185728517703,
      "op_leverage_ratio": 3.776413895587715,
      "fcf_margin_change": -0.06262876031846792
    },
    {
      "date": "2025-09-30T00:00:00",
      "quarter_label": "2025-09 (Q3)",
      "revenue": 746296527,
      "gross_profit": 48693912,
      "operating_income": 3559702,
      "net_income": 491733,
      "opex": 45134210,
      "cogs": 697602615,
      "rd": null,
      "sga": 42614881,
      "fcf": 30374550,
      "ocf": 31138986,
      "capex": -764436,
      "gross_margin": 0.0652474053386557,
      "op_margin": 0.004769822545348653,
      "fcf_margin": 0.04070037699639462,
      "rev_growth_yoy": 5.48310529236438e-06,
      "rev_growth_yoy_accel": -0.03031150997562268,
      "fcf_margin_change": 0.05261077503493415
    },
    {
      "date": "2025-12-31T00:00:00",
      "quarter_label": "2025-12 (Q4)",
      "revenue": 730055330,
      "gross_profit": 48048327,
      "operating_income": 3942895,
      "net_income": 792964,
      "opex": 44105432,
      "cogs": 682007003,
      "rd": null,
      "sga": 41591659,
      "fcf": -12373417,
      "ocf": -11695015,
      "capex": -678402,
      "gross_margin": 0.06581463763849242,
      "op_margin": 0.005400816675086804,
      "fcf_margin": -0.016948601690230793,
      "incr_op_margin_yoy": 0.014512454801317468,
      "rev_growth_yoy": 0.026406270503723257,
      "rev_growth_yoy_accel": 0.02640078739843089,
      "fcf_margin_change": -0.05764897868662541
    }
  ],
  "signals": [
    {
      "quarter": "2025-09 (Q3)",
      "signal": "FCF TURNED POSITIVE",
      "detail": "FCF margin: -1.2% -> +4.1%",
      "severity": "HIGH"
    },
    {
      "quarter": "2025-06 (Q2)",
      "signal": "OPERATING LEVERAGE",
      "detail": "Rev growth +19.4% vs OpEx growth +5.1% (leverage: 3.8x)",
      "severity": "MEDIUM"
    },
    {
      "quarter": "2025-03 (Q1)",
      "signal": "FCF TURNED POSITIVE",
      "detail": "FCF margin: -6.1% -> +5.1%",
      "severity": "HIGH"
    },
    {
      "quarter": "2025-03 (Q1)",
      "signal": "YoY REVENUE GROWTH DECELERATION",
      "detail": "YoY growth: +2.9% vs prior quarter YoY: +10.3% (decel: -7.4%)",
      "severity": "WARNING"
    },
    {
      "quarter": "2024-09 (Q3)",
      "signal": "FCF TURNED POSITIVE",
      "detail": "FCF margin: -4.5% -> +5.0%",
      "severity": "HIGH"
    },
    {
      "quarter": "2024-06 (Q2)",
      "signal": "OPERATING LEVERAGE",
      "detail": "Rev growth +19.3% vs OpEx growth +8.6% (leverage: 2.2x)",
      "severity": "MEDIUM"
    },
    {
      "quarter": "2024-03 (Q1)",
      "signal": "FCF MARGIN EXPANSION",
      "detail": "FCF margin: +0.2% -> +6.9% (+6.8%)",
      "severity": "MEDIUM"
    },
    {
      "quarter": "2024-03 (Q1)",
      "signal": "YoY REVENUE GROWTH DECELERATION",
      "detail": "YoY growth: +2.9% vs prior quarter YoY: +14.0% (decel: -11.1%)",
      "severity": "WARNING"
    },
    {
      "quarter": "2023-12 (Q4)",
      "signal": "YoY REVENUE GROWTH ACCELERATION",
      "detail": "YoY growth: +14.0% vs prior quarter YoY: +7.2% (accel: +6.7%)",
      "severity": "MEDIUM"
    },
    {
      "quarter": "2023-09 (Q3)",
      "signal": "FCF TURNED POSITIVE",
      "detail": "FCF margin: -5.4% -> +0.8%",
      "severity": "HIGH"
    },
    {
      "quarter": "2023-09 (Q3)",
      "signal": "YoY REVENUE GROWTH DECELERATION",
      "detail": "YoY growth: +7.2% vs prior quarter YoY: +26.5% (decel: -19.3%)",
      "severity": "WARNING"
    },
    {
      "quarter": "2023-06 (Q2)",
      "signal": "OPERATING LEVERAGE",
      "detail": "Rev growth +19.1% vs OpEx growth +8.8% (leverage: 2.2x)",
      "severity": "MEDIUM"
    },
    {
      "quarter": "2023-06 (Q2)",
      "signal": "YoY REVENUE GROWTH DECELERATION",
      "detail": "YoY growth: +26.5% vs prior quarter YoY: +49.3% (decel: -22.8%)",
      "severity": "WARNING"
    },
    {
      "quarter": "2023-03 (Q1)",
      "signal": "FCF TURNED POSITIVE",
      "detail": "FCF margin: -8.8% -> +15.4%",
      "severity": "HIGH"
    },
    {
      "quarter": "2023-03 (Q1)",
      "signal": "YoY REVENUE GROWTH ACCELERATION",
      "detail": "YoY growth: +49.3% vs prior quarter YoY: +33.9% (accel: +15.3%)",
      "severity": "HIGH"
    },
    {
      "quarter": "2022-12 (Q4)",
      "signal": "YoY REVENUE GROWTH DECELERATION",
      "detail": "YoY growth: +33.9% vs prior quarter YoY: +43.2% (decel: -9.3%)",
      "severity": "WARNING"
    },
    {
      "quarter": "2022-09 (Q3)",
      "signal": "FCF TURNED POSITIVE",
      "detail": "FCF margin: -3.6% -> +2.3%",
      "severity": "HIGH"
    },
    {
      "quarter": "2022-09 (Q3)",
      "signal": "YoY REVENUE GROWTH ACCELERATION",
      "detail": "YoY growth: +43.2% vs prior quarter YoY: +25.6% (accel: +17.6%)",
      "severity": "HIGH"
    },
    {
      "quarter": "2022-06 (Q2)",
      "signal": "OPERATING LEVERAGE",
      "detail": "Rev growth +40.5% vs OpEx growth +17.8% (leverage: 2.3x)",
      "severity": "MEDIUM"
    },
    {
      "quarter": "2022-06 (Q2)",
      "signal": "YoY REVENUE GROWTH ACCELERATION",
      "detail": "YoY growth: +25.6% vs prior quarter YoY: +3.5% (accel: +22.1%)",
      "severity": "HIGH"
    },
    {
      "quarter": "2022-03 (Q1)",
      "signal": "FCF TURNED POSITIVE",
      "detail": "FCF margin: -0.2% -> +3.5%",
      "severity": "HIGH"
    },
    {
      "quarter": "2021-09 (Q3)",
      "signal": "FCF TURNED POSITIVE",
      "detail": "FCF margin: -2.1% -> +1.8%",
      "severity": "HIGH"
    },
    {
      "quarter": "2021-06 (Q2)",
      "signal": "OPERATING LEVERAGE",
      "detail": "Rev growth +15.8% vs OpEx growth +7.3% (leverage: 2.2x)",
      "severity": "MEDIUM"
    }
  ],
  "data_quality": {
    "n_quarters": 20,
    "coverage": {
      "revenue": [
        20,
        20
      ],
      "gross_profit": [
        20,
        20
      ],
      "op_income": [
        20,
        20
      ],
      "fcf": [
        20,
        20
      ]
    },
    "gaps": [],
    "warnings": []
  },
  "market_cap": null,
  "source": "SEC EDGAR",
  "last_updated": "2026-02-02T23:32:03.393750"
}