{
  "ticker": "DK",
  "name": "DELEK US HOLDINGS, INC.",
  "quarters": [
    {
      "date": "2020-12-31T00:00:00",
      "quarter_label": "2020-12 (Q4)",
      "revenue": 1882200000,
      "gross_profit": -90000000,
      "operating_income": -314100000,
      "net_income": -293200000,
      "opex": 2196300000,
      "cogs": 1972200000,
      "rd": null,
      "sga": 63900000,
      "fcf": 89200000,
      "ocf": 116900000,
      "capex": -27700000,
      "gross_margin": -0.047816385081287854,
      "op_margin": -0.1668791839336946,
      "fcf_margin": 0.04739135054723196
    },
    {
      "date": "2021-03-31T00:00:00",
      "quarter_label": "2021-03 (Q1)",
      "revenue": 2392200000,
      "gross_profit": -3600000,
      "operating_income": -80100000,
      "net_income": -98600000,
      "opex": 2472300000,
      "cogs": 2395800000,
      "rd": null,
      "sga": 47100000,
      "fcf": -82600000,
      "ocf": -34300000,
      "capex": -48300000,
      "gross_margin": -0.0015048908954100827,
      "op_margin": -0.03348382242287434,
      "fcf_margin": -0.0345288855446869,
      "op_leverage_ratio": 2.156189796399218,
      "fcf_margin_change": -0.08192023609191887
    },
    {
      "date": "2021-06-30T00:00:00",
      "quarter_label": "2021-06 (Q2)",
      "revenue": 2191500000,
      "gross_profit": 5600000,
      "operating_income": -85400000,
      "net_income": -81100000,
      "opex": 2276900000,
      "cogs": 2185900000,
      "rd": null,
      "sga": 58600000,
      "fcf": 84800000,
      "ocf": 169200000,
      "capex": -84400000,
      "gross_margin": 0.0025553274013232945,
      "op_margin": -0.03896874287018024,
      "fcf_margin": 0.03869495779146703,
      "fcf_margin_change": 0.07322384333615393
    },
    {
      "date": "2021-09-30T00:00:00",
      "quarter_label": "2021-09 (Q3)",
      "revenue": 2956500000,
      "gross_profit": 130100000,
      "operating_income": 45800000,
      "net_income": 18100000,
      "opex": 2910700000,
      "cogs": 2826400000,
      "rd": null,
      "sga": 58700000,
      "fcf": 44900000,
      "ocf": 75300000,
      "capex": -30400000,
      "gross_margin": 0.04400473532893624,
      "op_margin": 0.015491290377135127,
      "fcf_margin": 0.015186876374090986,
      "op_leverage_ratio": 1.2540408461591794,
      "fcf_margin_change": -0.023508081417376047
    },
    {
      "date": "2021-12-31T00:00:00",
      "quarter_label": "2021-12 (Q4)",
      "revenue": 3108000000,
      "gross_profit": 39700000,
      "operating_income": 25000000,
      "net_income": -13400000,
      "opex": 3118700000,
      "cogs": 3068300000,
      "rd": null,
      "sga": 65000000,
      "fcf": 102100000,
      "ocf": 161200000,
      "capex": -59100000,
      "gross_margin": 0.012773487773487774,
      "op_margin": 0.008043758043758044,
      "fcf_margin": 0.03285070785070785,
      "incr_op_margin_yoy": 0.2766356665035079,
      "rev_growth_yoy": 0.6512591648071406,
      "op_leverage_ratio": 0.717082064941654,
      "fcf_margin_change": 0.017663831476616865
    },
    {
      "date": "2022-03-31T00:00:00",
      "quarter_label": "2022-03 (Q1)",
      "revenue": 4459100000,
      "gross_profit": 104400000,
      "operating_income": 46700000,
      "net_income": 6600000,
      "opex": 4412400000,
      "cogs": 4354700000,
      "rd": null,
      "sga": 53100000,
      "fcf": -2700000,
      "ocf": 26800000,
      "capex": -29500000,
      "gross_margin": 0.023412796304186943,
      "op_margin": 0.010472965396604696,
      "fcf_margin": -0.0006055033526944899,
      "incr_op_margin_yoy": 0.06134791233247859,
      "rev_growth_yoy": 0.86401638658975,
      "rev_growth_yoy_accel": 0.21275722178260936,
      "op_leverage_ratio": 1.047964342891683,
      "fcf_margin_change": -0.03345621120340234
    },
    {
      "date": "2022-06-30T00:00:00",
      "quarter_label": "2022-06 (Q2)",
      "revenue": 5982600000,
      "gross_profit": 648700000,
      "operating_income": 493300000,
      "net_income": 361800000,
      "opex": 5489300000,
      "cogs": 5333900000,
      "rd": null,
      "sga": 126500000,
      "fcf": 490500000,
      "ocf": 559100000,
      "capex": -68600000,
      "gross_margin": 0.10843111690569318,
      "op_margin": 0.0824557884531809,
      "fcf_margin": 0.08198776451709959,
      "incr_op_margin_yoy": 0.15264698900055393,
      "rev_growth_yoy": 1.7299110198494183,
      "rev_growth_yoy_accel": 0.8658946332596683,
      "op_leverage_ratio": 1.3998926894031691,
      "fcf_margin_change": 0.08259326786979408
    },
    {
      "date": "2022-09-30T00:00:00",
      "quarter_label": "2022-09 (Q3)",
      "revenue": 5324900000,
      "gross_profit": 144200000,
      "operating_income": 53000000,
      "net_income": 7400000,
      "opex": 5271900000,
      "cogs": 5180700000,
      "rd": null,
      "sga": 62400000,
      "fcf": 35500000,
      "ocf": 130200000,
      "capex": -94700000,
      "gross_margin": 0.027080320757197317,
      "op_margin": 0.009953238558470582,
      "fcf_margin": 0.006666791864635956,
      "incr_op_margin_yoy": 0.003040027022462422,
      "rev_growth_yoy": 0.8010823608997125,
      "rev_growth_yoy_accel": -0.9288286589497058,
      "fcf_margin_change": -0.07532097265246364
    },
    {
      "date": "2022-12-31T00:00:00",
      "quarter_label": "2022-12 (Q4)",
      "revenue": 4479200000,
      "gross_profit": 27300000,
      "operating_income": -103500000,
      "net_income": -118700000,
      "opex": 4582700000,
      "cogs": 4451900000,
      "rd": null,
      "sga": 106800000,
      "fcf": -378200000,
      "ocf": -290800000,
      "capex": -87400000,
      "gross_margin": 0.0060948383639935705,
      "op_margin": -0.02310680478656903,
      "fcf_margin": -0.08443472048580103,
      "incr_op_margin_yoy": -0.09371353558926487,
      "rev_growth_yoy": 0.4411840411840412,
      "rev_growth_yoy_accel": -0.3598983197156713,
      "fcf_margin_change": -0.09110151235043698
    },
    {
      "date": "2023-03-31T00:00:00",
      "quarter_label": "2023-03 (Q1)",
      "revenue": 3924300000,
      "gross_profit": 237100000,
      "operating_income": 142800000,
      "net_income": 64300000,
      "opex": 3781500000,
      "cogs": 3687200000,
      "rd": null,
      "sga": 71500000,
      "fcf": 183800000,
      "ocf": 395100000,
      "capex": -211300000,
      "gross_margin": 0.060418418571464974,
      "op_margin": 0.036388655301582445,
      "fcf_margin": 0.046836378462400935,
      "incr_op_margin_yoy": -0.17969334330590875,
      "rev_growth_yoy": -0.1199345159337086,
      "rev_growth_yoy_accel": -0.5611185571177498,
      "fcf_margin_change": 0.13127109894820196
    },
    {
      "date": "2023-06-30T00:00:00",
      "quarter_label": "2023-06 (Q2)",
      "revenue": 4195600000,
      "gross_profit": 157700000,
      "operating_income": 50100000,
      "net_income": -8300000,
      "opex": 4145500000,
      "cogs": 4037900000,
      "rd": null,
      "sga": 75800000,
      "fcf": 28800000,
      "ocf": 95100000,
      "capex": -66300000,
      "gross_margin": 0.03758699590046716,
      "op_margin": 0.011941081132615121,
      "fcf_margin": 0.006864334064257794,
      "incr_op_margin_yoy": 0.2480134303301623,
      "rev_growth_yoy": -0.29869956206331694,
      "rev_growth_yoy_accel": -0.17876504612960833,
      "op_leverage_ratio": 0.7182081258700019,
      "fcf_margin_change": -0.03997204439814314
    },
    {
      "date": "2023-09-30T00:00:00",
      "quarter_label": "2023-09 (Q3)",
      "revenue": 4748400000,
      "gross_profit": 324900000,
      "operating_income": 224700000,
      "net_income": 128700000,
      "opex": 4523700000,
      "cogs": 4423500000,
      "rd": null,
      "sga": 72000000,
      "fcf": 389900000,
      "ocf": 432600000,
      "capex": -42700000,
      "gross_margin": 0.06842304776345716,
      "op_margin": 0.047321202931513776,
      "fcf_margin": 0.08211186926122484,
      "incr_op_margin_yoy": -0.29783174327840417,
      "rev_growth_yoy": -0.10826494394260926,
      "rev_growth_yoy_accel": 0.19043461812070767,
      "op_leverage_ratio": 1.444206690507378,
      "fcf_margin_change": 0.07524753519696704
    },
    {
      "date": "2023-12-31T00:00:00",
      "quarter_label": "2023-12 (Q4)",
      "revenue": 3942100000,
      "gross_profit": -114700000,
      "operating_income": -143900000,
      "net_income": -164900000,
      "opex": 4186800000,
      "cogs": 4056800000,
      "rd": null,
      "sga": 67100000,
      "fcf": 18600000,
      "ocf": 90800000,
      "capex": -72200000,
      "gross_margin": -0.02909616701757946,
      "op_margin": -0.03650338651987519,
      "fcf_margin": 0.004718297354202075,
      "incr_op_margin_yoy": 0.07521876745485012,
      "rev_growth_yoy": -0.11990980532237899,
      "rev_growth_yoy_accel": -0.011644861379769736,
      "fcf_margin_change": -0.07739357190702276
    },
    {
      "date": "2024-03-31T00:00:00",
      "quarter_label": "2024-03 (Q1)",
      "revenue": 3227600000,
      "gross_profit": 130100000,
      "operating_income": 32700000,
      "net_income": -32600000,
      "opex": 3194900000,
      "cogs": 3097500000,
      "rd": null,
      "sga": 64400000,
      "fcf": 128400000,
      "ocf": 166700000,
      "capex": -38300000,
      "gross_margin": 0.04030858842483579,
      "op_margin": 0.010131366959970257,
      "fcf_margin": 0.03978188127401165,
      "incr_op_margin_yoy": 0.15803071623367304,
      "rev_growth_yoy": -0.17753484697907906,
      "rev_growth_yoy_accel": -0.05762504165670007,
      "fcf_margin_change": 0.03506358391980958
    },
    {
      "date": "2024-06-30T00:00:00",
      "quarter_label": "2024-06 (Q2)",
      "revenue": 3421700000,
      "gross_profit": 56500000,
      "operating_income": 13500000,
      "net_income": -37200000,
      "opex": 3408200000,
      "cogs": 3365200000,
      "rd": null,
      "sga": 63100000,
      "fcf": -128300000,
      "ocf": -48400000,
      "capex": -79900000,
      "gross_margin": 0.0165122599877254,
      "op_margin": 0.003945407253704299,
      "fcf_margin": -0.037495981529649,
      "incr_op_margin_yoy": 0.047292931903346686,
      "rev_growth_yoy": -0.18445514348364953,
      "rev_growth_yoy_accel": -0.006920296504570461,
      "op_leverage_ratio": 0.9007665338634306,
      "fcf_margin_change": -0.07727786280366065
    },
    {
      "date": "2024-09-30T00:00:00",
      "quarter_label": "2024-09 (Q3)",
      "revenue": 3042400000,
      "gross_profit": -20200000,
      "operating_income": -121900000,
      "net_income": -76800000,
      "opex": 3164300000,
      "cogs": 3062600000,
      "rd": null,
      "sga": 70400000,
      "fcf": -140600000,
      "ocf": -21600000,
      "capex": -119000000,
      "gross_margin": -0.006639495135419405,
      "op_margin": -0.04006705232711018,
      "fcf_margin": -0.04621351564554299,
      "incr_op_margin_yoy": 0.20316529894490035,
      "rev_growth_yoy": -0.35927891500294834,
      "rev_growth_yoy_accel": -0.17482377151929882,
      "fcf_margin_change": -0.008717534115893988
    },
    {
      "date": "2024-12-31T00:00:00",
      "quarter_label": "2024-12 (Q4)",
      "revenue": 2373700000,
      "gross_profit": -134600000,
      "operating_income": -403400000,
      "net_income": -413800000,
      "opex": 2777100000,
      "cogs": 2508300000,
      "rd": null,
      "sga": 61200000,
      "fcf": -354000000,
      "ocf": -163500000,
      "capex": -190500000,
      "gross_margin": -0.05670472258499389,
      "op_margin": -0.1699456544634958,
      "fcf_margin": -0.14913426296499135,
      "incr_op_margin_yoy": 0.16545524100994644,
      "rev_growth_yoy": -0.3978590091575556,
      "rev_growth_yoy_accel": -0.03858009415460728,
      "fcf_margin_change": -0.10292074731944836
    },
    {
      "date": "2025-03-31T00:00:00",
      "quarter_label": "2025-03 (Q1)",
      "revenue": 2641900000,
      "gross_profit": -63700000,
      "operating_income": -125800000,
      "net_income": -172700000,
      "opex": 2767700000,
      "cogs": 2705600000,
      "rd": null,
      "sga": 61500000,
      "fcf": -198100000,
      "ocf": -62400000,
      "capex": -135700000,
      "gross_margin": -0.024111434952117795,
      "op_margin": -0.047617245164464965,
      "fcf_margin": -0.07498391309284984,
      "incr_op_margin_yoy": 0.2706163564964999,
      "rev_growth_yoy": -0.1814661048457058,
      "rev_growth_yoy_accel": 0.21639290431184982,
      "op_leverage_ratio": Infinity,
      "fcf_margin_change": 0.07415034987214152
    },
    {
      "date": "2025-06-30T00:00:00",
      "quarter_label": "2025-06 (Q2)",
      "revenue": 2764600000,
      "gross_profit": 52200000,
      "operating_income": -33500000,
      "net_income": -106400000,
      "opex": 2798100000,
      "cogs": 2712400000,
      "rd": null,
      "sga": 76600000,
      "fcf": -114400000,
      "ocf": 51400000,
      "capex": -165800000,
      "gross_margin": 0.018881574187947624,
      "op_margin": -0.012117485350502786,
      "fcf_margin": -0.041380308182015484,
      "incr_op_margin_yoy": 0.07152640389590625,
      "rev_growth_yoy": -0.19203904491919221,
      "rev_growth_yoy_accel": -0.010572940073486414,
      "op_leverage_ratio": 4.22837618360789,
      "fcf_margin_change": 0.033603604910834355
    },
    {
      "date": "2025-09-30T00:00:00",
      "quarter_label": "2025-09 (Q3)",
      "revenue": 2887000000,
      "gross_profit": 397700000,
      "operating_income": 295700000,
      "net_income": 178000000,
      "opex": 2591300000,
      "cogs": 2489300000,
      "rd": null,
      "sga": 76800000,
      "fcf": -64000000,
      "ocf": 44000000,
      "capex": -108000000,
      "gross_margin": 0.13775545549012816,
      "op_margin": 0.10242466227918254,
      "fcf_margin": -0.02216834083824039,
      "incr_op_margin_yoy": -2.687258687258687,
      "rev_growth_yoy": -0.051078096239810675,
      "rev_growth_yoy_accel": 0.14096094867938153,
      "op_leverage_ratio": Infinity,
      "fcf_margin_change": 0.019211967343775095
    }
  ],
  "signals": [
    {
      "quarter": "2025-09 (Q3)",
      "signal": "YoY REVENUE GROWTH ACCELERATION",
      "detail": "YoY growth: -5.1% vs prior quarter YoY: -19.2% (accel: +14.1%)",
      "severity": "MEDIUM"
    },
    {
      "quarter": "2025-09 (Q3)",
      "signal": "OP MARGIN TURNED POSITIVE (YoY)",
      "detail": "Op margin: -4.0% (year-ago) -> +10.2%",
      "severity": "HIGH"
    },
    {
      "quarter": "2025-09 (Q3)",
      "signal": "OP MARGIN TURNED POSITIVE (QoQ)",
      "detail": "Op margin: -1.2% -> +10.2%",
      "severity": "HIGH"
    },
    {
      "quarter": "2025-06 (Q2)",
      "signal": "OPERATING LEVERAGE",
      "detail": "Rev growth +4.6% vs OpEx growth +1.1% (leverage: 4.2x)",
      "severity": "MEDIUM"
    },
    {
      "quarter": "2025-03 (Q1)",
      "signal": "FCF MARGIN EXPANSION",
      "detail": "FCF margin: -14.9% -> -7.5% (+7.4%)",
      "severity": "MEDIUM"
    },
    {
      "quarter": "2025-03 (Q1)",
      "signal": "GROSS MARGIN INFLECTION",
      "detail": "GM: -0.7% -> -5.7% -> -2.4% (reversal +3.3%)",
      "severity": "MEDIUM"
    },
    {
      "quarter": "2025-03 (Q1)",
      "signal": "YoY REVENUE GROWTH ACCELERATION",
      "detail": "YoY growth: -18.1% vs prior quarter YoY: -39.8% (accel: +21.6%)",
      "severity": "HIGH"
    },
    {
      "quarter": "2024-09 (Q3)",
      "signal": "YoY REVENUE GROWTH DECELERATION",
      "detail": "YoY growth: -35.9% vs prior quarter YoY: -18.4% (decel: -17.5%)",
      "severity": "WARNING"
    },
    {
      "quarter": "2024-03 (Q1)",
      "signal": "GROSS MARGIN INFLECTION",
      "detail": "GM: +6.8% -> -2.9% -> +4.0% (reversal +6.9%)",
      "severity": "HIGH"
    },
    {
      "quarter": "2024-03 (Q1)",
      "signal": "YoY REVENUE GROWTH DECELERATION",
      "detail": "YoY growth: -17.8% vs prior quarter YoY: -12.0% (decel: -5.8%)",
      "severity": "WARNING"
    },
    {
      "quarter": "2024-03 (Q1)",
      "signal": "INCREMENTAL MARGIN (YoY)",
      "detail": "YoY Incr OPM: +15.8% vs year-ago OPM: +3.6%",
      "severity": "MEDIUM"
    },
    {
      "quarter": "2024-03 (Q1)",
      "signal": "OP MARGIN TURNED POSITIVE (QoQ)",
      "detail": "Op margin: -3.7% -> +1.0%",
      "severity": "HIGH"
    },
    {
      "quarter": "2023-09 (Q3)",
      "signal": "FCF MARGIN EXPANSION",
      "detail": "FCF margin: +0.7% -> +8.2% (+7.5%)",
      "severity": "MEDIUM"
    },
    {
      "quarter": "2023-09 (Q3)",
      "signal": "GROSS MARGIN INFLECTION",
      "detail": "GM: +6.0% -> +3.8% -> +6.8% (reversal +3.1%)",
      "severity": "MEDIUM"
    },
    {
      "quarter": "2023-09 (Q3)",
      "signal": "YoY REVENUE GROWTH ACCELERATION",
      "detail": "YoY growth: -10.8% vs prior quarter YoY: -29.9% (accel: +19.0%)",
      "severity": "HIGH"
    },
    {
      "quarter": "2023-06 (Q2)",
      "signal": "YoY REVENUE GROWTH DECELERATION",
      "detail": "YoY growth: -29.9% vs prior quarter YoY: -12.0% (decel: -17.9%)",
      "severity": "WARNING"
    },
    {
      "quarter": "2023-06 (Q2)",
      "signal": "INCREMENTAL MARGIN (YoY)",
      "detail": "YoY Incr OPM: +24.8% vs year-ago OPM: +8.2%",
      "severity": "MEDIUM"
    },
    {
      "quarter": "2023-03 (Q1)",
      "signal": "FCF TURNED POSITIVE",
      "detail": "FCF margin: -8.4% -> +4.7%",
      "severity": "HIGH"
    },
    {
      "quarter": "2023-03 (Q1)",
      "signal": "GROSS MARGIN INFLECTION",
      "detail": "GM: +2.7% -> +0.6% -> +6.0% (reversal +5.4%)",
      "severity": "HIGH"
    },
    {
      "quarter": "2023-03 (Q1)",
      "signal": "YoY REVENUE GROWTH DECELERATION",
      "detail": "YoY growth: -12.0% vs prior quarter YoY: +44.1% (decel: -56.1%)",
      "severity": "WARNING"
    },
    {
      "quarter": "2023-03 (Q1)",
      "signal": "OP MARGIN TURNED POSITIVE (QoQ)",
      "detail": "Op margin: -2.3% -> +3.6%",
      "severity": "HIGH"
    },
    {
      "quarter": "2022-12 (Q4)",
      "signal": "YoY REVENUE GROWTH DECELERATION",
      "detail": "YoY growth: +44.1% vs prior quarter YoY: +80.1% (decel: -36.0%)",
      "severity": "WARNING"
    },
    {
      "quarter": "2022-09 (Q3)",
      "signal": "YoY REVENUE GROWTH DECELERATION",
      "detail": "YoY growth: +80.1% vs prior quarter YoY: +173.0% (decel: -92.9%)",
      "severity": "WARNING"
    },
    {
      "quarter": "2022-06 (Q2)",
      "signal": "FCF TURNED POSITIVE",
      "detail": "FCF margin: -0.1% -> +8.2%",
      "severity": "HIGH"
    },
    {
      "quarter": "2022-06 (Q2)",
      "signal": "YoY REVENUE GROWTH ACCELERATION",
      "detail": "YoY growth: +173.0% vs prior quarter YoY: +86.4% (accel: +86.6%)",
      "severity": "HIGH"
    },
    {
      "quarter": "2022-06 (Q2)",
      "signal": "OP MARGIN TURNED POSITIVE (YoY)",
      "detail": "Op margin: -3.9% (year-ago) -> +8.2%",
      "severity": "HIGH"
    },
    {
      "quarter": "2022-03 (Q1)",
      "signal": "YoY REVENUE GROWTH ACCELERATION",
      "detail": "YoY growth: +86.4% vs prior quarter YoY: +65.1% (accel: +21.3%)",
      "severity": "HIGH"
    },
    {
      "quarter": "2022-03 (Q1)",
      "signal": "OP MARGIN TURNED POSITIVE (YoY)",
      "detail": "Op margin: -3.3% (year-ago) -> +1.0%",
      "severity": "HIGH"
    },
    {
      "quarter": "2021-12 (Q4)",
      "signal": "OP MARGIN TURNED POSITIVE (YoY)",
      "detail": "Op margin: -16.7% (year-ago) -> +0.8%",
      "severity": "HIGH"
    },
    {
      "quarter": "2021-09 (Q3)",
      "signal": "OP MARGIN TURNED POSITIVE (QoQ)",
      "detail": "Op margin: -3.9% -> +1.5%",
      "severity": "HIGH"
    },
    {
      "quarter": "2021-06 (Q2)",
      "signal": "FCF TURNED POSITIVE",
      "detail": "FCF margin: -3.5% -> +3.9%",
      "severity": "HIGH"
    },
    {
      "quarter": "2021-03 (Q1)",
      "signal": "OPERATING LEVERAGE",
      "detail": "Rev growth +27.1% vs OpEx growth +12.6% (leverage: 2.2x)",
      "severity": "MEDIUM"
    }
  ],
  "data_quality": {
    "n_quarters": 20,
    "coverage": {
      "revenue": [
        20,
        20
      ],
      "gross_profit": [
        20,
        20
      ],
      "op_income": [
        20,
        20
      ],
      "fcf": [
        20,
        20
      ]
    },
    "gaps": [],
    "warnings": []
  },
  "market_cap": null,
  "source": "SEC EDGAR",
  "last_updated": "2026-02-02T21:43:28.437117"
}