{
  "ticker": "DKL",
  "name": "DELEK LOGISTICS PARTNERS, LP",
  "quarters": [
    {
      "date": "2020-12-31T00:00:00",
      "quarter_label": "2020-12 (Q4)",
      "revenue": 140112000,
      "gross_profit": 51540000,
      "operating_income": 45105000,
      "net_income": 40717000,
      "opex": -234772000,
      "cogs": 88572000,
      "rd": null,
      "sga": 5614000,
      "fcf": 52009000,
      "ocf": 58362000,
      "capex": -6353000,
      "gross_margin": 0.36784857828023293,
      "op_margin": 0.3219210346008907,
      "fcf_margin": 0.37119590042251915
    },
    {
      "date": "2021-03-31T00:00:00",
      "quarter_label": "2021-03 (Q1)",
      "revenue": 152913000,
      "gross_profit": 48000000,
      "operating_income": 42170000,
      "net_income": 36267000,
      "opex": 110743000,
      "cogs": 104913000,
      "rd": null,
      "sga": 4860000,
      "fcf": 55613000,
      "ocf": 61732000,
      "capex": -6119000,
      "gross_margin": 0.3139039846187048,
      "op_margin": 0.2757777298202246,
      "fcf_margin": 0.3636904645125006,
      "op_leverage_ratio": Infinity,
      "fcf_margin_change": -0.007505435910018565
    },
    {
      "date": "2021-06-30T00:00:00",
      "quarter_label": "2021-06 (Q2)",
      "revenue": 168478000,
      "gross_profit": 55427000,
      "operating_income": 48394000,
      "net_income": null,
      "opex": 120084000,
      "cogs": 113051000,
      "rd": null,
      "sga": 6077000,
      "fcf": 83149000,
      "ocf": 85792000,
      "capex": -2643000,
      "gross_margin": 0.3289865739146951,
      "op_margin": 0.2872422512138083,
      "fcf_margin": 0.4935303125630646,
      "op_leverage_ratio": 1.2067786784442998,
      "fcf_margin_change": 0.12983984805056403
    },
    {
      "date": "2021-09-30T00:00:00",
      "quarter_label": "2021-09 (Q3)",
      "revenue": 189627000,
      "gross_profit": 58002000,
      "operating_income": 50583000,
      "net_income": null,
      "opex": 139044000,
      "cogs": 131625000,
      "rd": null,
      "sga": 6141000,
      "fcf": 71162000,
      "ocf": 74752000,
      "capex": -3590000,
      "gross_margin": 0.3058741634893765,
      "op_margin": 0.2667499881346011,
      "fcf_margin": 0.37527356336386697,
      "op_leverage_ratio": 0.7950481871877199,
      "fcf_margin_change": -0.11825674919919765
    },
    {
      "date": "2021-12-31T00:00:00",
      "quarter_label": "2021-12 (Q4)",
      "revenue": 189884000,
      "gross_profit": 55721000,
      "operating_income": 49355000,
      "net_income": 41685000,
      "opex": -311473000,
      "cogs": 134163000,
      "rd": null,
      "sga": 5527000,
      "fcf": 42186000,
      "ocf": 52886000,
      "capex": -10700000,
      "gross_margin": 0.29344757852162373,
      "op_margin": 0.2599218470223926,
      "fcf_margin": 0.22216721788039012,
      "incr_op_margin_yoy": 0.08538937555251949,
      "rev_growth_yoy": 0.35523010163297936,
      "fcf_margin_change": -0.15310634548347685
    },
    {
      "date": "2022-03-31T00:00:00",
      "quarter_label": "2022-03 (Q1)",
      "revenue": 206581000,
      "gross_profit": 52983000,
      "operating_income": 46838000,
      "net_income": 39514000,
      "opex": 17543000,
      "cogs": 153598000,
      "rd": null,
      "sga": 5095000,
      "fcf": 37307000,
      "ocf": 47920000,
      "capex": -10613000,
      "gross_margin": 0.25647566813985795,
      "op_margin": 0.22672946689192133,
      "fcf_margin": 0.18059260048116718,
      "incr_op_margin_yoy": 0.086979205485578,
      "rev_growth_yoy": 0.3509708134690968,
      "rev_growth_yoy_accel": -0.004259288163882546,
      "op_leverage_ratio": Infinity,
      "fcf_margin_change": -0.04157461739922294
    },
    {
      "date": "2022-06-30T00:00:00",
      "quarter_label": "2022-06 (Q2)",
      "revenue": 266750000,
      "gross_profit": 57158000,
      "operating_income": 42206000,
      "net_income": null,
      "opex": 20284000,
      "cogs": 209592000,
      "rd": null,
      "sga": 13773000,
      "fcf": 60244000,
      "ocf": 85137000,
      "capex": -24893000,
      "gross_margin": 0.2142755388940956,
      "op_margin": 0.15822305529522024,
      "fcf_margin": 0.2258444236176195,
      "incr_op_margin_yoy": -0.06296808857049821,
      "rev_growth_yoy": 0.5832927741307471,
      "rev_growth_yoy_accel": 0.23232196066165028,
      "op_leverage_ratio": 1.8641345084327108,
      "fcf_margin_change": 0.04525182313645232
    },
    {
      "date": "2022-09-30T00:00:00",
      "quarter_label": "2022-09 (Q3)",
      "revenue": 294025000,
      "gross_profit": 72153000,
      "operating_income": 59017000,
      "net_income": null,
      "opex": 25065000,
      "cogs": 221872000,
      "rd": null,
      "sga": 11959000,
      "fcf": 123079000,
      "ocf": 164425000,
      "capex": -41346000,
      "gross_margin": 0.24539750021256695,
      "op_margin": 0.20072102712354392,
      "fcf_margin": 0.41860045914463057,
      "incr_op_margin_yoy": 0.08078698825648001,
      "rev_growth_yoy": 0.5505439626213566,
      "rev_growth_yoy_accel": -0.03274881150939046,
      "op_leverage_ratio": 0.4338056352788206,
      "fcf_margin_change": 0.19275603552701107
    },
    {
      "date": "2022-12-31T00:00:00",
      "quarter_label": "2022-12 (Q4)",
      "revenue": 269051000,
      "gross_profit": 67103000,
      "operating_income": 61621000,
      "net_income": 42700000,
      "opex": 22546000,
      "cogs": 201948000,
      "rd": null,
      "sga": 3355000,
      "fcf": -169560000,
      "ocf": -105314000,
      "capex": -64246000,
      "gross_margin": 0.24940624639938153,
      "op_margin": 0.22903092722197652,
      "fcf_margin": -0.6302150893325057,
      "incr_op_margin_yoy": 0.15493829499665265,
      "rev_growth_yoy": 0.4169229634935013,
      "rev_growth_yoy_accel": -0.13362099912785536,
      "fcf_margin_change": -1.0488155484771362
    },
    {
      "date": "2023-03-31T00:00:00",
      "quarter_label": "2023-03 (Q1)",
      "revenue": 243525000,
      "gross_profit": 73450000,
      "operating_income": 63932000,
      "net_income": 37367000,
      "opex": 24215000,
      "cogs": 170075000,
      "rd": null,
      "sga": 7510000,
      "fcf": 1353000,
      "ocf": 29190000,
      "capex": -27837000,
      "gross_margin": 0.3016117441741094,
      "op_margin": 0.2625274612462786,
      "fcf_margin": 0.005555897751770866,
      "incr_op_margin_yoy": 0.4627003031615418,
      "rev_growth_yoy": 0.17883542048881554,
      "rev_growth_yoy_accel": -0.23808754300468574,
      "fcf_margin_change": 0.6357709870842766
    },
    {
      "date": "2023-06-30T00:00:00",
      "quarter_label": "2023-06 (Q2)",
      "revenue": 246911000,
      "gross_profit": 67841000,
      "operating_income": 59947000,
      "net_income": null,
      "opex": 28476000,
      "cogs": 179070000,
      "rd": null,
      "sga": 6611000,
      "fcf": 7028000,
      "ocf": 34612000,
      "capex": -27584000,
      "gross_margin": 0.27475892123072687,
      "op_margin": 0.24278788713342053,
      "fcf_margin": 0.028463697445638307,
      "incr_op_margin_yoy": -0.8942487020515147,
      "rev_growth_yoy": -0.07437300843486411,
      "rev_growth_yoy_accel": -0.2532084289236797,
      "op_leverage_ratio": 0.07901623655589893,
      "fcf_margin_change": 0.022907799693867442
    },
    {
      "date": "2023-09-30T00:00:00",
      "quarter_label": "2023-09 (Q3)",
      "revenue": 275824000,
      "gross_profit": 69324000,
      "operating_income": 62554000,
      "net_income": null,
      "opex": 32611000,
      "cogs": 206500000,
      "rd": null,
      "sga": 5545000,
      "fcf": 43685000,
      "ocf": 46828000,
      "capex": -3143000,
      "gross_margin": 0.2513341841174082,
      "op_margin": 0.22678954695748013,
      "fcf_margin": 0.15837998143743837,
      "incr_op_margin_yoy": -0.19432998186912806,
      "rev_growth_yoy": -0.06190289941331519,
      "rev_growth_yoy_accel": 0.012470109021548915,
      "op_leverage_ratio": 0.806410526482142,
      "fcf_margin_change": 0.12991628399180005
    },
    {
      "date": "2023-12-31T00:00:00",
      "quarter_label": "2023-12 (Q4)",
      "revenue": 254149000,
      "gross_profit": 74349000,
      "operating_income": 52516000,
      "net_income": 22148000,
      "opex": 30380000,
      "cogs": 179800000,
      "rd": null,
      "sga": 5100000,
      "fcf": 77152000,
      "ocf": 114689000,
      "capex": -37537000,
      "gross_margin": 0.29254098973436843,
      "op_margin": 0.20663469067358126,
      "fcf_margin": 0.3035699530590323,
      "incr_op_margin_yoy": 0.610991813179439,
      "rev_growth_yoy": -0.055387268584766454,
      "rev_growth_yoy_accel": 0.006515630828548738,
      "fcf_margin_change": 0.14518997162159392
    },
    {
      "date": "2024-03-31T00:00:00",
      "quarter_label": "2024-03 (Q1)",
      "revenue": 252075000,
      "gross_profit": 71521000,
      "operating_income": 64542000,
      "net_income": 32648000,
      "opex": 31695000,
      "cogs": 180554000,
      "rd": null,
      "sga": 4863000,
      "fcf": 32603000,
      "ocf": 43858000,
      "capex": -11255000,
      "gross_margin": 0.2837290488941783,
      "op_margin": 0.2560428443915501,
      "fcf_margin": 0.12933849052861252,
      "incr_op_margin_yoy": 0.07134502923976609,
      "rev_growth_yoy": 0.0351093316907915,
      "rev_growth_yoy_accel": 0.09049660027555795,
      "fcf_margin_change": -0.17423146253041977
    },
    {
      "date": "2024-06-30T00:00:00",
      "quarter_label": "2024-06 (Q2)",
      "revenue": 264628000,
      "gross_profit": 74368000,
      "operating_income": 68461000,
      "net_income": null,
      "opex": 29454000,
      "cogs": 190260000,
      "rd": null,
      "sga": 6016000,
      "fcf": 72487000,
      "ocf": 87639000,
      "capex": -15152000,
      "gross_margin": 0.2810284625965506,
      "op_margin": 0.2587065616639207,
      "fcf_margin": 0.2739203712381154,
      "incr_op_margin_yoy": 0.4805553987695434,
      "rev_growth_yoy": 0.07175459983556828,
      "rev_growth_yoy_accel": 0.03664526814477678,
      "op_leverage_ratio": Infinity,
      "fcf_margin_change": 0.1445818807095029
    },
    {
      "date": "2024-09-30T00:00:00",
      "quarter_label": "2024-09 (Q3)",
      "revenue": 214070000,
      "gross_profit": 48845000,
      "operating_income": 31808000,
      "net_income": null,
      "opex": 27746000,
      "cogs": 165225000,
      "rd": null,
      "sga": 15745000,
      "fcf": -31657000,
      "ocf": 24944000,
      "capex": -56601000,
      "gross_margin": 0.22817302751436447,
      "op_margin": 0.14858691082356237,
      "fcf_margin": -0.14788153407763815,
      "incr_op_margin_yoy": 0.4978786799235677,
      "rev_growth_yoy": -0.2238891467022449,
      "rev_growth_yoy_accel": -0.2956437465378132,
      "fcf_margin_change": -0.42180190531575357
    },
    {
      "date": "2024-12-31T00:00:00",
      "quarter_label": "2024-12 (Q4)",
      "revenue": 209863000,
      "gross_profit": 49012000,
      "operating_income": 38015000,
      "net_income": 35305000,
      "opex": 33125000,
      "cogs": 160851000,
      "rd": null,
      "sga": 9320000,
      "fcf": 3866000,
      "ocf": 49898000,
      "capex": -46032000,
      "gross_margin": 0.23354283508765242,
      "op_margin": 0.1811419831032626,
      "fcf_margin": 0.01842154167242439,
      "incr_op_margin_yoy": 0.3274398229688841,
      "rev_growth_yoy": -0.17425211195007653,
      "rev_growth_yoy_accel": 0.04963703475216838,
      "fcf_margin_change": 0.16630307575006253
    },
    {
      "date": "2025-03-31T00:00:00",
      "quarter_label": "2025-03 (Q1)",
      "revenue": 249930000,
      "gross_profit": 53750000,
      "operating_income": 47599000,
      "net_income": 39034000,
      "opex": 40630000,
      "cogs": 196180000,
      "rd": null,
      "sga": 8864000,
      "fcf": -23924000,
      "ocf": 31550000,
      "capex": -55474000,
      "gross_margin": 0.215060216860721,
      "op_margin": 0.19044932581122714,
      "fcf_margin": -0.09572280238466771,
      "incr_op_margin_yoy": 7.898834498834499,
      "rev_growth_yoy": -0.008509372210651591,
      "rev_growth_yoy_accel": 0.16574273973942494,
      "op_leverage_ratio": 0.8426672966431262,
      "fcf_margin_change": -0.1141443440570921
    },
    {
      "date": "2025-06-30T00:00:00",
      "quarter_label": "2025-06 (Q2)",
      "revenue": 246350000,
      "gross_profit": 63585000,
      "operating_income": 52436000,
      "net_income": null,
      "opex": 37525000,
      "cogs": 182765000,
      "rd": null,
      "sga": 8944000,
      "fcf": -7051000,
      "ocf": 107423000,
      "capex": -114474000,
      "gross_margin": 0.2581083823827887,
      "op_margin": 0.2128516338542724,
      "fcf_margin": -0.028621879439821394,
      "incr_op_margin_yoy": 0.8767370609475873,
      "rev_growth_yoy": -0.06907054431125959,
      "rev_growth_yoy_accel": -0.06056117210060799,
      "fcf_margin_change": 0.06710092294484632
    },
    {
      "date": "2025-09-30T00:00:00",
      "quarter_label": "2025-09 (Q3)",
      "revenue": 261277000,
      "gross_profit": 53953000,
      "operating_income": 45368000,
      "net_income": null,
      "opex": 43472000,
      "cogs": 207324000,
      "rd": null,
      "sga": 4520000,
      "fcf": -12258000,
      "ocf": 54937000,
      "capex": -67195000,
      "gross_margin": 0.20649731893737297,
      "op_margin": 0.17363947075326186,
      "fcf_margin": -0.04691572545612511,
      "incr_op_margin_yoy": 0.28724553561971744,
      "rev_growth_yoy": 0.22052132480029896,
      "rev_growth_yoy_accel": 0.28959186911155854,
      "op_leverage_ratio": 0.38233383112289265,
      "fcf_margin_change": -0.018293846016303714
    }
  ],
  "signals": [
    {
      "quarter": "2025-09 (Q3)",
      "signal": "YoY REVENUE GROWTH ACCELERATION",
      "detail": "YoY growth: +22.1% vs prior quarter YoY: -6.9% (accel: +29.0%)",
      "severity": "HIGH"
    },
    {
      "quarter": "2025-09 (Q3)",
      "signal": "INCREMENTAL MARGIN (YoY)",
      "detail": "YoY Incr OPM: +28.7% vs year-ago OPM: +14.9%",
      "severity": "MEDIUM"
    },
    {
      "quarter": "2025-06 (Q2)",
      "signal": "FCF MARGIN EXPANSION",
      "detail": "FCF margin: -9.6% -> -2.9% (+6.7%)",
      "severity": "MEDIUM"
    },
    {
      "quarter": "2025-06 (Q2)",
      "signal": "GROSS MARGIN INFLECTION",
      "detail": "GM: +23.4% -> +21.5% -> +25.8% (reversal +4.3%)",
      "severity": "MEDIUM"
    },
    {
      "quarter": "2025-06 (Q2)",
      "signal": "YoY REVENUE GROWTH DECELERATION",
      "detail": "YoY growth: -6.9% vs prior quarter YoY: -0.9% (decel: -6.1%)",
      "severity": "WARNING"
    },
    {
      "quarter": "2025-06 (Q2)",
      "signal": "INCREMENTAL MARGIN (YoY)",
      "detail": "YoY Incr OPM: +87.7% vs year-ago OPM: +25.9%",
      "severity": "HIGH"
    },
    {
      "quarter": "2025-03 (Q1)",
      "signal": "YoY REVENUE GROWTH ACCELERATION",
      "detail": "YoY growth: -0.9% vs prior quarter YoY: -17.4% (accel: +16.6%)",
      "severity": "HIGH"
    },
    {
      "quarter": "2025-03 (Q1)",
      "signal": "INCREMENTAL MARGIN (YoY)",
      "detail": "YoY Incr OPM: +789.9% vs year-ago OPM: +25.6%",
      "severity": "HIGH"
    },
    {
      "quarter": "2024-12 (Q4)",
      "signal": "FCF TURNED POSITIVE",
      "detail": "FCF margin: -14.8% -> +1.8%",
      "severity": "HIGH"
    },
    {
      "quarter": "2024-12 (Q4)",
      "signal": "INCREMENTAL MARGIN (YoY)",
      "detail": "YoY Incr OPM: +32.7% vs year-ago OPM: +20.7%",
      "severity": "MEDIUM"
    },
    {
      "quarter": "2024-09 (Q3)",
      "signal": "YoY REVENUE GROWTH DECELERATION",
      "detail": "YoY growth: -22.4% vs prior quarter YoY: +7.2% (decel: -29.6%)",
      "severity": "WARNING"
    },
    {
      "quarter": "2024-09 (Q3)",
      "signal": "INCREMENTAL MARGIN (YoY)",
      "detail": "YoY Incr OPM: +49.8% vs year-ago OPM: +22.7%",
      "severity": "HIGH"
    },
    {
      "quarter": "2024-06 (Q2)",
      "signal": "FCF MARGIN EXPANSION",
      "detail": "FCF margin: +12.9% -> +27.4% (+14.5%)",
      "severity": "MEDIUM"
    },
    {
      "quarter": "2024-06 (Q2)",
      "signal": "INCREMENTAL MARGIN (YoY)",
      "detail": "YoY Incr OPM: +48.1% vs year-ago OPM: +24.3%",
      "severity": "HIGH"
    },
    {
      "quarter": "2024-03 (Q1)",
      "signal": "YoY REVENUE GROWTH ACCELERATION",
      "detail": "YoY growth: +3.5% vs prior quarter YoY: -5.5% (accel: +9.0%)",
      "severity": "MEDIUM"
    },
    {
      "quarter": "2023-12 (Q4)",
      "signal": "FCF MARGIN EXPANSION",
      "detail": "FCF margin: +15.8% -> +30.4% (+14.5%)",
      "severity": "MEDIUM"
    },
    {
      "quarter": "2023-12 (Q4)",
      "signal": "GROSS MARGIN INFLECTION",
      "detail": "GM: +27.5% -> +25.1% -> +29.3% (reversal +4.1%)",
      "severity": "MEDIUM"
    },
    {
      "quarter": "2023-12 (Q4)",
      "signal": "INCREMENTAL MARGIN (YoY)",
      "detail": "YoY Incr OPM: +61.1% vs year-ago OPM: +22.9%",
      "severity": "HIGH"
    },
    {
      "quarter": "2023-09 (Q3)",
      "signal": "FCF MARGIN EXPANSION",
      "detail": "FCF margin: +2.8% -> +15.8% (+13.0%)",
      "severity": "MEDIUM"
    },
    {
      "quarter": "2023-06 (Q2)",
      "signal": "YoY REVENUE GROWTH DECELERATION",
      "detail": "YoY growth: -7.4% vs prior quarter YoY: +17.9% (decel: -25.3%)",
      "severity": "WARNING"
    },
    {
      "quarter": "2023-03 (Q1)",
      "signal": "FCF TURNED POSITIVE",
      "detail": "FCF margin: -63.0% -> +0.6%",
      "severity": "HIGH"
    },
    {
      "quarter": "2023-03 (Q1)",
      "signal": "YoY REVENUE GROWTH DECELERATION",
      "detail": "YoY growth: +17.9% vs prior quarter YoY: +41.7% (decel: -23.8%)",
      "severity": "WARNING"
    },
    {
      "quarter": "2023-03 (Q1)",
      "signal": "INCREMENTAL MARGIN (YoY)",
      "detail": "YoY Incr OPM: +46.3% vs year-ago OPM: +22.7%",
      "severity": "HIGH"
    },
    {
      "quarter": "2022-12 (Q4)",
      "signal": "YoY REVENUE GROWTH DECELERATION",
      "detail": "YoY growth: +41.7% vs prior quarter YoY: +55.1% (decel: -13.4%)",
      "severity": "WARNING"
    },
    {
      "quarter": "2022-09 (Q3)",
      "signal": "FCF MARGIN EXPANSION",
      "detail": "FCF margin: +22.6% -> +41.9% (+19.3%)",
      "severity": "MEDIUM"
    },
    {
      "quarter": "2022-09 (Q3)",
      "signal": "GROSS MARGIN INFLECTION",
      "detail": "GM: +25.6% -> +21.4% -> +24.5% (reversal +3.1%)",
      "severity": "MEDIUM"
    },
    {
      "quarter": "2022-06 (Q2)",
      "signal": "OPERATING LEVERAGE",
      "detail": "Rev growth +29.1% vs OpEx growth +15.6% (leverage: 1.9x)",
      "severity": "MEDIUM"
    },
    {
      "quarter": "2022-06 (Q2)",
      "signal": "YoY REVENUE GROWTH ACCELERATION",
      "detail": "YoY growth: +58.3% vs prior quarter YoY: +35.1% (accel: +23.2%)",
      "severity": "HIGH"
    },
    {
      "quarter": "2021-06 (Q2)",
      "signal": "FCF MARGIN EXPANSION",
      "detail": "FCF margin: +36.4% -> +49.4% (+13.0%)",
      "severity": "MEDIUM"
    }
  ],
  "data_quality": {
    "n_quarters": 20,
    "coverage": {
      "revenue": [
        20,
        20
      ],
      "gross_profit": [
        20,
        20
      ],
      "op_income": [
        20,
        20
      ],
      "fcf": [
        20,
        20
      ]
    },
    "gaps": [],
    "warnings": []
  },
  "market_cap": null,
  "source": "SEC EDGAR",
  "last_updated": "2026-02-02T21:27:08.643442",
  "sector": "Energy",
  "industry": "Oil & Gas Refining & Marketing"
}