{
  "ticker": "DKNG",
  "name": "DRAFTKINGS INC.",
  "quarters": [
    {
      "date": "2021-03-31T00:00:00",
      "quarter_label": "2021-03 (Q1)",
      "revenue": 312276000,
      "gross_profit": 129051000,
      "operating_income": -324791000,
      "net_income": -346344000,
      "opex": 453842000,
      "cogs": 183225000,
      "rd": null,
      "sga": null,
      "fcf": -62126000,
      "ocf": -59737000,
      "capex": -2389000,
      "gross_margin": 0.41325942435537794,
      "op_margin": -1.040076726997912,
      "fcf_margin": -0.1989458043525599
    },
    {
      "date": "2021-06-30T00:00:00",
      "quarter_label": "2021-06 (Q2)",
      "revenue": 297605000,
      "gross_profit": 110599000,
      "operating_income": -321554000,
      "net_income": -305526000,
      "opex": 432153000,
      "cogs": 187006000,
      "rd": null,
      "sga": null,
      "fcf": -120470000,
      "ocf": -116638000,
      "capex": -3832000,
      "gross_margin": 0.3716301809445406,
      "op_margin": -1.0804724382990878,
      "fcf_margin": -0.4047983064800659,
      "fcf_margin_change": -0.20585250212750597
    },
    {
      "date": "2021-09-30T00:00:00",
      "quarter_label": "2021-09 (Q3)",
      "revenue": 212819000,
      "gross_profit": 42070000,
      "operating_income": -546516000,
      "net_income": -545028000,
      "opex": 588586000,
      "cogs": 170749000,
      "rd": null,
      "sga": null,
      "fcf": -75836000,
      "ocf": -70886000,
      "capex": -4950000,
      "gross_margin": 0.19767971844619137,
      "op_margin": -2.5679850013391663,
      "fcf_margin": -0.35634036434716826,
      "fcf_margin_change": 0.04845794213289761
    },
    {
      "date": "2021-12-31T00:00:00",
      "quarter_label": "2021-12 (Q4)",
      "revenue": 473325000,
      "gross_profit": 220143000,
      "operating_income": -368756000,
      "net_income": -326297000,
      "opex": 588899000,
      "cogs": 253182000,
      "rd": null,
      "sga": null,
      "fcf": -177001000,
      "ocf": -172247000,
      "capex": -4754000,
      "gross_margin": 0.4650990334336872,
      "op_margin": -0.7790756879522527,
      "fcf_margin": -0.3739523583161675,
      "op_leverage_ratio": Infinity,
      "fcf_margin_change": -0.017611993968999262
    },
    {
      "date": "2022-03-31T00:00:00",
      "quarter_label": "2022-03 (Q1)",
      "revenue": 417205000,
      "gross_profit": 103826000,
      "operating_income": -515584000,
      "net_income": -467693000,
      "opex": 619410000,
      "cogs": 313379000,
      "rd": null,
      "sga": null,
      "fcf": -365332000,
      "ocf": -356718000,
      "capex": -8614000,
      "gross_margin": 0.24886087175369423,
      "op_margin": -1.2358049400174973,
      "fcf_margin": -0.8756654402511954,
      "incr_op_margin_yoy": -1.8183057114810968,
      "rev_growth_yoy": 0.3360136545876084,
      "fcf_margin_change": -0.501713081935028
    },
    {
      "date": "2022-06-30T00:00:00",
      "quarter_label": "2022-06 (Q2)",
      "revenue": 466185000,
      "gross_profit": 153418000,
      "operating_income": -308922000,
      "net_income": -217103000,
      "opex": 462340000,
      "cogs": 312767000,
      "rd": null,
      "sga": null,
      "fcf": -178428000,
      "ocf": -172585000,
      "capex": -5843000,
      "gross_margin": 0.3290925276446046,
      "op_margin": -0.6626596737346762,
      "fcf_margin": -0.38274075742462754,
      "incr_op_margin_yoy": 0.07493178312967137,
      "rev_growth_yoy": 0.5664555367013323,
      "rev_growth_yoy_accel": 0.2304418821137239,
      "op_leverage_ratio": Infinity,
      "fcf_margin_change": 0.4929246828265679
    },
    {
      "date": "2022-09-30T00:00:00",
      "quarter_label": "2022-09 (Q3)",
      "revenue": 501938000,
      "gross_profit": 129246000,
      "operating_income": -455028000,
      "net_income": -450494000,
      "opex": 584274000,
      "cogs": 372692000,
      "rd": null,
      "sga": null,
      "fcf": 46796000,
      "ocf": 52242000,
      "capex": -5446000,
      "gross_margin": 0.2574939534364802,
      "op_margin": -0.9065422422689655,
      "fcf_margin": 0.0932306380469301,
      "incr_op_margin_yoy": 0.31643717638757746,
      "rev_growth_yoy": 1.3585206208092322,
      "rev_growth_yoy_accel": 0.7920650841078999,
      "op_leverage_ratio": 0.2907976155618074,
      "fcf_margin_change": 0.47597139547155765
    },
    {
      "date": "2022-12-31T00:00:00",
      "quarter_label": "2022-12 (Q4)",
      "revenue": 855133000,
      "gross_profit": 369698000,
      "operating_income": -232222000,
      "net_income": -242697000,
      "opex": 601920000,
      "cogs": 485435000,
      "rd": null,
      "sga": null,
      "fcf": -160957000,
      "ocf": -148458000,
      "capex": -12499000,
      "gross_margin": 0.4323280706042218,
      "op_margin": -0.27156243531707935,
      "fcf_margin": -0.18822452179953295,
      "incr_op_margin_yoy": 0.35759858358127644,
      "rev_growth_yoy": 0.8066508213172767,
      "rev_growth_yoy_accel": -0.5518697994919555,
      "op_leverage_ratio": 23.298864566597807,
      "fcf_margin_change": -0.2814551598464631
    },
    {
      "date": "2023-03-31T00:00:00",
      "quarter_label": "2023-03 (Q1)",
      "revenue": 769652000,
      "gross_profit": 247912000,
      "operating_income": -389785000,
      "net_income": -397148000,
      "opex": 637697000,
      "cogs": 521740000,
      "rd": null,
      "sga": null,
      "fcf": -208586000,
      "ocf": -201492000,
      "capex": -7094000,
      "gross_margin": 0.322109212994964,
      "op_margin": -0.5064431717191665,
      "fcf_margin": -0.27101339306595706,
      "incr_op_margin_yoy": 0.35693026185497395,
      "rev_growth_yoy": 0.8447813425054829,
      "rev_growth_yoy_accel": 0.038130521188206146,
      "fcf_margin_change": -0.08278887126642412
    },
    {
      "date": "2023-06-30T00:00:00",
      "quarter_label": "2023-06 (Q2)",
      "revenue": 874927000,
      "gross_profit": 364604000,
      "operating_income": -69045000,
      "net_income": -77270000,
      "opex": 433649000,
      "cogs": 510323000,
      "rd": null,
      "sga": null,
      "fcf": -20276000,
      "ocf": -17721000,
      "capex": -2555000,
      "gross_margin": 0.41672505249009345,
      "op_margin": -0.07891515520723444,
      "fcf_margin": -0.023174504844404163,
      "incr_op_margin_yoy": 0.5868665319443561,
      "rev_growth_yoy": 0.8767806771989661,
      "rev_growth_yoy_accel": 0.03199933469348326,
      "op_leverage_ratio": Infinity,
      "fcf_margin_change": 0.2478388882215529
    },
    {
      "date": "2023-09-30T00:00:00",
      "quarter_label": "2023-09 (Q3)",
      "revenue": 789957000,
      "gross_profit": 246503000,
      "operating_income": -286586000,
      "net_income": -283103000,
      "opex": 533089000,
      "cogs": 543454000,
      "rd": null,
      "sga": null,
      "fcf": 135159000,
      "ocf": 145395000,
      "capex": -10236000,
      "gross_margin": 0.312046098711702,
      "op_margin": -0.3627868352328038,
      "fcf_margin": 0.17109665462803672,
      "incr_op_margin_yoy": 0.5848294730555971,
      "rev_growth_yoy": 0.5738138973339336,
      "rev_growth_yoy_accel": -0.3029667798650325,
      "fcf_margin_change": 0.1942711594724409
    },
    {
      "date": "2023-12-31T00:00:00",
      "quarter_label": "2023-12 (Q4)",
      "revenue": 1230857000,
      "gross_profit": 514199000,
      "operating_income": -43809000,
      "net_income": -44621000,
      "opex": 558008000,
      "cogs": 716658000,
      "rd": null,
      "sga": null,
      "fcf": 71050000,
      "ocf": 72067000,
      "capex": -1017000,
      "gross_margin": 0.41775689621133894,
      "op_margin": -0.03559227432593713,
      "fcf_margin": 0.057724008556639804,
      "incr_op_margin_yoy": 0.5014665020067922,
      "rev_growth_yoy": 0.43937492764283453,
      "rev_growth_yoy_accel": -0.1344389696910991,
      "op_leverage_ratio": 11.940039350541058,
      "fcf_margin_change": -0.11337264607139691
    },
    {
      "date": "2024-03-31T00:00:00",
      "quarter_label": "2024-03 (Q1)",
      "revenue": 1174996000,
      "gross_profit": 464927000,
      "operating_income": -138838000,
      "net_income": -142568000,
      "opex": 603765000,
      "cogs": 710069000,
      "rd": null,
      "sga": null,
      "fcf": -73420000,
      "ocf": -70395000,
      "capex": -3025000,
      "gross_margin": 0.3956839002005113,
      "op_margin": -0.11816040224817786,
      "fcf_margin": -0.06248531909895864,
      "incr_op_margin_yoy": 0.6190963724638825,
      "rev_growth_yoy": 0.5266588016402218,
      "rev_growth_yoy_accel": 0.0872838739973873,
      "fcf_margin_change": -0.12020932765559844
    },
    {
      "date": "2024-06-30T00:00:00",
      "quarter_label": "2024-06 (Q2)",
      "revenue": 1104441000,
      "gross_profit": 441027000,
      "operating_income": -32388000,
      "net_income": 63822000,
      "opex": 473415000,
      "cogs": 663414000,
      "rd": null,
      "sga": null,
      "fcf": 26968000,
      "ocf": 29389000,
      "capex": -2421000,
      "gross_margin": 0.39932146669672713,
      "op_margin": -0.02932524236242588,
      "fcf_margin": 0.02441778238946218,
      "incr_op_margin_yoy": 0.1597157471875354,
      "rev_growth_yoy": 0.2623235995688783,
      "rev_growth_yoy_accel": -0.26433520207134353,
      "fcf_margin_change": 0.08690310148842081
    },
    {
      "date": "2024-09-30T00:00:00",
      "quarter_label": "2024-09 (Q3)",
      "revenue": 1095490000,
      "gross_profit": 353056000,
      "operating_income": -298594000,
      "net_income": -293688000,
      "opex": 651650000,
      "cogs": 742434000,
      "rd": null,
      "sga": null,
      "fcf": 130882000,
      "ocf": 133584000,
      "capex": -2702000,
      "gross_margin": 0.3222813535495532,
      "op_margin": -0.2725666140266,
      "fcf_margin": 0.11947347762188609,
      "incr_op_margin_yoy": -0.03930181027908606,
      "rev_growth_yoy": 0.3867716850410845,
      "rev_growth_yoy_accel": 0.1244480854722062,
      "fcf_margin_change": 0.09505569523242391
    },
    {
      "date": "2024-12-31T00:00:00",
      "quarter_label": "2024-12 (Q4)",
      "revenue": 1392772000,
      "gross_profit": 558128000,
      "operating_income": -139179000,
      "net_income": -134851000,
      "opex": 697307000,
      "cogs": 834644000,
      "rd": null,
      "sga": null,
      "fcf": 323161000,
      "ocf": 325189000,
      "capex": -2028000,
      "gross_margin": 0.40073177806561305,
      "op_margin": -0.09992949312593878,
      "fcf_margin": 0.23202720904785565,
      "incr_op_margin_yoy": -0.5890127536052867,
      "rev_growth_yoy": 0.13154655658618344,
      "rev_growth_yoy_accel": -0.2552251284549011,
      "op_leverage_ratio": 3.8731759313352603,
      "fcf_margin_change": 0.11255373142596956
    },
    {
      "date": "2025-03-31T00:00:00",
      "quarter_label": "2025-03 (Q1)",
      "revenue": 1408806000,
      "gross_profit": 565003000,
      "operating_income": -46331000,
      "net_income": -33864000,
      "opex": 611334000,
      "cogs": 843803000,
      "rd": null,
      "sga": null,
      "fcf": -121663000,
      "ocf": -119016000,
      "capex": -2647000,
      "gross_margin": 0.40105096088460723,
      "op_margin": -0.03288671399752698,
      "fcf_margin": -0.08635894509251096,
      "incr_op_margin_yoy": 0.3956503143578119,
      "rev_growth_yoy": 0.19898791144820918,
      "rev_growth_yoy_accel": 0.06744135486202574,
      "op_leverage_ratio": Infinity,
      "fcf_margin_change": -0.31838615414036664
    },
    {
      "date": "2025-06-30T00:00:00",
      "quarter_label": "2025-06 (Q2)",
      "revenue": 1512507000,
      "gross_profit": 657948000,
      "operating_income": 150644000,
      "net_income": 157936000,
      "opex": 507304000,
      "cogs": 854559000,
      "rd": null,
      "sga": null,
      "fcf": 169605000,
      "ocf": 173921000,
      "capex": -4316000,
      "gross_margin": 0.4350049289028084,
      "op_margin": 0.09959887788949076,
      "fcf_margin": 0.1121350182180975,
      "incr_op_margin_yoy": 0.44853528595864395,
      "rev_growth_yoy": 0.3694774098390045,
      "rev_growth_yoy_accel": 0.17048949839079533,
      "op_leverage_ratio": Infinity,
      "fcf_margin_change": 0.19849396331060848
    },
    {
      "date": "2025-09-30T00:00:00",
      "quarter_label": "2025-09 (Q3)",
      "revenue": 1144019000,
      "gross_profit": 359940000,
      "operating_income": -271890000,
      "net_income": -256788000,
      "opex": 631830000,
      "cogs": 784079000,
      "rd": null,
      "sga": null,
      "fcf": 283044000,
      "ocf": 287477000,
      "capex": -4433000,
      "gross_margin": 0.3146276416737834,
      "op_margin": -0.2376621367302466,
      "fcf_margin": 0.24741197480111782,
      "incr_op_margin_yoy": 0.5502689113725814,
      "rev_growth_yoy": 0.044298898209933456,
      "rev_growth_yoy_accel": -0.3251785116290711,
      "fcf_margin_change": 0.1352769565830203
    }
  ],
  "signals": [
    {
      "quarter": "2025-09 (Q3)",
      "signal": "FCF MARGIN EXPANSION",
      "detail": "FCF margin: +11.2% -> +24.7% (+13.5%)",
      "severity": "MEDIUM"
    },
    {
      "quarter": "2025-09 (Q3)",
      "signal": "YoY REVENUE GROWTH DECELERATION",
      "detail": "YoY growth: +4.4% vs prior quarter YoY: +36.9% (decel: -32.5%)",
      "severity": "WARNING"
    },
    {
      "quarter": "2025-06 (Q2)",
      "signal": "FCF TURNED POSITIVE",
      "detail": "FCF margin: -8.6% -> +11.2%",
      "severity": "HIGH"
    },
    {
      "quarter": "2025-06 (Q2)",
      "signal": "YoY REVENUE GROWTH ACCELERATION",
      "detail": "YoY growth: +36.9% vs prior quarter YoY: +19.9% (accel: +17.0%)",
      "severity": "HIGH"
    },
    {
      "quarter": "2025-06 (Q2)",
      "signal": "OP MARGIN TURNED POSITIVE (YoY)",
      "detail": "Op margin: -2.9% (year-ago) -> +10.0%",
      "severity": "HIGH"
    },
    {
      "quarter": "2025-06 (Q2)",
      "signal": "OP MARGIN TURNED POSITIVE (QoQ)",
      "detail": "Op margin: -3.3% -> +10.0%",
      "severity": "HIGH"
    },
    {
      "quarter": "2025-03 (Q1)",
      "signal": "YoY REVENUE GROWTH ACCELERATION",
      "detail": "YoY growth: +19.9% vs prior quarter YoY: +13.2% (accel: +6.7%)",
      "severity": "MEDIUM"
    },
    {
      "quarter": "2024-12 (Q4)",
      "signal": "FCF MARGIN EXPANSION",
      "detail": "FCF margin: +11.9% -> +23.2% (+11.3%)",
      "severity": "MEDIUM"
    },
    {
      "quarter": "2024-12 (Q4)",
      "signal": "OPERATING LEVERAGE",
      "detail": "Rev growth +27.1% vs OpEx growth +7.0% (leverage: 3.9x)",
      "severity": "MEDIUM"
    },
    {
      "quarter": "2024-12 (Q4)",
      "signal": "GROSS MARGIN INFLECTION",
      "detail": "GM: +39.9% -> +32.2% -> +40.1% (reversal +7.8%)",
      "severity": "HIGH"
    },
    {
      "quarter": "2024-12 (Q4)",
      "signal": "YoY REVENUE GROWTH DECELERATION",
      "detail": "YoY growth: +13.2% vs prior quarter YoY: +38.7% (decel: -25.5%)",
      "severity": "WARNING"
    },
    {
      "quarter": "2024-09 (Q3)",
      "signal": "FCF MARGIN EXPANSION",
      "detail": "FCF margin: +2.4% -> +11.9% (+9.5%)",
      "severity": "MEDIUM"
    },
    {
      "quarter": "2024-09 (Q3)",
      "signal": "YoY REVENUE GROWTH ACCELERATION",
      "detail": "YoY growth: +38.7% vs prior quarter YoY: +26.2% (accel: +12.4%)",
      "severity": "MEDIUM"
    },
    {
      "quarter": "2024-06 (Q2)",
      "signal": "FCF TURNED POSITIVE",
      "detail": "FCF margin: -6.2% -> +2.4%",
      "severity": "HIGH"
    },
    {
      "quarter": "2024-06 (Q2)",
      "signal": "YoY REVENUE GROWTH DECELERATION",
      "detail": "YoY growth: +26.2% vs prior quarter YoY: +52.7% (decel: -26.4%)",
      "severity": "WARNING"
    },
    {
      "quarter": "2024-03 (Q1)",
      "signal": "YoY REVENUE GROWTH ACCELERATION",
      "detail": "YoY growth: +52.7% vs prior quarter YoY: +43.9% (accel: +8.7%)",
      "severity": "MEDIUM"
    },
    {
      "quarter": "2023-12 (Q4)",
      "signal": "OPERATING LEVERAGE",
      "detail": "Rev growth +55.8% vs OpEx growth +4.7% (leverage: 11.9x)",
      "severity": "MEDIUM"
    },
    {
      "quarter": "2023-12 (Q4)",
      "signal": "GROSS MARGIN INFLECTION",
      "detail": "GM: +41.7% -> +31.2% -> +41.8% (reversal +10.6%)",
      "severity": "HIGH"
    },
    {
      "quarter": "2023-12 (Q4)",
      "signal": "YoY REVENUE GROWTH DECELERATION",
      "detail": "YoY growth: +43.9% vs prior quarter YoY: +57.4% (decel: -13.4%)",
      "severity": "WARNING"
    },
    {
      "quarter": "2023-09 (Q3)",
      "signal": "FCF TURNED POSITIVE",
      "detail": "FCF margin: -2.3% -> +17.1%",
      "severity": "HIGH"
    },
    {
      "quarter": "2023-09 (Q3)",
      "signal": "YoY REVENUE GROWTH DECELERATION",
      "detail": "YoY growth: +57.4% vs prior quarter YoY: +87.7% (decel: -30.3%)",
      "severity": "WARNING"
    },
    {
      "quarter": "2023-06 (Q2)",
      "signal": "FCF MARGIN EXPANSION",
      "detail": "FCF margin: -27.1% -> -2.3% (+24.8%)",
      "severity": "MEDIUM"
    },
    {
      "quarter": "2023-06 (Q2)",
      "signal": "GROSS MARGIN INFLECTION",
      "detail": "GM: +43.2% -> +32.2% -> +41.7% (reversal +9.5%)",
      "severity": "HIGH"
    },
    {
      "quarter": "2022-12 (Q4)",
      "signal": "OPERATING LEVERAGE",
      "detail": "Rev growth +70.4% vs OpEx growth +3.0% (leverage: 23.3x)",
      "severity": "MEDIUM"
    },
    {
      "quarter": "2022-12 (Q4)",
      "signal": "GROSS MARGIN INFLECTION",
      "detail": "GM: +32.9% -> +25.7% -> +43.2% (reversal +17.5%)",
      "severity": "HIGH"
    },
    {
      "quarter": "2022-12 (Q4)",
      "signal": "YoY REVENUE GROWTH DECELERATION",
      "detail": "YoY growth: +80.7% vs prior quarter YoY: +135.9% (decel: -55.2%)",
      "severity": "WARNING"
    },
    {
      "quarter": "2022-09 (Q3)",
      "signal": "FCF TURNED POSITIVE",
      "detail": "FCF margin: -38.3% -> +9.3%",
      "severity": "HIGH"
    },
    {
      "quarter": "2022-09 (Q3)",
      "signal": "YoY REVENUE GROWTH ACCELERATION",
      "detail": "YoY growth: +135.9% vs prior quarter YoY: +56.6% (accel: +79.2%)",
      "severity": "HIGH"
    },
    {
      "quarter": "2022-06 (Q2)",
      "signal": "FCF MARGIN EXPANSION",
      "detail": "FCF margin: -87.6% -> -38.3% (+49.3%)",
      "severity": "MEDIUM"
    },
    {
      "quarter": "2022-06 (Q2)",
      "signal": "GROSS MARGIN INFLECTION",
      "detail": "GM: +46.5% -> +24.9% -> +32.9% (reversal +8.0%)",
      "severity": "HIGH"
    },
    {
      "quarter": "2022-06 (Q2)",
      "signal": "YoY REVENUE GROWTH ACCELERATION",
      "detail": "YoY growth: +56.6% vs prior quarter YoY: +33.6% (accel: +23.0%)",
      "severity": "HIGH"
    },
    {
      "quarter": "2021-12 (Q4)",
      "signal": "OPERATING LEVERAGE",
      "detail": "Rev growth +122.4% vs OpEx growth +0.1% (leverage: 2301.8x)",
      "severity": "MEDIUM"
    },
    {
      "quarter": "2021-12 (Q4)",
      "signal": "GROSS MARGIN INFLECTION",
      "detail": "GM: +37.2% -> +19.8% -> +46.5% (reversal +26.7%)",
      "severity": "HIGH"
    }
  ],
  "data_quality": {
    "n_quarters": 19,
    "coverage": {
      "revenue": [
        19,
        19
      ],
      "gross_profit": [
        19,
        19
      ],
      "op_income": [
        19,
        19
      ],
      "fcf": [
        19,
        19
      ]
    },
    "gaps": [],
    "warnings": []
  },
  "market_cap": null,
  "source": "SEC EDGAR",
  "last_updated": "2026-02-02T20:26:13.026309",
  "sector": "Consumer Cyclical",
  "industry": "Gambling"
}