{
  "ticker": "DKS",
  "name": "DICK\u2019S SPORTING GOODS,\u00a0INC.",
  "quarters": [
    {
      "date": "2021-01-30T00:00:00",
      "quarter_label": "2021-01 (Q1)",
      "revenue": 3125307000,
      "gross_profit": 1052331000,
      "operating_income": 290200000,
      "net_income": null,
      "opex": 762131000,
      "cogs": 2072976000,
      "rd": null,
      "sga": 761163000,
      "fcf": 567671000,
      "ocf": 635254000,
      "capex": -67583000,
      "gross_margin": 0.3367128413304677,
      "op_margin": 0.0928548779367915,
      "fcf_margin": 0.18163687599330242
    },
    {
      "date": "2021-05-01T00:00:00",
      "quarter_label": "2021-05 (Q2)",
      "revenue": 2918719000,
      "gross_profit": 1088627000,
      "operating_income": 475809000,
      "net_income": null,
      "opex": 612818000,
      "cogs": 1830092000,
      "rd": null,
      "sga": 608294000,
      "fcf": 376254000,
      "ocf": 447351000,
      "capex": -71097000,
      "gross_margin": 0.3729810920475729,
      "op_margin": 0.16301980423603643,
      "fcf_margin": 0.12891066252009872,
      "fcf_margin_change": -0.05272621347320369
    },
    {
      "date": "2021-07-31T00:00:00",
      "quarter_label": "2021-07 (Q3)",
      "revenue": 3274842000,
      "gross_profit": 1307077000,
      "operating_income": 663553000,
      "net_income": null,
      "opex": 643524000,
      "cogs": 1967765000,
      "rd": null,
      "sga": 640268000,
      "fcf": 486838000,
      "ocf": 583430000,
      "capex": -96592000,
      "gross_margin": 0.39912673649598973,
      "op_margin": 0.20262137837489563,
      "fcf_margin": 0.1486599964212014,
      "op_leverage_ratio": 2.435095541565421,
      "fcf_margin_change": 0.019749333901102673
    },
    {
      "date": "2021-10-30T00:00:00",
      "quarter_label": "2021-10 (Q4)",
      "revenue": 2747647000,
      "gross_profit": 1056576000,
      "operating_income": 419868000,
      "net_income": null,
      "opex": 636708000,
      "cogs": 1691071000,
      "rd": null,
      "sga": 631943000,
      "fcf": -87533000,
      "ocf": -24135000,
      "capex": -63398000,
      "gross_margin": 0.3845384796518621,
      "op_margin": 0.15281002253928544,
      "fcf_margin": -0.03185744020247142,
      "fcf_margin_change": -0.1805174366236728
    },
    {
      "date": "2022-01-29T00:00:00",
      "quarter_label": "2022-01 (Q1)",
      "revenue": 3352160000,
      "gross_profit": 1259606000,
      "operating_income": 475273000,
      "net_income": null,
      "opex": 784333000,
      "cogs": 2092554000,
      "rd": null,
      "sga": 783578000,
      "fcf": 533052000,
      "ocf": 610226000,
      "capex": -77174000,
      "gross_margin": 0.3757595102859052,
      "op_margin": 0.14178112023292444,
      "fcf_margin": 0.15901746933320604,
      "incr_op_margin_yoy": 0.8158278709120003,
      "rev_growth_yoy": 0.07258582916814252,
      "op_leverage_ratio": 0.9489101764233366,
      "fcf_margin_change": 0.19087490953567746
    },
    {
      "date": "2022-04-30T00:00:00",
      "quarter_label": "2022-04 (Q2)",
      "revenue": 2700205000,
      "gross_profit": 984714000,
      "operating_income": 366521000,
      "net_income": null,
      "opex": 618193000,
      "cogs": 1715491000,
      "rd": null,
      "sga": 615293000,
      "fcf": -134084000,
      "ocf": -60301000,
      "capex": -73783000,
      "gross_margin": 0.36468120013110117,
      "op_margin": 0.13573821246905327,
      "fcf_margin": -0.04965697048927767,
      "incr_op_margin_yoy": 0.5001418673403077,
      "rev_growth_yoy": -0.0748664054333425,
      "rev_growth_yoy_accel": -0.14745223460148502,
      "fcf_margin_change": -0.2086744398224837
    },
    {
      "date": "2022-07-30T00:00:00",
      "quarter_label": "2022-07 (Q3)",
      "revenue": 3112419000,
      "gross_profit": 1121382000,
      "operating_income": 460178000,
      "net_income": null,
      "opex": 661204000,
      "cogs": 1991037000,
      "rd": null,
      "sga": 657368000,
      "fcf": 68135000,
      "ocf": 162045000,
      "capex": -93910000,
      "gross_margin": 0.36029274978722337,
      "op_margin": 0.14785220113358774,
      "fcf_margin": 0.021891332754362443,
      "incr_op_margin_yoy": 1.2521317793662228,
      "rev_growth_yoy": -0.049597201941345564,
      "rev_growth_yoy_accel": 0.025269203491996933,
      "op_leverage_ratio": 2.1941713681645023,
      "fcf_margin_change": 0.07154830324364012
    },
    {
      "date": "2022-10-29T00:00:00",
      "quarter_label": "2022-10 (Q4)",
      "revenue": 2958861000,
      "gross_profit": 1012423000,
      "operating_income": 325464000,
      "net_income": null,
      "opex": 686959000,
      "cogs": 1946438000,
      "rd": null,
      "sga": 679747000,
      "fcf": -172739000,
      "ocf": -66125000,
      "capex": -106614000,
      "gross_margin": 0.3421664620271111,
      "op_margin": 0.10999638036393058,
      "fcf_margin": -0.058380234826847226,
      "incr_op_margin_yoy": -0.44695900839906444,
      "rev_growth_yoy": 0.07687086441598939,
      "rev_growth_yoy_accel": 0.12646806635733496,
      "fcf_margin_change": -0.08027156758120967
    },
    {
      "date": "2023-01-28T00:00:00",
      "quarter_label": "2023-01 (Q1)",
      "revenue": 3596713000,
      "gross_profit": 1166039000,
      "operating_income": 310856000,
      "net_income": null,
      "opex": 855183000,
      "cogs": 2430674000,
      "rd": null,
      "sga": 853054000,
      "fcf": 796494000,
      "ocf": 886262000,
      "capex": -89768000,
      "gross_margin": 0.32419573093544024,
      "op_margin": 0.08642780227390955,
      "fcf_margin": 0.22145052997000317,
      "incr_op_margin_yoy": -0.6723164303852335,
      "rev_growth_yoy": 0.07295385661782254,
      "rev_growth_yoy_accel": -0.003917007798166852,
      "op_leverage_ratio": 0.8803152399718414,
      "fcf_margin_change": 0.2798307647968504
    },
    {
      "date": "2023-04-29T00:00:00",
      "quarter_label": "2023-04 (Q2)",
      "revenue": 2842181000,
      "gross_profit": 1028617000,
      "operating_income": 325623000,
      "net_income": null,
      "opex": 702994000,
      "cogs": 1813564000,
      "rd": null,
      "sga": 693904000,
      "fcf": -132887000,
      "ocf": -48380000,
      "capex": -84507000,
      "gross_margin": 0.3619111520343004,
      "op_margin": 0.11456800253045109,
      "fcf_margin": -0.04675529109511323,
      "incr_op_margin_yoy": -0.28806277117259255,
      "rev_growth_yoy": 0.05257971154042008,
      "rev_growth_yoy_accel": -0.020374145077402463,
      "fcf_margin_change": -0.26820582106511637
    },
    {
      "date": "2023-07-29T00:00:00",
      "quarter_label": "2023-07 (Q3)",
      "revenue": 3223643000,
      "gross_profit": 1109476000,
      "operating_income": 311759000,
      "net_income": null,
      "opex": 797717000,
      "cogs": 2114167000,
      "rd": null,
      "sga": 775590000,
      "fcf": 577820000,
      "ocf": 741873000,
      "capex": -164053000,
      "gross_margin": 0.3441683834097014,
      "op_margin": 0.09671015059670068,
      "fcf_margin": 0.17924441385103748,
      "incr_op_margin_yoy": -1.3344152341221318,
      "rev_growth_yoy": 0.03573554845925308,
      "rev_growth_yoy_accel": -0.016844163081167,
      "op_leverage_ratio": 0.9960834485398201,
      "fcf_margin_change": 0.2259997049461507
    },
    {
      "date": "2023-10-28T00:00:00",
      "quarter_label": "2023-10 (Q4)",
      "revenue": 3042405000,
      "gross_profit": 1061463000,
      "operating_income": 272944000,
      "net_income": null,
      "opex": 788519000,
      "cogs": 1980942000,
      "rd": null,
      "sga": 776037000,
      "fcf": -89746000,
      "ocf": 71221000,
      "capex": -160967000,
      "gross_margin": 0.3488894476573632,
      "op_margin": 0.08971323673212475,
      "fcf_margin": -0.029498373819396167,
      "incr_op_margin_yoy": -0.628650770851288,
      "rev_growth_yoy": 0.02823518914879746,
      "rev_growth_yoy_accel": -0.007500359310455618,
      "fcf_margin_change": -0.20874278767043364
    },
    {
      "date": "2024-02-03T00:00:00",
      "quarter_label": "2024-02 (Q1)",
      "revenue": 3876171000,
      "gross_profit": 1334179000,
      "operating_income": 372037000,
      "net_income": null,
      "opex": 962142000,
      "cogs": 2541992000,
      "rd": null,
      "sga": 958578000,
      "fcf": 584722000,
      "ocf": 762621000,
      "capex": -177899000,
      "gross_margin": 0.3442002429717368,
      "op_margin": 0.09598054368602417,
      "fcf_margin": 0.1508504139781243,
      "incr_op_margin_yoy": 0.21892735223182017,
      "rev_growth_yoy": 0.07769816496339853,
      "rev_growth_yoy_accel": 0.049462975814601066,
      "op_leverage_ratio": 1.244606490374503,
      "fcf_margin_change": 0.18034878779752045
    },
    {
      "date": "2024-05-04T00:00:00",
      "quarter_label": "2024-05 (Q2)",
      "revenue": 3018383000,
      "gross_profit": 1095293000,
      "operating_income": 330799000,
      "net_income": 275295000,
      "opex": 764494000,
      "cogs": 1923090000,
      "rd": null,
      "sga": 743399000,
      "fcf": 74194000,
      "ocf": 231719000,
      "capex": -157525000,
      "gross_margin": 0.3628740951694997,
      "op_margin": 0.10959477309539578,
      "fcf_margin": 0.024580710930322627,
      "incr_op_margin_yoy": 0.029375375988921804,
      "rev_growth_yoy": 0.06199534793878363,
      "rev_growth_yoy_accel": -0.015702817024614894,
      "fcf_margin_change": -0.12626970304780166
    },
    {
      "date": "2024-08-03T00:00:00",
      "quarter_label": "2024-08 (Q3)",
      "revenue": 3473635000,
      "gross_profit": 1275700000,
      "operating_income": 470096000,
      "net_income": 362230000,
      "opex": 805604000,
      "cogs": 2197935000,
      "rd": null,
      "sga": 796673000,
      "fcf": 179849000,
      "ocf": 394429000,
      "capex": -214580000,
      "gross_margin": 0.3672521724360792,
      "op_margin": 0.1353325838782716,
      "fcf_margin": 0.05177544560669155,
      "incr_op_margin_yoy": 0.6333682677845691,
      "rev_growth_yoy": 0.07754953014338126,
      "rev_growth_yoy_accel": 0.015554182204597623,
      "op_leverage_ratio": 2.804814350106543,
      "fcf_margin_change": 0.02719473467636892
    },
    {
      "date": "2024-11-02T00:00:00",
      "quarter_label": "2024-11 (Q4)",
      "revenue": 3057181000,
      "gross_profit": 1093444000,
      "operating_income": 286044000,
      "net_income": 227813000,
      "opex": 807400000,
      "cogs": 1963737000,
      "rd": null,
      "sga": 790621000,
      "fcf": -139305000,
      "ocf": 54159000,
      "capex": -193464000,
      "gross_margin": 0.35766413568578376,
      "op_margin": 0.09356462702077502,
      "fcf_margin": -0.045566487558309436,
      "incr_op_margin_yoy": 0.8865728207904711,
      "rev_growth_yoy": 0.004856684103529938,
      "rev_growth_yoy_accel": -0.07269284603985132,
      "fcf_margin_change": -0.09734193316500098
    },
    {
      "date": "2025-02-01T00:00:00",
      "quarter_label": "2025-02 (Q1)",
      "revenue": 3893649000,
      "gross_profit": 1361258000,
      "operating_income": 386992000,
      "net_income": null,
      "opex": 974266000,
      "cogs": 2532391000,
      "rd": null,
      "sga": 963580000,
      "fcf": 394532000,
      "ocf": 631528000,
      "capex": -236996000,
      "gross_margin": 0.3496098389967868,
      "op_margin": 0.09939057167197146,
      "fcf_margin": 0.10132705849962335,
      "incr_op_margin_yoy": 0.855647099210436,
      "rev_growth_yoy": 0.004509088995299743,
      "rev_growth_yoy_accel": -0.0003475951082301948,
      "op_leverage_ratio": 1.3238813647717482,
      "fcf_margin_change": 0.14689354605793278
    },
    {
      "date": "2025-05-03T00:00:00",
      "quarter_label": "2025-05 (Q2)",
      "revenue": 3174677000,
      "gross_profit": 1165086000,
      "operating_income": 366116000,
      "net_income": 264288000,
      "opex": 798970000,
      "cogs": 2009591000,
      "rd": null,
      "sga": 785528000,
      "fcf": -86679000,
      "ocf": 178046000,
      "capex": -264725000,
      "gross_margin": 0.36699355556486535,
      "op_margin": 0.11532385814367888,
      "fcf_margin": -0.027303250062919785,
      "incr_op_margin_yoy": 0.22596516820863244,
      "rev_growth_yoy": 0.051780705099385996,
      "rev_growth_yoy_accel": 0.047271616104086256,
      "fcf_margin_change": -0.12863030856254315
    },
    {
      "date": "2025-08-02T00:00:00",
      "quarter_label": "2025-08 (Q3)",
      "revenue": 3646616000,
      "gross_profit": 1351272000,
      "operating_income": 452185000,
      "net_income": 381402000,
      "opex": 899087000,
      "cogs": 2295344000,
      "rd": null,
      "sga": 878737000,
      "fcf": 296244000,
      "ocf": 557595000,
      "capex": -261351000,
      "gross_margin": 0.37055505707209097,
      "op_margin": 0.12400126583111576,
      "fcf_margin": 0.08123805742090749,
      "incr_op_margin_yoy": -0.10354316370005955,
      "rev_growth_yoy": 0.04979826608149676,
      "rev_growth_yoy_accel": -0.0019824390178892343,
      "op_leverage_ratio": 1.1863394361722515,
      "fcf_margin_change": 0.10854130748382727
    },
    {
      "date": "2025-11-01T00:00:00",
      "quarter_label": "2025-11 (Q4)",
      "revenue": 4167773000,
      "gross_profit": 1380860000,
      "operating_income": 93097000,
      "net_income": 75212000,
      "opex": 1287763000,
      "cogs": 2786913000,
      "rd": null,
      "sga": 1118600000,
      "fcf": -515591000,
      "ocf": -248364000,
      "capex": -267227000,
      "gross_margin": 0.3313184283309096,
      "op_margin": 0.022337348987096946,
      "fcf_margin": -0.12370899278823487,
      "incr_op_margin_yoy": -0.17373346827637873,
      "rev_growth_yoy": 0.36327322458173067,
      "rev_growth_yoy_accel": 0.3134749585002339,
      "op_leverage_ratio": 0.33059214919823426,
      "fcf_margin_change": -0.20494705020914236
    }
  ],
  "signals": [
    {
      "quarter": "2025-11 (Q4)",
      "signal": "YoY REVENUE GROWTH ACCELERATION",
      "detail": "YoY growth: +36.3% vs prior quarter YoY: +5.0% (accel: +31.3%)",
      "severity": "HIGH"
    },
    {
      "quarter": "2025-08 (Q3)",
      "signal": "FCF TURNED POSITIVE",
      "detail": "FCF margin: -2.7% -> +8.1%",
      "severity": "HIGH"
    },
    {
      "quarter": "2025-05 (Q2)",
      "signal": "INCREMENTAL MARGIN (YoY)",
      "detail": "YoY Incr OPM: +22.6% vs year-ago OPM: +11.0%",
      "severity": "MEDIUM"
    },
    {
      "quarter": "2025-02 (Q1)",
      "signal": "FCF TURNED POSITIVE",
      "detail": "FCF margin: -4.6% -> +10.1%",
      "severity": "HIGH"
    },
    {
      "quarter": "2025-02 (Q1)",
      "signal": "INCREMENTAL MARGIN (YoY)",
      "detail": "YoY Incr OPM: +85.6% vs year-ago OPM: +9.6%",
      "severity": "HIGH"
    },
    {
      "quarter": "2024-11 (Q4)",
      "signal": "YoY REVENUE GROWTH DECELERATION",
      "detail": "YoY growth: +0.5% vs prior quarter YoY: +7.8% (decel: -7.3%)",
      "severity": "WARNING"
    },
    {
      "quarter": "2024-11 (Q4)",
      "signal": "INCREMENTAL MARGIN (YoY)",
      "detail": "YoY Incr OPM: +88.7% vs year-ago OPM: +9.0%",
      "severity": "HIGH"
    },
    {
      "quarter": "2024-08 (Q3)",
      "signal": "OPERATING LEVERAGE",
      "detail": "Rev growth +15.1% vs OpEx growth +5.4% (leverage: 2.8x)",
      "severity": "MEDIUM"
    },
    {
      "quarter": "2024-08 (Q3)",
      "signal": "INCREMENTAL MARGIN (YoY)",
      "detail": "YoY Incr OPM: +63.3% vs year-ago OPM: +9.7%",
      "severity": "HIGH"
    },
    {
      "quarter": "2024-02 (Q1)",
      "signal": "FCF TURNED POSITIVE",
      "detail": "FCF margin: -2.9% -> +15.1%",
      "severity": "HIGH"
    },
    {
      "quarter": "2024-02 (Q1)",
      "signal": "INCREMENTAL MARGIN (YoY)",
      "detail": "YoY Incr OPM: +21.9% vs year-ago OPM: +8.6%",
      "severity": "MEDIUM"
    },
    {
      "quarter": "2023-07 (Q3)",
      "signal": "FCF TURNED POSITIVE",
      "detail": "FCF margin: -4.7% -> +17.9%",
      "severity": "HIGH"
    },
    {
      "quarter": "2023-04 (Q2)",
      "signal": "GROSS MARGIN INFLECTION",
      "detail": "GM: +34.2% -> +32.4% -> +36.2% (reversal +3.8%)",
      "severity": "MEDIUM"
    },
    {
      "quarter": "2023-01 (Q1)",
      "signal": "FCF TURNED POSITIVE",
      "detail": "FCF margin: -5.8% -> +22.1%",
      "severity": "HIGH"
    },
    {
      "quarter": "2022-10 (Q4)",
      "signal": "YoY REVENUE GROWTH ACCELERATION",
      "detail": "YoY growth: +7.7% vs prior quarter YoY: -5.0% (accel: +12.6%)",
      "severity": "MEDIUM"
    },
    {
      "quarter": "2022-07 (Q3)",
      "signal": "FCF TURNED POSITIVE",
      "detail": "FCF margin: -5.0% -> +2.2%",
      "severity": "HIGH"
    },
    {
      "quarter": "2022-07 (Q3)",
      "signal": "OPERATING LEVERAGE",
      "detail": "Rev growth +15.3% vs OpEx growth +7.0% (leverage: 2.2x)",
      "severity": "MEDIUM"
    },
    {
      "quarter": "2022-07 (Q3)",
      "signal": "INCREMENTAL MARGIN (YoY)",
      "detail": "YoY Incr OPM: +125.2% vs year-ago OPM: +20.3%",
      "severity": "HIGH"
    },
    {
      "quarter": "2022-04 (Q2)",
      "signal": "YoY REVENUE GROWTH DECELERATION",
      "detail": "YoY growth: -7.5% vs prior quarter YoY: +7.3% (decel: -14.7%)",
      "severity": "WARNING"
    },
    {
      "quarter": "2022-04 (Q2)",
      "signal": "INCREMENTAL MARGIN (YoY)",
      "detail": "YoY Incr OPM: +50.0% vs year-ago OPM: +16.3%",
      "severity": "HIGH"
    },
    {
      "quarter": "2022-01 (Q1)",
      "signal": "FCF TURNED POSITIVE",
      "detail": "FCF margin: -3.2% -> +15.9%",
      "severity": "HIGH"
    },
    {
      "quarter": "2022-01 (Q1)",
      "signal": "INCREMENTAL MARGIN (YoY)",
      "detail": "YoY Incr OPM: +81.6% vs year-ago OPM: +9.3%",
      "severity": "HIGH"
    },
    {
      "quarter": "2021-07 (Q3)",
      "signal": "OPERATING LEVERAGE",
      "detail": "Rev growth +12.2% vs OpEx growth +5.0% (leverage: 2.4x)",
      "severity": "MEDIUM"
    }
  ],
  "data_quality": {
    "n_quarters": 20,
    "coverage": {
      "revenue": [
        20,
        20
      ],
      "gross_profit": [
        20,
        20
      ],
      "op_income": [
        20,
        20
      ],
      "fcf": [
        20,
        20
      ]
    },
    "gaps": [],
    "warnings": []
  },
  "market_cap": null,
  "source": "SEC EDGAR",
  "last_updated": "2026-02-02T20:20:30.072369",
  "sector": "Consumer Cyclical",
  "industry": "Specialty Retail"
}