{
  "ticker": "DLB",
  "name": "DOLBY LABORATORIES, INC.",
  "quarters": [
    {
      "date": "2021-03-26T00:00:00",
      "quarter_label": "2021-03 (Q1)",
      "revenue": 319558000,
      "gross_profit": 287180000,
      "operating_income": 83187000,
      "net_income": 76217000,
      "opex": 203993000,
      "cogs": 32378000,
      "rd": 65808000,
      "sga": null,
      "fcf": 70108000,
      "ocf": 83468000,
      "capex": -13360000,
      "gross_margin": 0.8986788000926279,
      "op_margin": 0.2603189405366162,
      "fcf_margin": 0.21939053317394652
    },
    {
      "date": "2021-06-25T00:00:00",
      "quarter_label": "2021-06 (Q2)",
      "revenue": 286799000,
      "gross_profit": 255155000,
      "operating_income": 56091000,
      "net_income": 54621000,
      "opex": 199064000,
      "cogs": 31644000,
      "rd": 62094000,
      "sga": null,
      "fcf": 158620000,
      "ocf": 172352000,
      "capex": -13732000,
      "gross_margin": 0.8896648872555344,
      "op_margin": 0.1955759957322027,
      "fcf_margin": 0.5530702687247864,
      "fcf_margin_change": 0.33367973555083985
    },
    {
      "date": "2021-09-24T00:00:00",
      "quarter_label": "2021-09 (Q3)",
      "revenue": 285025000,
      "gross_profit": 254326000,
      "operating_income": 40365000,
      "net_income": 44191000,
      "opex": 213961000,
      "cogs": 30699000,
      "rd": 61966000,
      "sga": null,
      "fcf": 97938000,
      "ocf": 109773000,
      "capex": -11835000,
      "gross_margin": 0.892293658451013,
      "op_margin": 0.14161915621436716,
      "fcf_margin": 0.34361196386281906,
      "fcf_margin_change": -0.20945830486196731
    },
    {
      "date": "2021-12-31T00:00:00",
      "quarter_label": "2021-12 (Q4)",
      "revenue": 351633000,
      "gross_profit": 318924000,
      "operating_income": 90581000,
      "net_income": 80014000,
      "opex": 228343000,
      "cogs": 32709000,
      "rd": 68824000,
      "sga": null,
      "fcf": 17208000,
      "ocf": 31660000,
      "capex": -14452000,
      "gross_margin": 0.9069797203334158,
      "op_margin": 0.2576009646421127,
      "fcf_margin": 0.04893738642277602,
      "op_leverage_ratio": 3.4766324047405446,
      "fcf_margin_change": -0.29467457744004305
    },
    {
      "date": "2022-04-01T00:00:00",
      "quarter_label": "2022-04 (Q2)",
      "revenue": 334371000,
      "gross_profit": 298856000,
      "operating_income": 43350000,
      "net_income": 36720000,
      "opex": 255506000,
      "cogs": 35515000,
      "rd": 67421000,
      "sga": null,
      "fcf": 51398000,
      "ocf": 62999000,
      "capex": -11601000,
      "gross_margin": 0.893785645286224,
      "op_margin": 0.129646410723418,
      "fcf_margin": 0.15371548369924426,
      "incr_op_margin_yoy": -2.6893269425504625,
      "rev_growth_yoy": 0.04635465236357719,
      "fcf_margin_change": 0.10477809727646824
    },
    {
      "date": "2022-07-01T00:00:00",
      "quarter_label": "2022-07 (Q3)",
      "revenue": 289585000,
      "gross_profit": 253628000,
      "operating_income": 45566000,
      "net_income": 39597000,
      "opex": 208062000,
      "cogs": 35957000,
      "rd": 62859000,
      "sga": null,
      "fcf": 161443000,
      "ocf": 172608000,
      "capex": -11165000,
      "gross_margin": 0.8758326570782327,
      "op_margin": 0.15734931021979728,
      "fcf_margin": 0.5574977985738212,
      "incr_op_margin_yoy": -3.7778176597272073,
      "rev_growth_yoy": 0.009714120342121137,
      "rev_growth_yoy_accel": -0.036640532021456056,
      "fcf_margin_change": 0.40378231487457694
    },
    {
      "date": "2022-09-30T00:00:00",
      "quarter_label": "2022-09 (Q3)",
      "revenue": 278204000,
      "gross_profit": 241025000,
      "operating_income": 27108000,
      "net_income": 27756000,
      "opex": 213917000,
      "cogs": 37179000,
      "rd": 62070000,
      "sga": null,
      "fcf": 40599000,
      "ocf": 51309000,
      "capex": -10710000,
      "gross_margin": 0.8663606562091127,
      "op_margin": 0.097439289154721,
      "fcf_margin": 0.14593248120084543,
      "incr_op_margin_yoy": 1.9435566632458583,
      "rev_growth_yoy": -0.023931234102271732,
      "rev_growth_yoy_accel": -0.03364535444439287,
      "fcf_margin_change": -0.41156531737297575
    },
    {
      "date": "2022-12-30T00:00:00",
      "quarter_label": "2022-12 (Q4)",
      "revenue": 334921000,
      "gross_profit": 300471000,
      "operating_income": 94088000,
      "net_income": 79375000,
      "opex": 206383000,
      "cogs": 34450000,
      "rd": 64450000,
      "sga": null,
      "fcf": 49178000,
      "ocf": 56395000,
      "capex": -7217000,
      "gross_margin": 0.8971399225488996,
      "op_margin": 0.2809259497015714,
      "fcf_margin": 0.14683462667315575,
      "incr_op_margin_yoy": -0.20984921014839636,
      "rev_growth_yoy": -0.04752682484294705,
      "rev_growth_yoy_accel": -0.023595590740675316,
      "op_leverage_ratio": Infinity,
      "fcf_margin_change": 0.0009021454723103228
    },
    {
      "date": "2023-03-31T00:00:00",
      "quarter_label": "2023-03 (Q1)",
      "revenue": 375891000,
      "gross_profit": 334842000,
      "operating_income": 109224000,
      "net_income": 95696000,
      "opex": 225618000,
      "cogs": 41049000,
      "rd": 67951000,
      "sga": null,
      "fcf": 97018000,
      "ocf": 104542000,
      "capex": -7524000,
      "gross_margin": 0.890795469963367,
      "op_margin": 0.2905735971332115,
      "fcf_margin": 0.2581014176982157,
      "incr_op_margin_yoy": 1.5865606936416186,
      "rev_growth_yoy": 0.12417344805620105,
      "rev_growth_yoy_accel": 0.1717002728991481,
      "op_leverage_ratio": 1.312518142321551,
      "fcf_margin_change": 0.11126679102505996
    },
    {
      "date": "2023-06-30T00:00:00",
      "quarter_label": "2023-06 (Q2)",
      "revenue": 298370000,
      "gross_profit": 256855000,
      "operating_income": 15935000,
      "net_income": 16399000,
      "opex": 240920000,
      "cogs": 41515000,
      "rd": 68696000,
      "sga": null,
      "fcf": 113716000,
      "ocf": 121129000,
      "capex": -7413000,
      "gross_margin": 0.8608606763414552,
      "op_margin": 0.05340684385159366,
      "fcf_margin": 0.38112410765157356,
      "incr_op_margin_yoy": -3.3729083665338644,
      "rev_growth_yoy": 0.030336516048828498,
      "rev_growth_yoy_accel": -0.09383693200737256,
      "fcf_margin_change": 0.12302268995335786
    },
    {
      "date": "2023-09-29T00:00:00",
      "quarter_label": "2023-09 (Q3)",
      "revenue": 290562000,
      "gross_profit": 255010000,
      "operating_income": -3494000,
      "net_income": 9186000,
      "opex": 258504000,
      "cogs": 35552000,
      "rd": 70426000,
      "sga": null,
      "fcf": 76830000,
      "ocf": 85015000,
      "capex": -8185000,
      "gross_margin": 0.8776440140142208,
      "op_margin": -0.012024972295069556,
      "fcf_margin": 0.2644186094534041,
      "incr_op_margin_yoy": -2.4762906619194043,
      "rev_growth_yoy": 0.04442064096849794,
      "rev_growth_yoy_accel": 0.014084124919669441,
      "fcf_margin_change": -0.11670549819816944
    },
    {
      "date": "2023-12-29T00:00:00",
      "quarter_label": "2023-12 (Q4)",
      "revenue": 315574000,
      "gross_profit": 283514000,
      "operating_income": 66221000,
      "net_income": 66981000,
      "opex": 217293000,
      "cogs": 32060000,
      "rd": 67033000,
      "sga": null,
      "fcf": 2310000,
      "ocf": 8409000,
      "capex": -6099000,
      "gross_margin": 0.8984073466128388,
      "op_margin": 0.20984301621806611,
      "fcf_margin": 0.007319994676367508,
      "incr_op_margin_yoy": 1.4403783532330594,
      "rev_growth_yoy": -0.057765861203089686,
      "rev_growth_yoy_accel": -0.10218650217158762,
      "op_leverage_ratio": Infinity,
      "fcf_margin_change": -0.2570986147770366
    },
    {
      "date": "2024-03-29T00:00:00",
      "quarter_label": "2024-03 (Q1)",
      "revenue": 364523000,
      "gross_profit": 325746000,
      "operating_income": 108968000,
      "net_income": 97830000,
      "opex": 216778000,
      "cogs": 38777000,
      "rd": 62493000,
      "sga": null,
      "fcf": 172493000,
      "ocf": 181409000,
      "capex": -8916000,
      "gross_margin": 0.8936226246354826,
      "op_margin": 0.29893312630478736,
      "fcf_margin": 0.47320196530808756,
      "incr_op_margin_yoy": 0.022519352568613652,
      "rev_growth_yoy": -0.030242809750699005,
      "rev_growth_yoy_accel": 0.02752305145239068,
      "op_leverage_ratio": Infinity,
      "fcf_margin_change": 0.46588197063172004
    },
    {
      "date": "2024-06-28T00:00:00",
      "quarter_label": "2024-06 (Q2)",
      "revenue": 288818000,
      "gross_profit": 253155000,
      "operating_income": 36783000,
      "net_income": 38444000,
      "opex": 216372000,
      "cogs": 35663000,
      "rd": 65501000,
      "sga": null,
      "fcf": 13651000,
      "ocf": 21264000,
      "capex": -7613000,
      "gross_margin": 0.8765208539633956,
      "op_margin": 0.12735702068430638,
      "fcf_margin": 0.04726505965694659,
      "incr_op_margin_yoy": -2.1825795644891124,
      "rev_growth_yoy": -0.03201394242048463,
      "rev_growth_yoy_accel": -0.0017711326697856244,
      "fcf_margin_change": -0.42593690565114095
    },
    {
      "date": "2024-09-27T00:00:00",
      "quarter_label": "2024-09 (Q3)",
      "revenue": 304806000,
      "gross_profit": 270810000,
      "operating_income": 46354000,
      "net_income": 58570000,
      "opex": 224456000,
      "cogs": 33996000,
      "rd": 68636000,
      "sga": null,
      "fcf": 108791000,
      "ocf": 116170000,
      "capex": -7379000,
      "gross_margin": 0.8884667624653058,
      "op_margin": 0.15207705885054756,
      "fcf_margin": 0.3569188270572102,
      "incr_op_margin_yoy": 3.4995787700084247,
      "rev_growth_yoy": 0.049022239659693975,
      "rev_growth_yoy_accel": 0.0810361820801786,
      "op_leverage_ratio": 1.481646631180861,
      "fcf_margin_change": 0.30965376740026357
    },
    {
      "date": "2024-12-27T00:00:00",
      "quarter_label": "2024-12 (Q4)",
      "revenue": 356999000,
      "gross_profit": 316225000,
      "operating_income": 79880000,
      "net_income": 67822000,
      "opex": 236345000,
      "cogs": 40774000,
      "rd": 66638000,
      "sga": null,
      "fcf": 100000000,
      "ocf": 106779000,
      "capex": -6779000,
      "gross_margin": 0.8857867949209942,
      "op_margin": 0.22375412816282397,
      "fcf_margin": 0.28011282944770155,
      "incr_op_margin_yoy": 0.32972842486421244,
      "rev_growth_yoy": 0.13126873570065975,
      "rev_growth_yoy_accel": 0.08224649604096577,
      "op_leverage_ratio": 3.232768761103968,
      "fcf_margin_change": -0.07680599760950862
    },
    {
      "date": "2025-03-28T00:00:00",
      "quarter_label": "2025-03 (Q1)",
      "revenue": 369561000,
      "gross_profit": 333724000,
      "operating_income": 107763000,
      "net_income": 91793000,
      "opex": 225961000,
      "cogs": 35837000,
      "rd": 61707000,
      "sga": null,
      "fcf": 168000000,
      "ocf": 174897000,
      "capex": -6897000,
      "gross_margin": 0.9030281874981397,
      "op_margin": 0.2915973276400919,
      "fcf_margin": 0.4545934230072978,
      "incr_op_margin_yoy": -0.2391822151647479,
      "rev_growth_yoy": 0.013820801430911082,
      "rev_growth_yoy_accel": -0.11744793426974867,
      "op_leverage_ratio": Infinity,
      "fcf_margin_change": 0.17448059355959628
    },
    {
      "date": "2025-06-27T00:00:00",
      "quarter_label": "2025-06 (Q2)",
      "revenue": 315546000,
      "gross_profit": 271544000,
      "operating_income": 47639000,
      "net_income": 46071000,
      "opex": 223905000,
      "cogs": 44002000,
      "rd": 65982000,
      "sga": null,
      "fcf": 61263000,
      "ocf": 67691000,
      "capex": -6428000,
      "gross_margin": 0.860552819557212,
      "op_margin": 0.15097323369651333,
      "fcf_margin": 0.19414918902473807,
      "incr_op_margin_yoy": 0.4061658186171805,
      "rev_growth_yoy": 0.0925427085569459,
      "rev_growth_yoy_accel": 0.07872190712603482,
      "fcf_margin_change": -0.2604442339825598
    },
    {
      "date": "2025-09-26T00:00:00",
      "quarter_label": "2025-09 (Q3)",
      "revenue": 307024000,
      "gross_profit": 267505000,
      "operating_income": 29677000,
      "net_income": 49332000,
      "opex": 237828000,
      "cogs": 39519000,
      "rd": 67465000,
      "sga": null,
      "fcf": 106587000,
      "ocf": 122831000,
      "capex": -16244000,
      "gross_margin": 0.8712836781489395,
      "op_margin": 0.09666019594559383,
      "fcf_margin": 0.3471617853978842,
      "incr_op_margin_yoy": -7.518935978358882,
      "rev_growth_yoy": 0.007276759643839032,
      "rev_growth_yoy_accel": -0.08526594891310686,
      "fcf_margin_change": 0.15301259637314615
    },
    {
      "date": "2025-12-26T00:00:00",
      "quarter_label": "2025-12 (Q4)",
      "revenue": 346706000,
      "gross_profit": 303498000,
      "operating_income": 62160000,
      "net_income": 53327000,
      "opex": 241338000,
      "cogs": 43208000,
      "rd": 69077000,
      "sga": null,
      "fcf": 50171000,
      "ocf": 54799000,
      "capex": -4628000,
      "gross_margin": 0.8753756785287823,
      "op_margin": 0.1792873500891245,
      "fcf_margin": 0.14470761971237878,
      "incr_op_margin_yoy": 1.7215583406198387,
      "rev_growth_yoy": -0.02883201353505192,
      "rev_growth_yoy_accel": -0.036108773178890954,
      "op_leverage_ratio": 8.757438467462439,
      "fcf_margin_change": -0.20245416568550545
    }
  ],
  "signals": [
    {
      "quarter": "2025-12 (Q4)",
      "signal": "OPERATING LEVERAGE",
      "detail": "Rev growth +12.9% vs OpEx growth +1.5% (leverage: 8.8x)",
      "severity": "MEDIUM"
    },
    {
      "quarter": "2025-12 (Q4)",
      "signal": "INCREMENTAL MARGIN (YoY)",
      "detail": "YoY Incr OPM: +172.2% vs year-ago OPM: +22.4%",
      "severity": "HIGH"
    },
    {
      "quarter": "2025-09 (Q3)",
      "signal": "FCF MARGIN EXPANSION",
      "detail": "FCF margin: +19.4% -> +34.7% (+15.3%)",
      "severity": "MEDIUM"
    },
    {
      "quarter": "2025-09 (Q3)",
      "signal": "YoY REVENUE GROWTH DECELERATION",
      "detail": "YoY growth: +0.7% vs prior quarter YoY: +9.3% (decel: -8.5%)",
      "severity": "WARNING"
    },
    {
      "quarter": "2025-06 (Q2)",
      "signal": "YoY REVENUE GROWTH ACCELERATION",
      "detail": "YoY growth: +9.3% vs prior quarter YoY: +1.4% (accel: +7.9%)",
      "severity": "MEDIUM"
    },
    {
      "quarter": "2025-06 (Q2)",
      "signal": "INCREMENTAL MARGIN (YoY)",
      "detail": "YoY Incr OPM: +40.6% vs year-ago OPM: +12.7%",
      "severity": "HIGH"
    },
    {
      "quarter": "2025-03 (Q1)",
      "signal": "FCF MARGIN EXPANSION",
      "detail": "FCF margin: +28.0% -> +45.5% (+17.4%)",
      "severity": "MEDIUM"
    },
    {
      "quarter": "2025-03 (Q1)",
      "signal": "YoY REVENUE GROWTH DECELERATION",
      "detail": "YoY growth: +1.4% vs prior quarter YoY: +13.1% (decel: -11.7%)",
      "severity": "WARNING"
    },
    {
      "quarter": "2024-12 (Q4)",
      "signal": "OPERATING LEVERAGE",
      "detail": "Rev growth +17.1% vs OpEx growth +5.3% (leverage: 3.2x)",
      "severity": "MEDIUM"
    },
    {
      "quarter": "2024-12 (Q4)",
      "signal": "YoY REVENUE GROWTH ACCELERATION",
      "detail": "YoY growth: +13.1% vs prior quarter YoY: +4.9% (accel: +8.2%)",
      "severity": "MEDIUM"
    },
    {
      "quarter": "2024-12 (Q4)",
      "signal": "INCREMENTAL MARGIN (YoY)",
      "detail": "YoY Incr OPM: +33.0% vs year-ago OPM: +21.0%",
      "severity": "MEDIUM"
    },
    {
      "quarter": "2024-09 (Q3)",
      "signal": "FCF MARGIN EXPANSION",
      "detail": "FCF margin: +4.7% -> +35.7% (+31.0%)",
      "severity": "MEDIUM"
    },
    {
      "quarter": "2024-09 (Q3)",
      "signal": "YoY REVENUE GROWTH ACCELERATION",
      "detail": "YoY growth: +4.9% vs prior quarter YoY: -3.2% (accel: +8.1%)",
      "severity": "MEDIUM"
    },
    {
      "quarter": "2024-09 (Q3)",
      "signal": "OP MARGIN TURNED POSITIVE (YoY)",
      "detail": "Op margin: -1.2% (year-ago) -> +15.2%",
      "severity": "HIGH"
    },
    {
      "quarter": "2024-03 (Q1)",
      "signal": "FCF MARGIN EXPANSION",
      "detail": "FCF margin: +0.7% -> +47.3% (+46.6%)",
      "severity": "MEDIUM"
    },
    {
      "quarter": "2023-12 (Q4)",
      "signal": "YoY REVENUE GROWTH DECELERATION",
      "detail": "YoY growth: -5.8% vs prior quarter YoY: +4.4% (decel: -10.2%)",
      "severity": "WARNING"
    },
    {
      "quarter": "2023-12 (Q4)",
      "signal": "INCREMENTAL MARGIN (YoY)",
      "detail": "YoY Incr OPM: +144.0% vs year-ago OPM: +28.1%",
      "severity": "HIGH"
    },
    {
      "quarter": "2023-12 (Q4)",
      "signal": "OP MARGIN TURNED POSITIVE (QoQ)",
      "detail": "Op margin: -1.2% -> +21.0%",
      "severity": "HIGH"
    },
    {
      "quarter": "2023-06 (Q2)",
      "signal": "FCF MARGIN EXPANSION",
      "detail": "FCF margin: +25.8% -> +38.1% (+12.3%)",
      "severity": "MEDIUM"
    },
    {
      "quarter": "2023-06 (Q2)",
      "signal": "YoY REVENUE GROWTH DECELERATION",
      "detail": "YoY growth: +3.0% vs prior quarter YoY: +12.4% (decel: -9.4%)",
      "severity": "WARNING"
    },
    {
      "quarter": "2023-03 (Q1)",
      "signal": "FCF MARGIN EXPANSION",
      "detail": "FCF margin: +14.7% -> +25.8% (+11.1%)",
      "severity": "MEDIUM"
    },
    {
      "quarter": "2023-03 (Q1)",
      "signal": "YoY REVENUE GROWTH ACCELERATION",
      "detail": "YoY growth: +12.4% vs prior quarter YoY: -4.8% (accel: +17.2%)",
      "severity": "HIGH"
    },
    {
      "quarter": "2023-03 (Q1)",
      "signal": "INCREMENTAL MARGIN (YoY)",
      "detail": "YoY Incr OPM: +158.7% vs year-ago OPM: +13.0%",
      "severity": "HIGH"
    },
    {
      "quarter": "2022-12 (Q4)",
      "signal": "GROSS MARGIN INFLECTION",
      "detail": "GM: +87.6% -> +86.6% -> +89.7% (reversal +3.1%)",
      "severity": "MEDIUM"
    },
    {
      "quarter": "2022-09 (Q3)",
      "signal": "INCREMENTAL MARGIN (YoY)",
      "detail": "YoY Incr OPM: +194.4% vs year-ago OPM: +14.2%",
      "severity": "HIGH"
    },
    {
      "quarter": "2022-07 (Q3)",
      "signal": "FCF MARGIN EXPANSION",
      "detail": "FCF margin: +15.4% -> +55.7% (+40.4%)",
      "severity": "MEDIUM"
    },
    {
      "quarter": "2022-04 (Q2)",
      "signal": "FCF MARGIN EXPANSION",
      "detail": "FCF margin: +4.9% -> +15.4% (+10.5%)",
      "severity": "MEDIUM"
    },
    {
      "quarter": "2021-12 (Q4)",
      "signal": "OPERATING LEVERAGE",
      "detail": "Rev growth +23.4% vs OpEx growth +6.7% (leverage: 3.5x)",
      "severity": "MEDIUM"
    },
    {
      "quarter": "2021-06 (Q2)",
      "signal": "FCF MARGIN EXPANSION",
      "detail": "FCF margin: +21.9% -> +55.3% (+33.4%)",
      "severity": "MEDIUM"
    }
  ],
  "data_quality": {
    "n_quarters": 20,
    "coverage": {
      "revenue": [
        20,
        20
      ],
      "gross_profit": [
        20,
        20
      ],
      "op_income": [
        20,
        20
      ],
      "fcf": [
        20,
        20
      ]
    },
    "gaps": [],
    "warnings": []
  },
  "market_cap": null,
  "source": "SEC EDGAR",
  "last_updated": "2026-02-02T20:57:27.311544",
  "sector": "Industrials",
  "industry": "Specialty Business Services"
}