{
  "ticker": "DLPN",
  "name": "DOLPHIN ENTERTAINMENT, INC.",
  "quarters": [
    {
      "date": "2020-12-31T00:00:00",
      "quarter_label": "2020-12 (Q4)",
      "revenue": 5835302,
      "gross_profit": 0,
      "operating_income": -1013435,
      "net_income": -931808,
      "opex": 7711447,
      "cogs": 786241,
      "rd": null,
      "sga": 1574656,
      "fcf": -964084,
      "ocf": -898604,
      "capex": -65480,
      "gross_margin": 0.0,
      "op_margin": -0.1736731020948016,
      "fcf_margin": -0.165215784889968
    },
    {
      "date": "2021-03-31T00:00:00",
      "quarter_label": "2021-03 (Q1)",
      "revenue": 7177117,
      "gross_profit": 3000000,
      "operating_income": -1194940,
      "net_income": -5271985,
      "opex": 8372057,
      "cogs": 829151,
      "rd": null,
      "sga": 1482471,
      "fcf": -52036,
      "ocf": -52036,
      "capex": null,
      "gross_margin": 0.4179951364872553,
      "op_margin": -0.16649303613136027,
      "fcf_margin": -0.007250264974083605,
      "op_leverage_ratio": 2.6842319388627005,
      "fcf_margin_change": 0.1579655199158844
    },
    {
      "date": "2021-06-30T00:00:00",
      "quarter_label": "2021-06 (Q2)",
      "revenue": 8643244,
      "gross_profit": 7809733,
      "operating_income": 56293,
      "net_income": 1349942,
      "opex": 8586951,
      "cogs": 833511,
      "rd": null,
      "sga": 1194704,
      "fcf": 82096,
      "ocf": 82096,
      "capex": null,
      "gross_margin": 0.9035650272050633,
      "op_margin": 0.006512948147709355,
      "fcf_margin": 0.009498285597398385,
      "op_leverage_ratio": 7.958467596043458,
      "fcf_margin_change": 0.016748550571481988
    },
    {
      "date": "2021-09-30T00:00:00",
      "quarter_label": "2021-09 (Q3)",
      "revenue": 9399432,
      "gross_profit": 8407724,
      "operating_income": 38289,
      "net_income": 141651,
      "opex": 9361143,
      "cogs": 991708,
      "rd": null,
      "sga": 1519812,
      "fcf": 489900,
      "ocf": 489900,
      "capex": null,
      "gross_margin": 0.8944927736058945,
      "op_margin": 0.004073544018404517,
      "fcf_margin": 0.05212017066563171,
      "op_leverage_ratio": 0.970383298672784,
      "fcf_margin_change": 0.04262188506823333
    },
    {
      "date": "2021-12-31T00:00:00",
      "quarter_label": "2021-12 (Q4)",
      "revenue": 10507406,
      "gross_profit": 9206292,
      "operating_income": -4380425,
      "net_income": -2681911,
      "opex": 14887831,
      "cogs": 1301114,
      "rd": null,
      "sga": 1601926,
      "fcf": -1838677,
      "ocf": -1838677,
      "capex": null,
      "gross_margin": 0.8761717211650525,
      "op_margin": -0.4168892874226046,
      "fcf_margin": -0.17498866989626174,
      "incr_op_margin_yoy": -0.7206581874033626,
      "rev_growth_yoy": 0.8006619023317045,
      "op_leverage_ratio": 0.19966037871863804,
      "fcf_margin_change": -0.22710884056189345
    },
    {
      "date": "2022-03-31T00:00:00",
      "quarter_label": "2022-03 (Q1)",
      "revenue": 9177125,
      "gross_profit": 8066467,
      "operating_income": -963709,
      "net_income": -792481,
      "opex": 10140834,
      "cogs": 1110658,
      "rd": null,
      "sga": 1488338,
      "fcf": 800606,
      "ocf": 818363,
      "capex": -17757,
      "gross_margin": 0.8789753871719084,
      "op_margin": -0.1050120816704578,
      "fcf_margin": 0.08723930424833486,
      "incr_op_margin_yoy": 0.11561503753984984,
      "rev_growth_yoy": 0.27866453897853416,
      "rev_growth_yoy_accel": -0.5219973633531704,
      "fcf_margin_change": 0.2622279741445966
    },
    {
      "date": "2022-06-30T00:00:00",
      "quarter_label": "2022-06 (Q2)",
      "revenue": 10290626,
      "gross_profit": 9351237,
      "operating_income": 488958,
      "net_income": 612008,
      "opex": 9801668,
      "cogs": 939389,
      "rd": null,
      "sga": 1519835,
      "fcf": -2580059,
      "ocf": -2537914,
      "capex": -42145,
      "gross_margin": 0.9087141054392609,
      "op_margin": 0.047514893651756464,
      "fcf_margin": -0.25071934399326146,
      "incr_op_margin_yoy": 0.2626379309716872,
      "rev_growth_yoy": 0.19059765060433329,
      "rev_growth_yoy_accel": -0.08806688837420087,
      "op_leverage_ratio": Infinity,
      "fcf_margin_change": -0.3379586482415963
    },
    {
      "date": "2022-09-30T00:00:00",
      "quarter_label": "2022-09 (Q3)",
      "revenue": 9899013,
      "gross_profit": 9061584,
      "operating_income": -1133767,
      "net_income": -1311719,
      "opex": 11032780,
      "cogs": 837429,
      "rd": null,
      "sga": 1663288,
      "fcf": -1919399,
      "ocf": -1914837,
      "capex": -4562,
      "gross_margin": 0.9154027780345374,
      "op_margin": -0.11453333781862898,
      "fcf_margin": -0.19389801791350308,
      "rev_growth_yoy": 0.053150126518283235,
      "rev_growth_yoy_accel": -0.13744752408605004,
      "fcf_margin_change": 0.05682132607975837
    },
    {
      "date": "2022-12-31T00:00:00",
      "quarter_label": "2022-12 (Q4)",
      "revenue": 11138810,
      "gross_profit": 10513518,
      "operating_income": -2966608,
      "net_income": -3287944,
      "opex": 14105418,
      "cogs": 625292,
      "rd": null,
      "sga": 1927756,
      "fcf": -392840,
      "ocf": -392840,
      "capex": null,
      "gross_margin": 0.9438636622763114,
      "op_margin": -0.26633078398859483,
      "fcf_margin": -0.035267681197542644,
      "rev_growth_yoy": 0.06009132986771426,
      "rev_growth_yoy_accel": 0.006941203349431026,
      "op_leverage_ratio": 0.4497096920065177,
      "fcf_margin_change": 0.15863033671596044
    },
    {
      "date": "2023-03-31T00:00:00",
      "quarter_label": "2023-03 (Q1)",
      "revenue": 9891421,
      "gross_profit": 9672525,
      "operating_income": -2566000,
      "net_income": -2969320,
      "opex": 12457421,
      "cogs": 218896,
      "rd": null,
      "sga": 1871937,
      "fcf": -1424822,
      "ocf": -1424822,
      "capex": null,
      "gross_margin": 0.9778701159317756,
      "op_margin": -0.25941672081291456,
      "fcf_margin": -0.14404623966566582,
      "rev_growth_yoy": 0.07783439802770475,
      "rev_growth_yoy_accel": 0.017743068159990494,
      "fcf_margin_change": -0.10877855846812318
    },
    {
      "date": "2023-06-30T00:00:00",
      "quarter_label": "2023-06 (Q2)",
      "revenue": 11024935,
      "gross_profit": 10807690,
      "operating_income": -7450739,
      "net_income": -7959244,
      "opex": 18475674,
      "cogs": 217245,
      "rd": null,
      "sga": 2005286,
      "fcf": -1681640,
      "ocf": -1681640,
      "capex": null,
      "gross_margin": 0.9802951219213537,
      "op_margin": -0.675807975285115,
      "fcf_margin": -0.15253060448882466,
      "rev_growth_yoy": 0.07135707779099153,
      "rev_growth_yoy_accel": -0.006477320236713227,
      "op_leverage_ratio": 0.23720612690684986,
      "fcf_margin_change": -0.008484364823158841
    },
    {
      "date": "2023-09-30T00:00:00",
      "quarter_label": "2023-09 (Q3)",
      "revenue": 10184511,
      "gross_profit": 9999203,
      "operating_income": -2111356,
      "net_income": -3863328,
      "opex": 12295867,
      "cogs": 185308,
      "rd": null,
      "sga": 2150889,
      "fcf": -1786183,
      "ocf": -1786183,
      "capex": null,
      "gross_margin": 0.9818049192543461,
      "op_margin": -0.2073104933560384,
      "fcf_margin": -0.17538230357844378,
      "rev_growth_yoy": 0.028841057184185937,
      "rev_growth_yoy_accel": -0.042516020606805593,
      "fcf_margin_change": -0.02285169908961912
    },
    {
      "date": "2023-12-31T00:00:00",
      "quarter_label": "2023-12 (Q4)",
      "revenue": 12022208,
      "gross_profit": 11721695,
      "operating_income": -7982401,
      "net_income": -9604833,
      "opex": 20004609,
      "cogs": 300513,
      "rd": null,
      "sga": 2410595,
      "fcf": -124522,
      "ocf": -124522,
      "capex": null,
      "gross_margin": 0.9750035101705111,
      "op_margin": -0.6639712937922884,
      "fcf_margin": -0.01035766474843889,
      "rev_growth_yoy": 0.07930811280558696,
      "rev_growth_yoy_accel": 0.050467055621401025,
      "op_leverage_ratio": 0.28781231382616146,
      "fcf_margin_change": 0.1650246388300049
    },
    {
      "date": "2024-03-31T00:00:00",
      "quarter_label": "2024-03 (Q1)",
      "revenue": 15235892,
      "gross_profit": 12916665,
      "operating_income": 164540,
      "net_income": -326767,
      "opex": 15071352,
      "cogs": 2319227,
      "rd": null,
      "sga": 1976990,
      "fcf": -1183229,
      "ocf": -1183229,
      "capex": null,
      "gross_margin": 0.8477787188305089,
      "op_margin": 0.010799498972557695,
      "fcf_margin": -0.07766063188161218,
      "incr_op_margin_yoy": 0.5109093116980147,
      "rev_growth_yoy": 0.5403137729149331,
      "rev_growth_yoy_accel": 0.4610056601093461,
      "op_leverage_ratio": Infinity,
      "fcf_margin_change": -0.0673029671331733
    },
    {
      "date": "2024-06-30T00:00:00",
      "quarter_label": "2024-06 (Q2)",
      "revenue": 11449089,
      "gross_profit": 11232842,
      "operating_income": -1119465,
      "net_income": -1624458,
      "opex": 12568554,
      "cogs": 216247,
      "rd": null,
      "sga": 1864852,
      "fcf": 1844468,
      "ocf": 1844468,
      "capex": null,
      "gross_margin": 0.9811122963582517,
      "op_margin": -0.09777764850985086,
      "fcf_margin": 0.1611017260849313,
      "rev_growth_yoy": 0.038472244961081405,
      "rev_growth_yoy_accel": -0.5018415279538517,
      "fcf_margin_change": 0.2387623579665435
    },
    {
      "date": "2024-09-30T00:00:00",
      "quarter_label": "2024-09 (Q3)",
      "revenue": 12682437,
      "gross_profit": 12427863,
      "operating_income": -8154699,
      "net_income": -8692389,
      "opex": 20837136,
      "cogs": 254574,
      "rd": null,
      "sga": 1838765,
      "fcf": -1669292,
      "ocf": -1669292,
      "capex": null,
      "gross_margin": 0.979927043990047,
      "op_margin": -0.6429914849961407,
      "fcf_margin": -0.13162233725269049,
      "incr_op_margin_yoy": -2.4193442880213425,
      "rev_growth_yoy": 0.24526715126528903,
      "rev_growth_yoy_accel": 0.20679490630420763,
      "op_leverage_ratio": 0.1637453516496937,
      "fcf_margin_change": -0.2927240633376218
    },
    {
      "date": "2024-12-31T00:00:00",
      "quarter_label": "2024-12 (Q4)",
      "revenue": 12317566,
      "gross_profit": 11841148,
      "operating_income": -1375549,
      "net_income": -1959611,
      "opex": 13693115,
      "cogs": 476418,
      "rd": null,
      "sga": 2130245,
      "fcf": 850202,
      "ocf": 850202,
      "capex": null,
      "gross_margin": 0.9613220663887655,
      "op_margin": -0.11167376736605268,
      "fcf_margin": 0.06902353922844821,
      "rev_growth_yoy": 0.0245677000431202,
      "rev_growth_yoy_accel": -0.22069945122216883,
      "fcf_margin_change": 0.20064587648113869
    },
    {
      "date": "2025-03-31T00:00:00",
      "quarter_label": "2025-03 (Q1)",
      "revenue": 12169711,
      "gross_profit": 11825297,
      "operating_income": -1773527,
      "net_income": -2329062,
      "opex": 13943238,
      "cogs": 344414,
      "rd": null,
      "sga": 1772444,
      "fcf": -1703425,
      "ocf": -1703425,
      "capex": null,
      "gross_margin": 0.9716990814325829,
      "op_margin": -0.1457328773049746,
      "fcf_margin": -0.13997251044005893,
      "incr_op_margin_yoy": 0.6320784715579413,
      "rev_growth_yoy": -0.20124722595828323,
      "rev_growth_yoy_accel": -0.22581492600140343,
      "fcf_margin_change": -0.20899604966850716
    },
    {
      "date": "2025-06-30T00:00:00",
      "quarter_label": "2025-06 (Q2)",
      "revenue": 14087529,
      "gross_profit": 13345358,
      "operating_income": -57054,
      "net_income": -1413918,
      "opex": 14144583,
      "cogs": 742171,
      "rd": null,
      "sga": 1922336,
      "fcf": 1505903,
      "ocf": 1505903,
      "capex": null,
      "gross_margin": 0.9473171625769147,
      "op_margin": -0.004049965043550221,
      "fcf_margin": 0.1068961774630597,
      "incr_op_margin_yoy": 0.40266634829672077,
      "rev_growth_yoy": 0.23044977639705658,
      "rev_growth_yoy_accel": 0.4316970023553398,
      "op_leverage_ratio": 10.913144777805616,
      "fcf_margin_change": 0.2468686879031186
    },
    {
      "date": "2025-09-30T00:00:00",
      "quarter_label": "2025-09 (Q3)",
      "revenue": 14796309,
      "gross_profit": 14152378,
      "operating_income": 308296,
      "net_income": -365494,
      "opex": 14488013,
      "cogs": 643931,
      "rd": null,
      "sga": 2041440,
      "fcf": -2406661,
      "ocf": -2406661,
      "capex": null,
      "gross_margin": 0.9564802951871307,
      "op_margin": 0.02083600714205144,
      "fcf_margin": -0.16265279401775132,
      "incr_op_margin_yoy": 4.003551303011724,
      "rev_growth_yoy": 0.1666771141855465,
      "rev_growth_yoy_accel": -0.06377266221151007,
      "op_leverage_ratio": 2.0721851155215547,
      "fcf_margin_change": -0.26954897148081103
    }
  ],
  "signals": [
    {
      "quarter": "2025-09 (Q3)",
      "signal": "OPERATING LEVERAGE",
      "detail": "Rev growth +5.0% vs OpEx growth +2.4% (leverage: 2.1x)",
      "severity": "MEDIUM"
    },
    {
      "quarter": "2025-09 (Q3)",
      "signal": "YoY REVENUE GROWTH DECELERATION",
      "detail": "YoY growth: +16.7% vs prior quarter YoY: +23.0% (decel: -6.4%)",
      "severity": "WARNING"
    },
    {
      "quarter": "2025-09 (Q3)",
      "signal": "OP MARGIN TURNED POSITIVE (YoY)",
      "detail": "Op margin: -64.3% (year-ago) -> +2.1%",
      "severity": "HIGH"
    },
    {
      "quarter": "2025-09 (Q3)",
      "signal": "OP MARGIN TURNED POSITIVE (QoQ)",
      "detail": "Op margin: -0.4% -> +2.1%",
      "severity": "HIGH"
    },
    {
      "quarter": "2025-06 (Q2)",
      "signal": "FCF TURNED POSITIVE",
      "detail": "FCF margin: -14.0% -> +10.7%",
      "severity": "HIGH"
    },
    {
      "quarter": "2025-06 (Q2)",
      "signal": "OPERATING LEVERAGE",
      "detail": "Rev growth +15.8% vs OpEx growth +1.4% (leverage: 10.9x)",
      "severity": "MEDIUM"
    },
    {
      "quarter": "2025-06 (Q2)",
      "signal": "YoY REVENUE GROWTH ACCELERATION",
      "detail": "YoY growth: +23.0% vs prior quarter YoY: -20.1% (accel: +43.2%)",
      "severity": "HIGH"
    },
    {
      "quarter": "2025-03 (Q1)",
      "signal": "YoY REVENUE GROWTH DECELERATION",
      "detail": "YoY growth: -20.1% vs prior quarter YoY: +2.5% (decel: -22.6%)",
      "severity": "WARNING"
    },
    {
      "quarter": "2024-12 (Q4)",
      "signal": "FCF TURNED POSITIVE",
      "detail": "FCF margin: -13.2% -> +6.9%",
      "severity": "HIGH"
    },
    {
      "quarter": "2024-12 (Q4)",
      "signal": "YoY REVENUE GROWTH DECELERATION",
      "detail": "YoY growth: +2.5% vs prior quarter YoY: +24.5% (decel: -22.1%)",
      "severity": "WARNING"
    },
    {
      "quarter": "2024-09 (Q3)",
      "signal": "YoY REVENUE GROWTH ACCELERATION",
      "detail": "YoY growth: +24.5% vs prior quarter YoY: +3.8% (accel: +20.7%)",
      "severity": "HIGH"
    },
    {
      "quarter": "2024-06 (Q2)",
      "signal": "FCF TURNED POSITIVE",
      "detail": "FCF margin: -7.8% -> +16.1%",
      "severity": "HIGH"
    },
    {
      "quarter": "2024-06 (Q2)",
      "signal": "GROSS MARGIN INFLECTION",
      "detail": "GM: +97.5% -> +84.8% -> +98.1% (reversal +13.3%)",
      "severity": "HIGH"
    },
    {
      "quarter": "2024-06 (Q2)",
      "signal": "YoY REVENUE GROWTH DECELERATION",
      "detail": "YoY growth: +3.8% vs prior quarter YoY: +54.0% (decel: -50.2%)",
      "severity": "WARNING"
    },
    {
      "quarter": "2024-03 (Q1)",
      "signal": "YoY REVENUE GROWTH ACCELERATION",
      "detail": "YoY growth: +54.0% vs prior quarter YoY: +7.9% (accel: +46.1%)",
      "severity": "HIGH"
    },
    {
      "quarter": "2024-03 (Q1)",
      "signal": "OP MARGIN TURNED POSITIVE (YoY)",
      "detail": "Op margin: -25.9% (year-ago) -> +1.1%",
      "severity": "HIGH"
    },
    {
      "quarter": "2024-03 (Q1)",
      "signal": "OP MARGIN TURNED POSITIVE (QoQ)",
      "detail": "Op margin: -66.4% -> +1.1%",
      "severity": "HIGH"
    },
    {
      "quarter": "2023-12 (Q4)",
      "signal": "FCF MARGIN EXPANSION",
      "detail": "FCF margin: -17.5% -> -1.0% (+16.5%)",
      "severity": "MEDIUM"
    },
    {
      "quarter": "2023-12 (Q4)",
      "signal": "YoY REVENUE GROWTH ACCELERATION",
      "detail": "YoY growth: +7.9% vs prior quarter YoY: +2.9% (accel: +5.0%)",
      "severity": "MEDIUM"
    },
    {
      "quarter": "2022-12 (Q4)",
      "signal": "FCF MARGIN EXPANSION",
      "detail": "FCF margin: -19.4% -> -3.5% (+15.9%)",
      "severity": "MEDIUM"
    },
    {
      "quarter": "2022-09 (Q3)",
      "signal": "FCF MARGIN EXPANSION",
      "detail": "FCF margin: -25.1% -> -19.4% (+5.7%)",
      "severity": "MEDIUM"
    },
    {
      "quarter": "2022-09 (Q3)",
      "signal": "YoY REVENUE GROWTH DECELERATION",
      "detail": "YoY growth: +5.3% vs prior quarter YoY: +19.1% (decel: -13.7%)",
      "severity": "WARNING"
    },
    {
      "quarter": "2022-06 (Q2)",
      "signal": "YoY REVENUE GROWTH DECELERATION",
      "detail": "YoY growth: +19.1% vs prior quarter YoY: +27.9% (decel: -8.8%)",
      "severity": "WARNING"
    },
    {
      "quarter": "2022-06 (Q2)",
      "signal": "INCREMENTAL MARGIN (YoY)",
      "detail": "YoY Incr OPM: +26.3% vs year-ago OPM: +0.7%",
      "severity": "HIGH"
    },
    {
      "quarter": "2022-06 (Q2)",
      "signal": "OP MARGIN TURNED POSITIVE (QoQ)",
      "detail": "Op margin: -10.5% -> +4.8%",
      "severity": "HIGH"
    },
    {
      "quarter": "2022-03 (Q1)",
      "signal": "FCF TURNED POSITIVE",
      "detail": "FCF margin: -17.5% -> +8.7%",
      "severity": "HIGH"
    },
    {
      "quarter": "2022-03 (Q1)",
      "signal": "YoY REVENUE GROWTH DECELERATION",
      "detail": "YoY growth: +27.9% vs prior quarter YoY: +80.1% (decel: -52.2%)",
      "severity": "WARNING"
    },
    {
      "quarter": "2021-06 (Q2)",
      "signal": "FCF TURNED POSITIVE",
      "detail": "FCF margin: -0.7% -> +0.9%",
      "severity": "HIGH"
    },
    {
      "quarter": "2021-06 (Q2)",
      "signal": "OPERATING LEVERAGE",
      "detail": "Rev growth +20.4% vs OpEx growth +2.6% (leverage: 8.0x)",
      "severity": "MEDIUM"
    },
    {
      "quarter": "2021-06 (Q2)",
      "signal": "OP MARGIN TURNED POSITIVE (QoQ)",
      "detail": "Op margin: -16.6% -> +0.7%",
      "severity": "HIGH"
    },
    {
      "quarter": "2021-03 (Q1)",
      "signal": "FCF MARGIN EXPANSION",
      "detail": "FCF margin: -16.5% -> -0.7% (+15.8%)",
      "severity": "MEDIUM"
    },
    {
      "quarter": "2021-03 (Q1)",
      "signal": "OPERATING LEVERAGE",
      "detail": "Rev growth +23.0% vs OpEx growth +8.6% (leverage: 2.7x)",
      "severity": "MEDIUM"
    }
  ],
  "data_quality": {
    "n_quarters": 20,
    "coverage": {
      "revenue": [
        20,
        20
      ],
      "gross_profit": [
        20,
        20
      ],
      "op_income": [
        20,
        20
      ],
      "fcf": [
        20,
        20
      ]
    },
    "gaps": [],
    "warnings": []
  },
  "market_cap": null,
  "source": "SEC EDGAR",
  "last_updated": "2026-02-02T23:58:38.416745"
}