{
  "ticker": "DLTH",
  "name": "DULUTH HOLDINGS INC.",
  "quarters": [
    {
      "date": "2021-01-31T00:00:00",
      "quarter_label": "2021-01 (Q1)",
      "revenue": 255960000,
      "gross_profit": 135685000,
      "operating_income": 30549000,
      "net_income": 21831000,
      "opex": 105136000,
      "cogs": 120275000,
      "rd": null,
      "sga": 105136000,
      "fcf": 78681000,
      "ocf": 79365000,
      "capex": -684000,
      "gross_margin": 0.53010235974371,
      "op_margin": 0.11935067979371777,
      "fcf_margin": 0.30739568682606655
    },
    {
      "date": "2021-05-02T00:00:00",
      "quarter_label": "2021-05 (Q2)",
      "revenue": 133419000,
      "gross_profit": 66543000,
      "operating_income": 1895000,
      "net_income": 544000,
      "opex": 64648000,
      "cogs": 66876000,
      "rd": null,
      "sga": 64648000,
      "fcf": 10390000,
      "ocf": 12423000,
      "capex": -2033000,
      "gross_margin": 0.49875205180671417,
      "op_margin": 0.014203374331991696,
      "fcf_margin": 0.07787496533477241,
      "fcf_margin_change": -0.22952072149129416
    },
    {
      "date": "2021-08-01T00:00:00",
      "quarter_label": "2021-08 (Q3)",
      "revenue": 149127000,
      "gross_profit": 81426000,
      "operating_income": 13087000,
      "net_income": 8992000,
      "opex": 68339000,
      "cogs": 67701000,
      "rd": null,
      "sga": 68339000,
      "fcf": 11138000,
      "ocf": 14089000,
      "capex": -2951000,
      "gross_margin": 0.5460178237341327,
      "op_margin": 0.08775741482092445,
      "fcf_margin": 0.07468801759574055,
      "op_leverage_ratio": 2.062121545860997,
      "fcf_margin_change": -0.003186947739031859
    },
    {
      "date": "2021-10-31T00:00:00",
      "quarter_label": "2021-10 (Q4)",
      "revenue": 145277000,
      "gross_profit": 83650000,
      "operating_income": 4858000,
      "net_income": 2806000,
      "opex": 78792000,
      "cogs": 61627000,
      "rd": null,
      "sga": 78792000,
      "fcf": 2122000,
      "ocf": 6246000,
      "capex": -4124000,
      "gross_margin": 0.5757965817025407,
      "op_margin": 0.03343956717167893,
      "fcf_margin": 0.014606579155681905,
      "fcf_margin_change": -0.06008143844005864
    },
    {
      "date": "2022-01-30T00:00:00",
      "quarter_label": "2022-01 (Q1)",
      "revenue": 270761000,
      "gross_profit": 145705000,
      "operating_income": 24259000,
      "net_income": 17359000,
      "opex": 121446000,
      "cogs": 125056000,
      "rd": null,
      "sga": 121446000,
      "fcf": 57979000,
      "ocf": 59223000,
      "capex": -1244000,
      "gross_margin": 0.5381314147901655,
      "op_margin": 0.08959562123053172,
      "fcf_margin": 0.21413349780802995,
      "incr_op_margin_yoy": -0.42497128572393755,
      "rev_growth_yoy": 0.057825441475230506,
      "op_leverage_ratio": 1.5955626110421215,
      "fcf_margin_change": 0.19952691865234806
    },
    {
      "date": "2022-05-01T00:00:00",
      "quarter_label": "2022-05 (Q2)",
      "revenue": 122904000,
      "gross_profit": 67063000,
      "operating_income": -931000,
      "net_income": -1294000,
      "opex": 67994000,
      "cogs": 55841000,
      "rd": null,
      "sga": 67994000,
      "fcf": -35602000,
      "ocf": -31717000,
      "capex": -3885000,
      "gross_margin": 0.5456535181930613,
      "op_margin": -0.007575017900149711,
      "fcf_margin": -0.28967324090346935,
      "incr_op_margin_yoy": 0.2687589158345221,
      "rev_growth_yoy": -0.07881186337777978,
      "rev_growth_yoy_accel": -0.1366373048530103,
      "fcf_margin_change": -0.5038067387114993
    },
    {
      "date": "2022-07-31T00:00:00",
      "quarter_label": "2022-07 (Q3)",
      "revenue": 141511000,
      "gross_profit": 75608000,
      "operating_income": 3869000,
      "net_income": 2368000,
      "opex": 71739000,
      "cogs": 65903000,
      "rd": null,
      "sga": 71739000,
      "fcf": -24350000,
      "ocf": -9421000,
      "capex": -14929000,
      "gross_margin": 0.5342906205171329,
      "op_margin": 0.027340630763686216,
      "fcf_margin": -0.1720714290761849,
      "incr_op_margin_yoy": 1.2103466386554622,
      "rev_growth_yoy": -0.05107056401590591,
      "rev_growth_yoy_accel": 0.027741299361873868,
      "op_leverage_ratio": 2.7487111805304076,
      "fcf_margin_change": 0.11760181182728446
    },
    {
      "date": "2022-10-30T00:00:00",
      "quarter_label": "2022-10 (Q4)",
      "revenue": 147126000,
      "gross_profit": 76921000,
      "operating_income": -7390000,
      "net_income": -6217000,
      "opex": 84311000,
      "cogs": 70205000,
      "rd": null,
      "sga": 84311000,
      "fcf": -15301000,
      "ocf": -9870000,
      "capex": -5431000,
      "gross_margin": 0.5228239740086729,
      "op_margin": -0.05022905536750812,
      "fcf_margin": -0.10399929312290146,
      "incr_op_margin_yoy": -6.624121146565711,
      "rev_growth_yoy": 0.01272741039531378,
      "rev_growth_yoy_accel": 0.06379797441121969,
      "op_leverage_ratio": 0.22641776904753447,
      "fcf_margin_change": 0.06807213595328343
    },
    {
      "date": "2023-01-29T00:00:00",
      "quarter_label": "2023-01 (Q1)",
      "revenue": 241766000,
      "gross_profit": 123843000,
      "operating_income": 10683000,
      "net_income": 7447000,
      "opex": 113160000,
      "cogs": 117923000,
      "rd": null,
      "sga": 113160000,
      "fcf": 46792000,
      "ocf": 49612000,
      "capex": -2820000,
      "gross_margin": 0.5122432434668233,
      "op_margin": 0.044187354714889604,
      "fcf_margin": 0.1935425163174309,
      "incr_op_margin_yoy": 0.4682186583893775,
      "rev_growth_yoy": -0.10708706202148759,
      "rev_growth_yoy_accel": -0.11981447241680136,
      "op_leverage_ratio": 1.8799174564165748,
      "fcf_margin_change": 0.29754180944033237
    },
    {
      "date": "2023-04-30T00:00:00",
      "quarter_label": "2023-04 (Q2)",
      "revenue": 123759000,
      "gross_profit": 65651000,
      "operating_income": -4549000,
      "net_income": -3869000,
      "opex": 70200000,
      "cogs": 58108000,
      "rd": null,
      "sga": 70200000,
      "fcf": -35365000,
      "ocf": -13973000,
      "capex": -21392000,
      "gross_margin": 0.5304745513457607,
      "op_margin": -0.036756922728852046,
      "fcf_margin": -0.2857569954508359,
      "rev_growth_yoy": 0.006956649091974224,
      "rev_growth_yoy_accel": 0.11404371111346182,
      "fcf_margin_change": -0.4792995117682668
    },
    {
      "date": "2023-07-30T00:00:00",
      "quarter_label": "2023-07 (Q3)",
      "revenue": 139099000,
      "gross_profit": 71483000,
      "operating_income": -1443000,
      "net_income": -2004000,
      "opex": 72926000,
      "cogs": 67616000,
      "rd": null,
      "sga": 72926000,
      "fcf": 2633000,
      "ocf": 12724000,
      "capex": -10091000,
      "gross_margin": 0.5139001718200706,
      "op_margin": -0.010373906354466963,
      "fcf_margin": 0.01892896426286314,
      "incr_op_margin_yoy": 2.2023217247097846,
      "rev_growth_yoy": -0.017044611372967474,
      "rev_growth_yoy_accel": -0.0240012604649417,
      "op_leverage_ratio": 3.1919775540368893,
      "fcf_margin_change": 0.30468595971369905
    },
    {
      "date": "2023-10-29T00:00:00",
      "quarter_label": "2023-10 (Q4)",
      "revenue": 138210000,
      "gross_profit": 69404000,
      "operating_income": -12428000,
      "net_income": -10466000,
      "opex": 81832000,
      "cogs": 68806000,
      "rd": null,
      "sga": 81832000,
      "fcf": -38232000,
      "ocf": -29757000,
      "capex": -8475000,
      "gross_margin": 0.5021633745749222,
      "op_margin": -0.0899211345054627,
      "fcf_margin": -0.27662253093119166,
      "incr_op_margin_yoy": 0.5650515926424405,
      "rev_growth_yoy": -0.06060111740956731,
      "rev_growth_yoy_accel": -0.04355650603659983,
      "fcf_margin_change": -0.29555149519405477
    },
    {
      "date": "2024-01-28T00:00:00",
      "quarter_label": "2024-01 (Q1)",
      "revenue": 245613000,
      "gross_profit": 118433000,
      "operating_income": 9587000,
      "net_income": 6983000,
      "opex": 108846000,
      "cogs": 127180000,
      "rd": null,
      "sga": 108846000,
      "fcf": 60551000,
      "ocf": 69679000,
      "capex": -9128000,
      "gross_margin": 0.4821935321013139,
      "op_margin": 0.03903295021029017,
      "fcf_margin": 0.24653011037689374,
      "incr_op_margin_yoy": -0.2848973225890304,
      "rev_growth_yoy": 0.015912080275969326,
      "rev_growth_yoy_accel": 0.07651319768553663,
      "op_leverage_ratio": 2.3540257839920256,
      "fcf_margin_change": 0.5231526413080854
    },
    {
      "date": "2024-04-28T00:00:00",
      "quarter_label": "2024-04 (Q2)",
      "revenue": 116684000,
      "gross_profit": 61624000,
      "operating_income": -8971000,
      "net_income": -7873000,
      "opex": 70595000,
      "cogs": 55060000,
      "rd": null,
      "sga": 70595000,
      "fcf": -35191000,
      "ocf": -33666000,
      "capex": -1525000,
      "gross_margin": 0.528127249665764,
      "op_margin": -0.07688286311747969,
      "fcf_margin": -0.30159233485310755,
      "incr_op_margin_yoy": 0.625017667844523,
      "rev_growth_yoy": -0.05716755953102401,
      "rev_growth_yoy_accel": -0.07307963980699334,
      "fcf_margin_change": -0.5481224452300013
    },
    {
      "date": "2024-07-28T00:00:00",
      "quarter_label": "2024-07 (Q3)",
      "revenue": 141619000,
      "gross_profit": 73996000,
      "operating_income": -3886000,
      "net_income": -3744000,
      "opex": 77882000,
      "cogs": 67623000,
      "rd": null,
      "sga": 76286000,
      "fcf": 14956000,
      "ocf": 16614000,
      "capex": -1658000,
      "gross_margin": 0.5225005119369576,
      "op_margin": -0.027439820927982826,
      "fcf_margin": 0.10560729845571569,
      "incr_op_margin_yoy": -0.9694444444444444,
      "rev_growth_yoy": 0.01811659321778014,
      "rev_growth_yoy_accel": 0.07528415274880415,
      "op_leverage_ratio": 2.070252115033646,
      "fcf_margin_change": 0.40719963330882325
    },
    {
      "date": "2024-10-27T00:00:00",
      "quarter_label": "2024-10 (Q4)",
      "revenue": 127056000,
      "gross_profit": 66411000,
      "operating_income": -22591000,
      "net_income": -28539000,
      "opex": 89002000,
      "cogs": 60645000,
      "rd": null,
      "sga": 82850000,
      "fcf": -43703000,
      "ocf": -41073000,
      "capex": -2630000,
      "gross_margin": 0.5226907820173782,
      "op_margin": -0.17780348822566427,
      "fcf_margin": -0.34396643999496285,
      "incr_op_margin_yoy": 0.9111529496144881,
      "rev_growth_yoy": -0.08070327762101151,
      "rev_growth_yoy_accel": -0.09881987083879165,
      "fcf_margin_change": -0.44957373845067855
    },
    {
      "date": "2025-02-02T00:00:00",
      "quarter_label": "2025-02 (Q1)",
      "revenue": 241270000,
      "gross_profit": 106479000,
      "operating_income": -1413000,
      "net_income": -3515000,
      "opex": 107892000,
      "cogs": 134791000,
      "rd": null,
      "sga": 107892000,
      "fcf": 38692000,
      "ocf": 41208000,
      "capex": -2516000,
      "gross_margin": 0.4413271438637211,
      "op_margin": -0.005856509304928089,
      "fcf_margin": 0.16036805238943921,
      "incr_op_margin_yoy": 2.532811420676951,
      "rev_growth_yoy": -0.017682288803931388,
      "rev_growth_yoy_accel": 0.06302098881708013,
      "op_leverage_ratio": 4.23537599690518,
      "fcf_margin_change": 0.5043344923844021
    },
    {
      "date": "2025-05-04T00:00:00",
      "quarter_label": "2025-05 (Q2)",
      "revenue": 102704000,
      "gross_profit": 53355000,
      "operating_income": -12352000,
      "net_income": -15293000,
      "opex": 65707000,
      "cogs": 49349000,
      "rd": null,
      "sga": 65707000,
      "fcf": -57795000,
      "ocf": -56463000,
      "capex": -1332000,
      "gross_margin": 0.5195026483875993,
      "op_margin": -0.12026795451004829,
      "fcf_margin": -0.562733681258763,
      "incr_op_margin_yoy": 0.24184549356223176,
      "rev_growth_yoy": -0.11981077097117,
      "rev_growth_yoy_accel": -0.10212848216723862,
      "fcf_margin_change": -0.7231017336482022
    },
    {
      "date": "2025-08-03T00:00:00",
      "quarter_label": "2025-08 (Q3)",
      "revenue": 131716000,
      "gross_profit": 72019000,
      "operating_income": 2402000,
      "net_income": 1261000,
      "opex": 69617000,
      "cogs": 59697000,
      "rd": null,
      "sga": 68767000,
      "fcf": 29787000,
      "ocf": 32027000,
      "capex": -2240000,
      "gross_margin": 0.546774879285736,
      "op_margin": 0.018236205168696284,
      "fcf_margin": 0.2261456466944031,
      "incr_op_margin_yoy": -0.6349591033020296,
      "rev_growth_yoy": -0.06992705781003962,
      "rev_growth_yoy_accel": 0.04988371316113038,
      "op_leverage_ratio": 4.747065148661522,
      "fcf_margin_change": 0.7888793279531661
    },
    {
      "date": "2025-11-02T00:00:00",
      "quarter_label": "2025-11 (Q4)",
      "revenue": 114871000,
      "gross_profit": 61846000,
      "operating_income": -8834000,
      "net_income": -10101000,
      "opex": 70680000,
      "cogs": 53025000,
      "rd": null,
      "sga": 70680000,
      "fcf": -8941000,
      "ocf": -6679000,
      "capex": -2262000,
      "gross_margin": 0.5383952433599429,
      "op_margin": -0.07690365714584185,
      "fcf_margin": -0.07783513680563414,
      "incr_op_margin_yoy": -1.1290110791957324,
      "rev_growth_yoy": -0.09590259413172145,
      "rev_growth_yoy_accel": -0.025975536321681827,
      "fcf_margin_change": -0.3039807835000372
    }
  ],
  "signals": [
    {
      "quarter": "2025-08 (Q3)",
      "signal": "FCF TURNED POSITIVE",
      "detail": "FCF margin: -56.3% -> +22.6%",
      "severity": "HIGH"
    },
    {
      "quarter": "2025-08 (Q3)",
      "signal": "OPERATING LEVERAGE",
      "detail": "Rev growth +28.2% vs OpEx growth +6.0% (leverage: 4.7x)",
      "severity": "MEDIUM"
    },
    {
      "quarter": "2025-08 (Q3)",
      "signal": "OP MARGIN TURNED POSITIVE (YoY)",
      "detail": "Op margin: -2.7% (year-ago) -> +1.8%",
      "severity": "HIGH"
    },
    {
      "quarter": "2025-08 (Q3)",
      "signal": "OP MARGIN TURNED POSITIVE (QoQ)",
      "detail": "Op margin: -12.0% -> +1.8%",
      "severity": "HIGH"
    },
    {
      "quarter": "2025-05 (Q2)",
      "signal": "GROSS MARGIN INFLECTION",
      "detail": "GM: +52.3% -> +44.1% -> +52.0% (reversal +7.8%)",
      "severity": "HIGH"
    },
    {
      "quarter": "2025-05 (Q2)",
      "signal": "YoY REVENUE GROWTH DECELERATION",
      "detail": "YoY growth: -12.0% vs prior quarter YoY: -1.8% (decel: -10.2%)",
      "severity": "WARNING"
    },
    {
      "quarter": "2025-02 (Q1)",
      "signal": "FCF TURNED POSITIVE",
      "detail": "FCF margin: -34.4% -> +16.0%",
      "severity": "HIGH"
    },
    {
      "quarter": "2025-02 (Q1)",
      "signal": "OPERATING LEVERAGE",
      "detail": "Rev growth +89.9% vs OpEx growth +21.2% (leverage: 4.2x)",
      "severity": "MEDIUM"
    },
    {
      "quarter": "2025-02 (Q1)",
      "signal": "YoY REVENUE GROWTH ACCELERATION",
      "detail": "YoY growth: -1.8% vs prior quarter YoY: -8.1% (accel: +6.3%)",
      "severity": "MEDIUM"
    },
    {
      "quarter": "2024-10 (Q4)",
      "signal": "YoY REVENUE GROWTH DECELERATION",
      "detail": "YoY growth: -8.1% vs prior quarter YoY: +1.8% (decel: -9.9%)",
      "severity": "WARNING"
    },
    {
      "quarter": "2024-07 (Q3)",
      "signal": "FCF TURNED POSITIVE",
      "detail": "FCF margin: -30.2% -> +10.6%",
      "severity": "HIGH"
    },
    {
      "quarter": "2024-07 (Q3)",
      "signal": "OPERATING LEVERAGE",
      "detail": "Rev growth +21.4% vs OpEx growth +10.3% (leverage: 2.1x)",
      "severity": "MEDIUM"
    },
    {
      "quarter": "2024-07 (Q3)",
      "signal": "YoY REVENUE GROWTH ACCELERATION",
      "detail": "YoY growth: +1.8% vs prior quarter YoY: -5.7% (accel: +7.5%)",
      "severity": "MEDIUM"
    },
    {
      "quarter": "2024-04 (Q2)",
      "signal": "GROSS MARGIN INFLECTION",
      "detail": "GM: +50.2% -> +48.2% -> +52.8% (reversal +4.6%)",
      "severity": "MEDIUM"
    },
    {
      "quarter": "2024-04 (Q2)",
      "signal": "YoY REVENUE GROWTH DECELERATION",
      "detail": "YoY growth: -5.7% vs prior quarter YoY: +1.6% (decel: -7.3%)",
      "severity": "WARNING"
    },
    {
      "quarter": "2024-01 (Q1)",
      "signal": "FCF TURNED POSITIVE",
      "detail": "FCF margin: -27.7% -> +24.7%",
      "severity": "HIGH"
    },
    {
      "quarter": "2024-01 (Q1)",
      "signal": "OPERATING LEVERAGE",
      "detail": "Rev growth +77.7% vs OpEx growth +33.0% (leverage: 2.4x)",
      "severity": "MEDIUM"
    },
    {
      "quarter": "2024-01 (Q1)",
      "signal": "YoY REVENUE GROWTH ACCELERATION",
      "detail": "YoY growth: +1.6% vs prior quarter YoY: -6.1% (accel: +7.7%)",
      "severity": "MEDIUM"
    },
    {
      "quarter": "2024-01 (Q1)",
      "signal": "OP MARGIN TURNED POSITIVE (QoQ)",
      "detail": "Op margin: -9.0% -> +3.9%",
      "severity": "HIGH"
    },
    {
      "quarter": "2023-07 (Q3)",
      "signal": "FCF TURNED POSITIVE",
      "detail": "FCF margin: -28.6% -> +1.9%",
      "severity": "HIGH"
    },
    {
      "quarter": "2023-07 (Q3)",
      "signal": "OPERATING LEVERAGE",
      "detail": "Rev growth +12.4% vs OpEx growth +3.9% (leverage: 3.2x)",
      "severity": "MEDIUM"
    },
    {
      "quarter": "2023-04 (Q2)",
      "signal": "YoY REVENUE GROWTH ACCELERATION",
      "detail": "YoY growth: +0.7% vs prior quarter YoY: -10.7% (accel: +11.4%)",
      "severity": "MEDIUM"
    },
    {
      "quarter": "2023-01 (Q1)",
      "signal": "FCF TURNED POSITIVE",
      "detail": "FCF margin: -10.4% -> +19.4%",
      "severity": "HIGH"
    },
    {
      "quarter": "2023-01 (Q1)",
      "signal": "OPERATING LEVERAGE",
      "detail": "Rev growth +64.3% vs OpEx growth +34.2% (leverage: 1.9x)",
      "severity": "MEDIUM"
    },
    {
      "quarter": "2023-01 (Q1)",
      "signal": "YoY REVENUE GROWTH DECELERATION",
      "detail": "YoY growth: -10.7% vs prior quarter YoY: +1.3% (decel: -12.0%)",
      "severity": "WARNING"
    },
    {
      "quarter": "2023-01 (Q1)",
      "signal": "INCREMENTAL MARGIN (YoY)",
      "detail": "YoY Incr OPM: +46.8% vs year-ago OPM: +9.0%",
      "severity": "HIGH"
    },
    {
      "quarter": "2023-01 (Q1)",
      "signal": "OP MARGIN TURNED POSITIVE (QoQ)",
      "detail": "Op margin: -5.0% -> +4.4%",
      "severity": "HIGH"
    },
    {
      "quarter": "2022-10 (Q4)",
      "signal": "FCF MARGIN EXPANSION",
      "detail": "FCF margin: -17.2% -> -10.4% (+6.8%)",
      "severity": "MEDIUM"
    },
    {
      "quarter": "2022-10 (Q4)",
      "signal": "YoY REVENUE GROWTH ACCELERATION",
      "detail": "YoY growth: +1.3% vs prior quarter YoY: -5.1% (accel: +6.4%)",
      "severity": "MEDIUM"
    },
    {
      "quarter": "2022-07 (Q3)",
      "signal": "FCF MARGIN EXPANSION",
      "detail": "FCF margin: -29.0% -> -17.2% (+11.8%)",
      "severity": "MEDIUM"
    },
    {
      "quarter": "2022-07 (Q3)",
      "signal": "OPERATING LEVERAGE",
      "detail": "Rev growth +15.1% vs OpEx growth +5.5% (leverage: 2.7x)",
      "severity": "MEDIUM"
    },
    {
      "quarter": "2022-07 (Q3)",
      "signal": "INCREMENTAL MARGIN (YoY)",
      "detail": "YoY Incr OPM: +121.0% vs year-ago OPM: +8.8%",
      "severity": "HIGH"
    },
    {
      "quarter": "2022-07 (Q3)",
      "signal": "OP MARGIN TURNED POSITIVE (QoQ)",
      "detail": "Op margin: -0.8% -> +2.7%",
      "severity": "HIGH"
    },
    {
      "quarter": "2022-05 (Q2)",
      "signal": "YoY REVENUE GROWTH DECELERATION",
      "detail": "YoY growth: -7.9% vs prior quarter YoY: +5.8% (decel: -13.7%)",
      "severity": "WARNING"
    },
    {
      "quarter": "2022-01 (Q1)",
      "signal": "FCF MARGIN EXPANSION",
      "detail": "FCF margin: +1.5% -> +21.4% (+20.0%)",
      "severity": "MEDIUM"
    },
    {
      "quarter": "2022-01 (Q1)",
      "signal": "OPERATING LEVERAGE",
      "detail": "Rev growth +86.4% vs OpEx growth +54.1% (leverage: 1.6x)",
      "severity": "MEDIUM"
    },
    {
      "quarter": "2021-08 (Q3)",
      "signal": "OPERATING LEVERAGE",
      "detail": "Rev growth +11.8% vs OpEx growth +5.7% (leverage: 2.1x)",
      "severity": "MEDIUM"
    },
    {
      "quarter": "2021-08 (Q3)",
      "signal": "GROSS MARGIN INFLECTION",
      "detail": "GM: +53.0% -> +49.9% -> +54.6% (reversal +4.7%)",
      "severity": "MEDIUM"
    }
  ],
  "data_quality": {
    "n_quarters": 20,
    "coverage": {
      "revenue": [
        20,
        20
      ],
      "gross_profit": [
        20,
        20
      ],
      "op_income": [
        20,
        20
      ],
      "fcf": [
        20,
        20
      ]
    },
    "gaps": [],
    "warnings": []
  },
  "market_cap": null,
  "source": "SEC EDGAR",
  "last_updated": "2026-02-02T23:24:13.012712"
}