{
  "ticker": "DMRC",
  "name": "Digimarc CORP",
  "quarters": [
    {
      "date": "2020-12-31T00:00:00",
      "quarter_label": "2020-12 (Q4)",
      "revenue": 5553000,
      "gross_profit": 3858000,
      "operating_income": -7834000,
      "net_income": -7816000,
      "opex": 11692000,
      "cogs": 1695000,
      "rd": 4011000,
      "sga": null,
      "fcf": -5033000,
      "ocf": -4707000,
      "capex": -326000,
      "gross_margin": 0.6947595894111291,
      "op_margin": -1.4107689537187107,
      "fcf_margin": -0.9063569241851251
    },
    {
      "date": "2021-03-31T00:00:00",
      "quarter_label": "2021-03 (Q1)",
      "revenue": 6700000,
      "gross_profit": 4339000,
      "operating_income": -8226000,
      "net_income": -8222000,
      "opex": 12565000,
      "cogs": 2361000,
      "rd": 4131000,
      "sga": null,
      "fcf": -6305000,
      "ocf": -5988000,
      "capex": -317000,
      "gross_margin": 0.6476119402985074,
      "op_margin": -1.2277611940298507,
      "fcf_margin": -0.941044776119403,
      "op_leverage_ratio": 2.7663702622794113,
      "fcf_margin_change": -0.034687851934277814
    },
    {
      "date": "2021-06-30T00:00:00",
      "quarter_label": "2021-06 (Q2)",
      "revenue": 6278000,
      "gross_profit": 4229000,
      "operating_income": -15436000,
      "net_income": -15422000,
      "opex": 19665000,
      "cogs": 2049000,
      "rd": 4213000,
      "sga": null,
      "fcf": -6750000,
      "ocf": -6498000,
      "capex": -252000,
      "gross_margin": 0.6736221726664543,
      "op_margin": -2.458744823192099,
      "fcf_margin": -1.075183179356483,
      "fcf_margin_change": -0.13413840323708004
    },
    {
      "date": "2021-09-30T00:00:00",
      "quarter_label": "2021-09 (Q3)",
      "revenue": 6417000,
      "gross_profit": 4220000,
      "operating_income": -7956000,
      "net_income": -2871000,
      "opex": 12176000,
      "cogs": 2197000,
      "rd": 4586000,
      "sga": null,
      "fcf": -6205000,
      "ocf": -5977000,
      "capex": -228000,
      "gross_margin": 0.6576281751597319,
      "op_margin": -1.2398316970546985,
      "fcf_margin": -0.9669627551815491,
      "op_leverage_ratio": Infinity,
      "fcf_margin_change": 0.10822042417493394
    },
    {
      "date": "2021-12-31T00:00:00",
      "quarter_label": "2021-12 (Q4)",
      "revenue": 7125000,
      "gross_profit": 4955000,
      "operating_income": -8248000,
      "net_income": -8244000,
      "opex": 13203000,
      "cogs": 2170000,
      "rd": 4612000,
      "sga": null,
      "fcf": -7822000,
      "ocf": -7653000,
      "capex": -169000,
      "gross_margin": 0.6954385964912281,
      "op_margin": -1.1576140350877193,
      "fcf_margin": -1.0978245614035087,
      "incr_op_margin_yoy": -0.2633587786259542,
      "rev_growth_yoy": 0.2830902215018909,
      "op_leverage_ratio": 1.308083339364963,
      "fcf_margin_change": -0.13086180622195964
    },
    {
      "date": "2022-03-31T00:00:00",
      "quarter_label": "2022-03 (Q1)",
      "revenue": 7411000,
      "gross_profit": 3344000,
      "operating_income": -18016000,
      "net_income": -17781000,
      "opex": 21360000,
      "cogs": 4067000,
      "rd": 6091000,
      "sga": null,
      "fcf": -12270000,
      "ocf": -11856000,
      "capex": -414000,
      "gross_margin": 0.4512211577384968,
      "op_margin": -2.4309809742274995,
      "fcf_margin": -1.6556470111995683,
      "rev_growth_yoy": 0.10611940298507462,
      "rev_growth_yoy_accel": -0.1769708185168163,
      "op_leverage_ratio": 0.06497156462321675,
      "fcf_margin_change": -0.5578224497960595
    },
    {
      "date": "2022-06-30T00:00:00",
      "quarter_label": "2022-06 (Q2)",
      "revenue": 7747000,
      "gross_profit": 3997000,
      "operating_income": -14949000,
      "net_income": -14639000,
      "opex": 18946000,
      "cogs": 3750000,
      "rd": 6065000,
      "sga": null,
      "fcf": -14113000,
      "ocf": -13811000,
      "capex": -302000,
      "gross_margin": 0.5159416548341293,
      "op_margin": -1.9296501871692269,
      "fcf_margin": -1.821737446753582,
      "incr_op_margin_yoy": 0.33151803948264125,
      "rev_growth_yoy": 0.23399171710735903,
      "rev_growth_yoy_accel": 0.1278723141222844,
      "op_leverage_ratio": Infinity,
      "fcf_margin_change": -0.16609043555401382
    },
    {
      "date": "2022-09-30T00:00:00",
      "quarter_label": "2022-09 (Q3)",
      "revenue": 7821000,
      "gross_profit": 4165000,
      "operating_income": -15527000,
      "net_income": -14930000,
      "opex": 19692000,
      "cogs": 3656000,
      "rd": 7575000,
      "sga": null,
      "fcf": -11288000,
      "ocf": -11221000,
      "capex": -67000,
      "gross_margin": 0.5325405958317351,
      "op_margin": -1.9852959979542257,
      "fcf_margin": -1.4432936964582535,
      "incr_op_margin_yoy": -5.3924501424501425,
      "rev_growth_yoy": 0.2187938288920056,
      "rev_growth_yoy_accel": -0.015197888215353422,
      "fcf_margin_change": 0.3784437502953286
    },
    {
      "date": "2022-12-31T00:00:00",
      "quarter_label": "2022-12 (Q4)",
      "revenue": 7218000,
      "gross_profit": 3817000,
      "operating_income": -13317000,
      "net_income": -12448000,
      "opex": 17134000,
      "cogs": 3401000,
      "rd": 6759000,
      "sga": null,
      "fcf": -7671000,
      "ocf": -7520000,
      "capex": -151000,
      "gross_margin": 0.528816846771959,
      "op_margin": -1.844970906068163,
      "fcf_margin": -1.0627597672485454,
      "rev_growth_yoy": 0.013052631578947368,
      "rev_growth_yoy_accel": -0.20574119731305823,
      "fcf_margin_change": 0.3805339292097081
    },
    {
      "date": "2023-03-31T00:00:00",
      "quarter_label": "2023-03 (Q1)",
      "revenue": 7843000,
      "gross_profit": 4244000,
      "operating_income": -14767000,
      "net_income": -14040000,
      "opex": 19011000,
      "cogs": 3599000,
      "rd": 7826000,
      "sga": null,
      "fcf": -8795000,
      "ocf": -8744000,
      "capex": -51000,
      "gross_margin": 0.5411194695907179,
      "op_margin": -1.8828254494453653,
      "fcf_margin": -1.1213821241871733,
      "rev_growth_yoy": 0.05829172851167184,
      "rev_growth_yoy_accel": 0.045239096932724474,
      "op_leverage_ratio": 0.790419470178517,
      "fcf_margin_change": -0.05862235693862794
    },
    {
      "date": "2023-06-30T00:00:00",
      "quarter_label": "2023-06 (Q2)",
      "revenue": 8730000,
      "gross_profit": 4869000,
      "operating_income": -11268000,
      "net_income": -10623000,
      "opex": 16137000,
      "cogs": 3861000,
      "rd": 6161000,
      "sga": null,
      "fcf": -7816000,
      "ocf": -7746000,
      "capex": -70000,
      "gross_margin": 0.5577319587628866,
      "op_margin": -1.2907216494845362,
      "fcf_margin": -0.8953035509736541,
      "rev_growth_yoy": 0.1268878275461469,
      "rev_growth_yoy_accel": 0.06859609903447506,
      "op_leverage_ratio": Infinity,
      "fcf_margin_change": 0.2260785732135192
    },
    {
      "date": "2023-09-30T00:00:00",
      "quarter_label": "2023-09 (Q3)",
      "revenue": 8994000,
      "gross_profit": 5223000,
      "operating_income": -11156000,
      "net_income": -10723000,
      "opex": 16379000,
      "cogs": 3771000,
      "rd": 6308000,
      "sga": null,
      "fcf": -276000,
      "ocf": -189000,
      "capex": -87000,
      "gross_margin": 0.5807204803202135,
      "op_margin": -1.2403824772070269,
      "fcf_margin": -0.030687124749833223,
      "incr_op_margin_yoy": 3.7263427109974425,
      "rev_growth_yoy": 0.14998082086689682,
      "rev_growth_yoy_accel": 0.023092993320749933,
      "op_leverage_ratio": 2.0164948453608247,
      "fcf_margin_change": 0.8646164262238208
    },
    {
      "date": "2023-12-31T00:00:00",
      "quarter_label": "2023-12 (Q4)",
      "revenue": 9284000,
      "gross_profit": 5829000,
      "operating_income": -11016000,
      "net_income": -10573000,
      "opex": 16845000,
      "cogs": 3455000,
      "rd": 6282000,
      "sga": null,
      "fcf": -5422000,
      "ocf": -5316000,
      "capex": -106000,
      "gross_margin": 0.6278543731150367,
      "op_margin": -1.1865575183110728,
      "fcf_margin": -0.5840155105557949,
      "incr_op_margin_yoy": 1.1137463697967087,
      "rev_growth_yoy": 0.28622887226378496,
      "rev_growth_yoy_accel": 0.13624805139688814,
      "op_leverage_ratio": 1.1333044156285401,
      "fcf_margin_change": -0.5533283858059617
    },
    {
      "date": "2024-03-31T00:00:00",
      "quarter_label": "2024-03 (Q1)",
      "revenue": 9938000,
      "gross_profit": 6212000,
      "operating_income": -10857000,
      "net_income": -10338000,
      "opex": 17069000,
      "cogs": 3726000,
      "rd": 6741000,
      "sga": null,
      "fcf": -8528000,
      "ocf": -8422000,
      "capex": -106000,
      "gross_margin": 0.6250754679009861,
      "op_margin": -1.0924733346749849,
      "fcf_margin": -0.8581203461461059,
      "incr_op_margin_yoy": 1.8663484486873507,
      "rev_growth_yoy": 0.2671171745505546,
      "rev_growth_yoy_accel": -0.019111697713230347,
      "op_leverage_ratio": 5.297434718717301,
      "fcf_margin_change": -0.27410483559031096
    },
    {
      "date": "2024-06-30T00:00:00",
      "quarter_label": "2024-06 (Q2)",
      "revenue": 10379000,
      "gross_profit": 6863000,
      "operating_income": -9982000,
      "net_income": -9270000,
      "opex": 16845000,
      "cogs": 3516000,
      "rd": 6644000,
      "sga": null,
      "fcf": -6856000,
      "ocf": -6830000,
      "capex": -26000,
      "gross_margin": 0.6612390403699778,
      "op_margin": -0.9617496868677137,
      "fcf_margin": -0.6605646015993833,
      "incr_op_margin_yoy": 0.7798665858095816,
      "rev_growth_yoy": 0.18888888888888888,
      "rev_growth_yoy_accel": -0.07822828566166573,
      "op_leverage_ratio": Infinity,
      "fcf_margin_change": 0.19755574454672253
    },
    {
      "date": "2024-09-30T00:00:00",
      "quarter_label": "2024-09 (Q3)",
      "revenue": 9443000,
      "gross_profit": 5897000,
      "operating_income": -11369000,
      "net_income": -10754000,
      "opex": 17266000,
      "cogs": 3546000,
      "rd": 6488000,
      "sga": null,
      "fcf": -7152000,
      "ocf": -7085000,
      "capex": -67000,
      "gross_margin": 0.6244837445726994,
      "op_margin": -1.2039606057397014,
      "fcf_margin": -0.7573864238059939,
      "rev_growth_yoy": 0.049922170335779406,
      "rev_growth_yoy_accel": -0.1389667185531095,
      "fcf_margin_change": -0.09682182220661051
    },
    {
      "date": "2024-12-31T00:00:00",
      "quarter_label": "2024-12 (Q4)",
      "revenue": 8658000,
      "gross_profit": 5267000,
      "operating_income": -9099000,
      "net_income": -8648000,
      "opex": 14366000,
      "cogs": 3391000,
      "rd": 6336000,
      "sga": null,
      "fcf": -4248000,
      "ocf": -4235000,
      "capex": -13000,
      "gross_margin": 0.6083391083391083,
      "op_margin": -1.050935550935551,
      "fcf_margin": -0.49064449064449067,
      "rev_growth_yoy": -0.06742783283067644,
      "rev_growth_yoy_accel": -0.11735000316645584,
      "fcf_margin_change": 0.2667419331615032
    },
    {
      "date": "2025-03-31T00:00:00",
      "quarter_label": "2025-03 (Q1)",
      "revenue": 9368000,
      "gross_profit": 6085000,
      "operating_income": -12079000,
      "net_income": -11730000,
      "opex": 18164000,
      "cogs": 3283000,
      "rd": 7634000,
      "sga": null,
      "fcf": -5541000,
      "ocf": -5486000,
      "capex": -55000,
      "gross_margin": 0.6495516652433817,
      "op_margin": -1.289389410760034,
      "fcf_margin": -0.5914816396242528,
      "rev_growth_yoy": -0.05735560474944657,
      "rev_growth_yoy_accel": 0.010072228081229866,
      "op_leverage_ratio": 0.31018562614139233,
      "fcf_margin_change": -0.10083714897976215
    },
    {
      "date": "2025-06-30T00:00:00",
      "quarter_label": "2025-06 (Q2)",
      "revenue": 8010000,
      "gross_profit": 4707000,
      "operating_income": -8426000,
      "net_income": -8220000,
      "opex": 13133000,
      "cogs": 3303000,
      "rd": 4536000,
      "sga": null,
      "fcf": -4886000,
      "ocf": -4688000,
      "capex": -198000,
      "gross_margin": 0.5876404494382023,
      "op_margin": -1.0519350811485644,
      "fcf_margin": -0.6099875156054931,
      "incr_op_margin_yoy": -0.6568172224567328,
      "rev_growth_yoy": -0.22824934964832835,
      "rev_growth_yoy_accel": -0.1708937448988818,
      "fcf_margin_change": -0.018505875981240316
    },
    {
      "date": "2025-09-30T00:00:00",
      "quarter_label": "2025-09 (Q3)",
      "revenue": 7627000,
      "gross_profit": 4446000,
      "operating_income": -8364000,
      "net_income": -8152000,
      "opex": 12810000,
      "cogs": 3181000,
      "rd": 4315000,
      "sga": null,
      "fcf": -2817000,
      "ocf": -2596000,
      "capex": -221000,
      "gross_margin": 0.5829290677854989,
      "op_margin": -1.0966303920283205,
      "fcf_margin": -0.3693457453782614,
      "incr_op_margin_yoy": -1.6547356828193833,
      "rev_growth_yoy": -0.192311765328815,
      "rev_growth_yoy_accel": 0.035937584319513355,
      "fcf_margin_change": 0.2406417702272317
    }
  ],
  "signals": [
    {
      "quarter": "2025-09 (Q3)",
      "signal": "FCF MARGIN EXPANSION",
      "detail": "FCF margin: -61.0% -> -36.9% (+24.1%)",
      "severity": "MEDIUM"
    },
    {
      "quarter": "2025-06 (Q2)",
      "signal": "YoY REVENUE GROWTH DECELERATION",
      "detail": "YoY growth: -22.8% vs prior quarter YoY: -5.7% (decel: -17.1%)",
      "severity": "WARNING"
    },
    {
      "quarter": "2025-03 (Q1)",
      "signal": "GROSS MARGIN INFLECTION",
      "detail": "GM: +62.4% -> +60.8% -> +65.0% (reversal +4.1%)",
      "severity": "MEDIUM"
    },
    {
      "quarter": "2024-12 (Q4)",
      "signal": "FCF MARGIN EXPANSION",
      "detail": "FCF margin: -75.7% -> -49.1% (+26.7%)",
      "severity": "MEDIUM"
    },
    {
      "quarter": "2024-12 (Q4)",
      "signal": "YoY REVENUE GROWTH DECELERATION",
      "detail": "YoY growth: -6.7% vs prior quarter YoY: +5.0% (decel: -11.7%)",
      "severity": "WARNING"
    },
    {
      "quarter": "2024-09 (Q3)",
      "signal": "YoY REVENUE GROWTH DECELERATION",
      "detail": "YoY growth: +5.0% vs prior quarter YoY: +18.9% (decel: -13.9%)",
      "severity": "WARNING"
    },
    {
      "quarter": "2024-06 (Q2)",
      "signal": "FCF MARGIN EXPANSION",
      "detail": "FCF margin: -85.8% -> -66.1% (+19.8%)",
      "severity": "MEDIUM"
    },
    {
      "quarter": "2024-06 (Q2)",
      "signal": "GROSS MARGIN INFLECTION",
      "detail": "GM: +62.8% -> +62.5% -> +66.1% (reversal +3.6%)",
      "severity": "MEDIUM"
    },
    {
      "quarter": "2024-06 (Q2)",
      "signal": "YoY REVENUE GROWTH DECELERATION",
      "detail": "YoY growth: +18.9% vs prior quarter YoY: +26.7% (decel: -7.8%)",
      "severity": "WARNING"
    },
    {
      "quarter": "2024-03 (Q1)",
      "signal": "OPERATING LEVERAGE",
      "detail": "Rev growth +7.0% vs OpEx growth +1.3% (leverage: 5.3x)",
      "severity": "MEDIUM"
    },
    {
      "quarter": "2023-12 (Q4)",
      "signal": "YoY REVENUE GROWTH ACCELERATION",
      "detail": "YoY growth: +28.6% vs prior quarter YoY: +15.0% (accel: +13.6%)",
      "severity": "MEDIUM"
    },
    {
      "quarter": "2023-09 (Q3)",
      "signal": "FCF MARGIN EXPANSION",
      "detail": "FCF margin: -89.5% -> -3.1% (+86.5%)",
      "severity": "MEDIUM"
    },
    {
      "quarter": "2023-09 (Q3)",
      "signal": "OPERATING LEVERAGE",
      "detail": "Rev growth +3.0% vs OpEx growth +1.5% (leverage: 2.0x)",
      "severity": "MEDIUM"
    },
    {
      "quarter": "2023-06 (Q2)",
      "signal": "FCF MARGIN EXPANSION",
      "detail": "FCF margin: -112.1% -> -89.5% (+22.6%)",
      "severity": "MEDIUM"
    },
    {
      "quarter": "2023-06 (Q2)",
      "signal": "YoY REVENUE GROWTH ACCELERATION",
      "detail": "YoY growth: +12.7% vs prior quarter YoY: +5.8% (accel: +6.9%)",
      "severity": "MEDIUM"
    },
    {
      "quarter": "2022-12 (Q4)",
      "signal": "FCF MARGIN EXPANSION",
      "detail": "FCF margin: -144.3% -> -106.3% (+38.1%)",
      "severity": "MEDIUM"
    },
    {
      "quarter": "2022-12 (Q4)",
      "signal": "YoY REVENUE GROWTH DECELERATION",
      "detail": "YoY growth: +1.3% vs prior quarter YoY: +21.9% (decel: -20.6%)",
      "severity": "WARNING"
    },
    {
      "quarter": "2022-09 (Q3)",
      "signal": "FCF MARGIN EXPANSION",
      "detail": "FCF margin: -182.2% -> -144.3% (+37.8%)",
      "severity": "MEDIUM"
    },
    {
      "quarter": "2022-06 (Q2)",
      "signal": "GROSS MARGIN INFLECTION",
      "detail": "GM: +69.5% -> +45.1% -> +51.6% (reversal +6.5%)",
      "severity": "HIGH"
    },
    {
      "quarter": "2022-06 (Q2)",
      "signal": "YoY REVENUE GROWTH ACCELERATION",
      "detail": "YoY growth: +23.4% vs prior quarter YoY: +10.6% (accel: +12.8%)",
      "severity": "MEDIUM"
    },
    {
      "quarter": "2022-03 (Q1)",
      "signal": "YoY REVENUE GROWTH DECELERATION",
      "detail": "YoY growth: +10.6% vs prior quarter YoY: +28.3% (decel: -17.7%)",
      "severity": "WARNING"
    },
    {
      "quarter": "2021-12 (Q4)",
      "signal": "GROSS MARGIN INFLECTION",
      "detail": "GM: +67.4% -> +65.8% -> +69.5% (reversal +3.8%)",
      "severity": "MEDIUM"
    },
    {
      "quarter": "2021-09 (Q3)",
      "signal": "FCF MARGIN EXPANSION",
      "detail": "FCF margin: -107.5% -> -96.7% (+10.8%)",
      "severity": "MEDIUM"
    },
    {
      "quarter": "2021-06 (Q2)",
      "signal": "GROSS MARGIN INFLECTION",
      "detail": "GM: +69.5% -> +64.8% -> +67.4% (reversal +2.6%)",
      "severity": "MEDIUM"
    },
    {
      "quarter": "2021-03 (Q1)",
      "signal": "OPERATING LEVERAGE",
      "detail": "Rev growth +20.7% vs OpEx growth +7.5% (leverage: 2.8x)",
      "severity": "MEDIUM"
    }
  ],
  "data_quality": {
    "n_quarters": 20,
    "coverage": {
      "revenue": [
        20,
        20
      ],
      "gross_profit": [
        20,
        20
      ],
      "op_income": [
        20,
        20
      ],
      "fcf": [
        20,
        20
      ]
    },
    "gaps": [],
    "warnings": []
  },
  "market_cap": null,
  "source": "SEC EDGAR",
  "last_updated": "2026-02-02T23:13:28.145811",
  "sector": "Technology",
  "industry": "Software - Application"
}