{
  "ticker": "DNOW",
  "name": "DNOW INC.",
  "quarters": [
    {
      "date": "2020-12-31T00:00:00",
      "quarter_label": "2020-12 (Q4)",
      "revenue": 319000000,
      "gross_profit": 45000000,
      "operating_income": -37000000,
      "net_income": -44000000,
      "opex": 82000000,
      "cogs": 274000000,
      "rd": null,
      "sga": null,
      "fcf": 55000000,
      "ocf": 56000000,
      "capex": -1000000,
      "gross_margin": 0.14106583072100312,
      "op_margin": -0.11598746081504702,
      "fcf_margin": 0.1724137931034483
    },
    {
      "date": "2021-03-31T00:00:00",
      "quarter_label": "2021-03 (Q1)",
      "revenue": 361000000,
      "gross_profit": 75000000,
      "operating_income": -8000000,
      "net_income": -10000000,
      "opex": 83000000,
      "cogs": 286000000,
      "rd": null,
      "sga": null,
      "fcf": -5000000,
      "ocf": -4000000,
      "capex": -1000000,
      "gross_margin": 0.2077562326869806,
      "op_margin": -0.0221606648199446,
      "fcf_margin": -0.013850415512465374,
      "op_leverage_ratio": 10.796238244514106,
      "fcf_margin_change": -0.18626420861591367
    },
    {
      "date": "2021-06-30T00:00:00",
      "quarter_label": "2021-06 (Q2)",
      "revenue": 400000000,
      "gross_profit": 85000000,
      "operating_income": 0,
      "net_income": -2000000,
      "opex": 85000000,
      "cogs": 315000000,
      "rd": null,
      "sga": null,
      "fcf": 7000000,
      "ocf": 8000000,
      "capex": -1000000,
      "gross_margin": 0.2125,
      "op_margin": 0.0,
      "fcf_margin": 0.0175,
      "op_leverage_ratio": 4.483379501385041,
      "fcf_margin_change": 0.031350415512465375
    },
    {
      "date": "2021-09-30T00:00:00",
      "quarter_label": "2021-09 (Q3)",
      "revenue": 439000000,
      "gross_profit": 96000000,
      "operating_income": 10000000,
      "net_income": 5000000,
      "opex": 86000000,
      "cogs": 343000000,
      "rd": null,
      "sga": null,
      "fcf": 22000000,
      "ocf": 24000000,
      "capex": -2000000,
      "gross_margin": 0.21867881548974943,
      "op_margin": 0.022779043280182234,
      "fcf_margin": 0.05011389521640091,
      "op_leverage_ratio": 8.2875,
      "fcf_margin_change": 0.03261389521640091
    },
    {
      "date": "2021-12-31T00:00:00",
      "quarter_label": "2021-12 (Q4)",
      "revenue": 432000000,
      "gross_profit": 101000000,
      "operating_income": 7000000,
      "net_income": 12000000,
      "opex": 94000000,
      "cogs": 331000000,
      "rd": null,
      "sga": null,
      "fcf": 1000000,
      "ocf": 2000000,
      "capex": -1000000,
      "gross_margin": 0.2337962962962963,
      "op_margin": 0.016203703703703703,
      "fcf_margin": 0.0023148148148148147,
      "incr_op_margin_yoy": 0.3893805309734513,
      "rev_growth_yoy": 0.3542319749216301,
      "fcf_margin_change": -0.04779908040158609
    },
    {
      "date": "2022-03-31T00:00:00",
      "quarter_label": "2022-03 (Q1)",
      "revenue": 473000000,
      "gross_profit": 107000000,
      "operating_income": 23000000,
      "net_income": 30000000,
      "opex": 84000000,
      "cogs": 366000000,
      "rd": null,
      "sga": null,
      "fcf": -22000000,
      "ocf": -22000000,
      "capex": null,
      "gross_margin": 0.226215644820296,
      "op_margin": 0.048625792811839326,
      "fcf_margin": -0.046511627906976744,
      "incr_op_margin_yoy": 0.2767857142857143,
      "rev_growth_yoy": 0.31024930747922436,
      "rev_growth_yoy_accel": -0.043982667442405754,
      "op_leverage_ratio": Infinity,
      "fcf_margin_change": -0.048826442721791555
    },
    {
      "date": "2022-06-30T00:00:00",
      "quarter_label": "2022-06 (Q2)",
      "revenue": 539000000,
      "gross_profit": 128000000,
      "operating_income": 29000000,
      "net_income": 26000000,
      "opex": 99000000,
      "cogs": 411000000,
      "rd": null,
      "sga": null,
      "fcf": -35000000,
      "ocf": -29000000,
      "capex": -6000000,
      "gross_margin": 0.23747680890538034,
      "op_margin": 0.05380333951762523,
      "fcf_margin": -0.06493506493506493,
      "incr_op_margin_yoy": 0.20863309352517986,
      "rev_growth_yoy": 0.3475,
      "rev_growth_yoy_accel": 0.03725069252077562,
      "op_leverage_ratio": 0.7813953488372093,
      "fcf_margin_change": -0.018423437028088185
    },
    {
      "date": "2022-09-30T00:00:00",
      "quarter_label": "2022-09 (Q3)",
      "revenue": 577000000,
      "gross_profit": 139000000,
      "operating_income": 44000000,
      "net_income": 40000000,
      "opex": 95000000,
      "cogs": 438000000,
      "rd": null,
      "sga": null,
      "fcf": 44000000,
      "ocf": 45000000,
      "capex": -1000000,
      "gross_margin": 0.24090121317157712,
      "op_margin": 0.07625649913344887,
      "fcf_margin": 0.07625649913344887,
      "incr_op_margin_yoy": 0.2463768115942029,
      "rev_growth_yoy": 0.3143507972665148,
      "rev_growth_yoy_accel": -0.03314920273348515,
      "op_leverage_ratio": Infinity,
      "fcf_margin_change": 0.1411915640685138
    },
    {
      "date": "2022-12-31T00:00:00",
      "quarter_label": "2022-12 (Q4)",
      "revenue": 547000000,
      "gross_profit": 132000000,
      "operating_income": 35000000,
      "net_income": 32000000,
      "opex": 97000000,
      "cogs": 415000000,
      "rd": null,
      "sga": null,
      "fcf": 4000000,
      "ocf": 6000000,
      "capex": -2000000,
      "gross_margin": 0.2413162705667276,
      "op_margin": 0.06398537477148081,
      "fcf_margin": 0.007312614259597806,
      "incr_op_margin_yoy": 0.24347826086956523,
      "rev_growth_yoy": 0.2662037037037037,
      "rev_growth_yoy_accel": -0.048147093562811105,
      "fcf_margin_change": -0.06894388487385106
    },
    {
      "date": "2023-03-31T00:00:00",
      "quarter_label": "2023-03 (Q1)",
      "revenue": 584000000,
      "gross_profit": 137000000,
      "operating_income": 35000000,
      "net_income": 31000000,
      "opex": 102000000,
      "cogs": 447000000,
      "rd": null,
      "sga": null,
      "fcf": -11000000,
      "ocf": -6000000,
      "capex": -5000000,
      "gross_margin": 0.2345890410958904,
      "op_margin": 0.059931506849315065,
      "fcf_margin": -0.018835616438356163,
      "incr_op_margin_yoy": 0.10810810810810811,
      "rev_growth_yoy": 0.2346723044397463,
      "rev_growth_yoy_accel": -0.03153139926395743,
      "op_leverage_ratio": 1.3122486288848265,
      "fcf_margin_change": -0.02614823069795397
    },
    {
      "date": "2023-06-30T00:00:00",
      "quarter_label": "2023-06 (Q2)",
      "revenue": 594000000,
      "gross_profit": 134000000,
      "operating_income": 36000000,
      "net_income": 34000000,
      "opex": 98000000,
      "cogs": 460000000,
      "rd": null,
      "sga": null,
      "fcf": 79000000,
      "ocf": 85000000,
      "capex": -6000000,
      "gross_margin": 0.2255892255892256,
      "op_margin": 0.06060606060606061,
      "fcf_margin": 0.132996632996633,
      "incr_op_margin_yoy": 0.12727272727272726,
      "rev_growth_yoy": 0.10204081632653061,
      "rev_growth_yoy_accel": -0.13263148811321568,
      "op_leverage_ratio": Infinity,
      "fcf_margin_change": 0.15183224943498916
    },
    {
      "date": "2023-09-30T00:00:00",
      "quarter_label": "2023-09 (Q3)",
      "revenue": 588000000,
      "gross_profit": 134000000,
      "operating_income": 37000000,
      "net_income": 35000000,
      "opex": 97000000,
      "cogs": 454000000,
      "rd": null,
      "sga": null,
      "fcf": 0,
      "ocf": 4000000,
      "capex": -4000000,
      "gross_margin": 0.22789115646258504,
      "op_margin": 0.06292517006802721,
      "fcf_margin": 0.0,
      "incr_op_margin_yoy": -0.6363636363636364,
      "rev_growth_yoy": 0.019064124783362217,
      "rev_growth_yoy_accel": -0.08297669154316839,
      "fcf_margin_change": -0.132996632996633
    },
    {
      "date": "2023-12-31T00:00:00",
      "quarter_label": "2023-12 (Q4)",
      "revenue": 555000000,
      "gross_profit": 130000000,
      "operating_income": 32000000,
      "net_income": 147000000,
      "opex": 98000000,
      "cogs": 425000000,
      "rd": null,
      "sga": null,
      "fcf": 103000000,
      "ocf": 105000000,
      "capex": -2000000,
      "gross_margin": 0.23423423423423423,
      "op_margin": 0.05765765765765766,
      "fcf_margin": 0.18558558558558558,
      "incr_op_margin_yoy": -0.375,
      "rev_growth_yoy": 0.014625228519195612,
      "rev_growth_yoy_accel": -0.004438896264166605,
      "fcf_margin_change": 0.18558558558558558
    },
    {
      "date": "2024-03-31T00:00:00",
      "quarter_label": "2024-03 (Q1)",
      "revenue": 563000000,
      "gross_profit": 129000000,
      "operating_income": 28000000,
      "net_income": 21000000,
      "opex": 101000000,
      "cogs": 434000000,
      "rd": null,
      "sga": null,
      "fcf": 80000000,
      "ocf": 81000000,
      "capex": -1000000,
      "gross_margin": 0.2291296625222025,
      "op_margin": 0.0497335701598579,
      "fcf_margin": 0.14209591474245115,
      "incr_op_margin_yoy": 0.3333333333333333,
      "rev_growth_yoy": -0.03595890410958904,
      "rev_growth_yoy_accel": -0.05058413262878465,
      "op_leverage_ratio": 0.4708708708708709,
      "fcf_margin_change": -0.04348967084313443
    },
    {
      "date": "2024-06-30T00:00:00",
      "quarter_label": "2024-06 (Q2)",
      "revenue": 633000000,
      "gross_profit": 138000000,
      "operating_income": 33000000,
      "net_income": 24000000,
      "opex": 105000000,
      "cogs": 495000000,
      "rd": null,
      "sga": null,
      "fcf": 18000000,
      "ocf": 21000000,
      "capex": -3000000,
      "gross_margin": 0.21800947867298578,
      "op_margin": 0.052132701421800945,
      "fcf_margin": 0.02843601895734597,
      "incr_op_margin_yoy": -0.07692307692307693,
      "rev_growth_yoy": 0.06565656565656566,
      "rev_growth_yoy_accel": 0.10161546976615471,
      "op_leverage_ratio": 3.1394316163410303,
      "fcf_margin_change": -0.11365989578510517
    },
    {
      "date": "2024-09-30T00:00:00",
      "quarter_label": "2024-09 (Q3)",
      "revenue": 606000000,
      "gross_profit": 135000000,
      "operating_income": 23000000,
      "net_income": 13000000,
      "opex": 112000000,
      "cogs": 471000000,
      "rd": null,
      "sga": null,
      "fcf": 72000000,
      "ocf": 74000000,
      "capex": -2000000,
      "gross_margin": 0.22277227722772278,
      "op_margin": 0.037953795379537955,
      "fcf_margin": 0.1188118811881188,
      "incr_op_margin_yoy": -0.7777777777777778,
      "rev_growth_yoy": 0.030612244897959183,
      "rev_growth_yoy_accel": -0.03504432075860648,
      "fcf_margin_change": 0.09037586223077283
    },
    {
      "date": "2024-12-31T00:00:00",
      "quarter_label": "2024-12 (Q4)",
      "revenue": 571000000,
      "gross_profit": 133000000,
      "operating_income": 29000000,
      "net_income": 23000000,
      "opex": 104000000,
      "cogs": 438000000,
      "rd": null,
      "sga": null,
      "fcf": 119000000,
      "ocf": 122000000,
      "capex": -3000000,
      "gross_margin": 0.2329246935201401,
      "op_margin": 0.050788091068301226,
      "fcf_margin": 0.2084063047285464,
      "incr_op_margin_yoy": -0.1875,
      "rev_growth_yoy": 0.02882882882882883,
      "rev_growth_yoy_accel": -0.0017834160691303537,
      "fcf_margin_change": 0.0895944235404276
    },
    {
      "date": "2025-03-31T00:00:00",
      "quarter_label": "2025-03 (Q1)",
      "revenue": 599000000,
      "gross_profit": 139000000,
      "operating_income": 30000000,
      "net_income": 22000000,
      "opex": 109000000,
      "cogs": 460000000,
      "rd": null,
      "sga": null,
      "fcf": -22000000,
      "ocf": -16000000,
      "capex": -6000000,
      "gross_margin": 0.23205342237061768,
      "op_margin": 0.05008347245409015,
      "fcf_margin": -0.03672787979966611,
      "incr_op_margin_yoy": 0.05555555555555555,
      "rev_growth_yoy": 0.06394316163410302,
      "rev_growth_yoy_accel": 0.03511433280527419,
      "op_leverage_ratio": 1.0199649737302976,
      "fcf_margin_change": -0.2451341845282125
    },
    {
      "date": "2025-06-30T00:00:00",
      "quarter_label": "2025-06 (Q2)",
      "revenue": 628000000,
      "gross_profit": 144000000,
      "operating_income": 32000000,
      "net_income": 25000000,
      "opex": 112000000,
      "cogs": 484000000,
      "rd": null,
      "sga": null,
      "fcf": 41000000,
      "ocf": 45000000,
      "capex": -4000000,
      "gross_margin": 0.22929936305732485,
      "op_margin": 0.050955414012738856,
      "fcf_margin": 0.06528662420382166,
      "incr_op_margin_yoy": 0.2,
      "rev_growth_yoy": -0.007898894154818325,
      "rev_growth_yoy_accel": -0.07184205578892135,
      "op_leverage_ratio": 1.7590428491930996,
      "fcf_margin_change": 0.10201450400348777
    },
    {
      "date": "2025-09-30T00:00:00",
      "quarter_label": "2025-09 (Q3)",
      "revenue": 634000000,
      "gross_profit": 145000000,
      "operating_income": 33000000,
      "net_income": 25000000,
      "opex": 112000000,
      "cogs": 489000000,
      "rd": null,
      "sga": null,
      "fcf": 39000000,
      "ocf": 43000000,
      "capex": -4000000,
      "gross_margin": 0.22870662460567823,
      "op_margin": 0.052050473186119876,
      "fcf_margin": 0.061514195583596214,
      "incr_op_margin_yoy": 0.35714285714285715,
      "rev_growth_yoy": 0.0462046204620462,
      "rev_growth_yoy_accel": 0.05410351461686452,
      "fcf_margin_change": -0.0037724286202254417
    }
  ],
  "signals": [
    {
      "quarter": "2025-09 (Q3)",
      "signal": "YoY REVENUE GROWTH ACCELERATION",
      "detail": "YoY growth: +4.6% vs prior quarter YoY: -0.8% (accel: +5.4%)",
      "severity": "MEDIUM"
    },
    {
      "quarter": "2025-09 (Q3)",
      "signal": "INCREMENTAL MARGIN (YoY)",
      "detail": "YoY Incr OPM: +35.7% vs year-ago OPM: +3.8%",
      "severity": "HIGH"
    },
    {
      "quarter": "2025-06 (Q2)",
      "signal": "FCF TURNED POSITIVE",
      "detail": "FCF margin: -3.7% -> +6.5%",
      "severity": "HIGH"
    },
    {
      "quarter": "2025-06 (Q2)",
      "signal": "OPERATING LEVERAGE",
      "detail": "Rev growth +4.8% vs OpEx growth +2.8% (leverage: 1.8x)",
      "severity": "MEDIUM"
    },
    {
      "quarter": "2025-06 (Q2)",
      "signal": "YoY REVENUE GROWTH DECELERATION",
      "detail": "YoY growth: -0.8% vs prior quarter YoY: +6.4% (decel: -7.2%)",
      "severity": "WARNING"
    },
    {
      "quarter": "2025-06 (Q2)",
      "signal": "INCREMENTAL MARGIN (YoY)",
      "detail": "YoY Incr OPM: +20.0% vs year-ago OPM: +5.2%",
      "severity": "MEDIUM"
    },
    {
      "quarter": "2024-12 (Q4)",
      "signal": "FCF MARGIN EXPANSION",
      "detail": "FCF margin: +11.9% -> +20.8% (+9.0%)",
      "severity": "MEDIUM"
    },
    {
      "quarter": "2024-09 (Q3)",
      "signal": "FCF MARGIN EXPANSION",
      "detail": "FCF margin: +2.8% -> +11.9% (+9.0%)",
      "severity": "MEDIUM"
    },
    {
      "quarter": "2024-06 (Q2)",
      "signal": "OPERATING LEVERAGE",
      "detail": "Rev growth +12.4% vs OpEx growth +4.0% (leverage: 3.1x)",
      "severity": "MEDIUM"
    },
    {
      "quarter": "2024-06 (Q2)",
      "signal": "YoY REVENUE GROWTH ACCELERATION",
      "detail": "YoY growth: +6.6% vs prior quarter YoY: -3.6% (accel: +10.2%)",
      "severity": "MEDIUM"
    },
    {
      "quarter": "2024-03 (Q1)",
      "signal": "YoY REVENUE GROWTH DECELERATION",
      "detail": "YoY growth: -3.6% vs prior quarter YoY: +1.5% (decel: -5.1%)",
      "severity": "WARNING"
    },
    {
      "quarter": "2024-03 (Q1)",
      "signal": "INCREMENTAL MARGIN (YoY)",
      "detail": "YoY Incr OPM: +33.3% vs year-ago OPM: +6.0%",
      "severity": "HIGH"
    },
    {
      "quarter": "2023-12 (Q4)",
      "signal": "FCF MARGIN EXPANSION",
      "detail": "FCF margin: +0.0% -> +18.6% (+18.6%)",
      "severity": "MEDIUM"
    },
    {
      "quarter": "2023-09 (Q3)",
      "signal": "YoY REVENUE GROWTH DECELERATION",
      "detail": "YoY growth: +1.9% vs prior quarter YoY: +10.2% (decel: -8.3%)",
      "severity": "WARNING"
    },
    {
      "quarter": "2023-06 (Q2)",
      "signal": "FCF TURNED POSITIVE",
      "detail": "FCF margin: -1.9% -> +13.3%",
      "severity": "HIGH"
    },
    {
      "quarter": "2023-06 (Q2)",
      "signal": "YoY REVENUE GROWTH DECELERATION",
      "detail": "YoY growth: +10.2% vs prior quarter YoY: +23.5% (decel: -13.3%)",
      "severity": "WARNING"
    },
    {
      "quarter": "2022-12 (Q4)",
      "signal": "INCREMENTAL MARGIN (YoY)",
      "detail": "YoY Incr OPM: +24.3% vs year-ago OPM: +1.6%",
      "severity": "HIGH"
    },
    {
      "quarter": "2022-09 (Q3)",
      "signal": "FCF TURNED POSITIVE",
      "detail": "FCF margin: -6.5% -> +7.6%",
      "severity": "HIGH"
    },
    {
      "quarter": "2022-09 (Q3)",
      "signal": "INCREMENTAL MARGIN (YoY)",
      "detail": "YoY Incr OPM: +24.6% vs year-ago OPM: +2.3%",
      "severity": "HIGH"
    },
    {
      "quarter": "2022-03 (Q1)",
      "signal": "OP MARGIN TURNED POSITIVE (YoY)",
      "detail": "Op margin: -2.2% (year-ago) -> +4.9%",
      "severity": "HIGH"
    },
    {
      "quarter": "2021-12 (Q4)",
      "signal": "OP MARGIN TURNED POSITIVE (YoY)",
      "detail": "Op margin: -11.6% (year-ago) -> +1.6%",
      "severity": "HIGH"
    },
    {
      "quarter": "2021-09 (Q3)",
      "signal": "OPERATING LEVERAGE",
      "detail": "Rev growth +9.8% vs OpEx growth +1.2% (leverage: 8.3x)",
      "severity": "MEDIUM"
    },
    {
      "quarter": "2021-06 (Q2)",
      "signal": "FCF TURNED POSITIVE",
      "detail": "FCF margin: -1.4% -> +1.8%",
      "severity": "HIGH"
    },
    {
      "quarter": "2021-06 (Q2)",
      "signal": "OPERATING LEVERAGE",
      "detail": "Rev growth +10.8% vs OpEx growth +2.4% (leverage: 4.5x)",
      "severity": "MEDIUM"
    },
    {
      "quarter": "2021-03 (Q1)",
      "signal": "OPERATING LEVERAGE",
      "detail": "Rev growth +13.2% vs OpEx growth +1.2% (leverage: 10.8x)",
      "severity": "MEDIUM"
    }
  ],
  "data_quality": {
    "n_quarters": 20,
    "coverage": {
      "revenue": [
        20,
        20
      ],
      "gross_profit": [
        20,
        20
      ],
      "op_income": [
        20,
        20
      ],
      "fcf": [
        20,
        20
      ]
    },
    "gaps": [],
    "warnings": []
  },
  "market_cap": null,
  "source": "SEC EDGAR",
  "last_updated": "2026-02-02T21:26:06.808173"
}