{
  "ticker": "DOCN",
  "name": "DigitalOcean Holdings, Inc.",
  "quarters": [
    {
      "date": "2020-12-31T00:00:00",
      "quarter_label": "2020-12 (Q4)",
      "revenue": 87517000,
      "gross_profit": 48936000,
      "operating_income": 1638000,
      "net_income": -13851000,
      "opex": 47298000,
      "cogs": 38581000,
      "rd": 20657000,
      "sga": null,
      "fcf": -10242000,
      "ocf": 18311000,
      "capex": -28553000,
      "gross_margin": 0.5591599346412697,
      "op_margin": 0.018716363677914006,
      "fcf_margin": -0.11702869156849527
    },
    {
      "date": "2021-03-31T00:00:00",
      "quarter_label": "2021-03 (Q1)",
      "revenue": 93661000,
      "gross_profit": 54117000,
      "operating_income": 3254000,
      "net_income": -3339000,
      "opex": 50863000,
      "cogs": 39544000,
      "rd": 22402000,
      "sga": null,
      "fcf": -2607000,
      "ocf": 19791000,
      "capex": -22398000,
      "gross_margin": 0.5777965214977419,
      "op_margin": 0.03474231537139257,
      "fcf_margin": -0.02783442414665656,
      "op_leverage_ratio": 0.9314124263671408,
      "fcf_margin_change": 0.08919426742183871
    },
    {
      "date": "2021-06-30T00:00:00",
      "quarter_label": "2021-06 (Q2)",
      "revenue": 103810000,
      "gross_profit": 60665000,
      "operating_income": -2630000,
      "net_income": -2187000,
      "opex": 63295000,
      "cogs": 43145000,
      "rd": 27121000,
      "sga": null,
      "fcf": 15768000,
      "ocf": 40406000,
      "capex": -24638000,
      "gross_margin": 0.5843849340140641,
      "op_margin": -0.025334746170889124,
      "fcf_margin": 0.15189288122531547,
      "op_leverage_ratio": 0.44332827686424703,
      "fcf_margin_change": 0.179727305371972
    },
    {
      "date": "2021-09-30T00:00:00",
      "quarter_label": "2021-09 (Q3)",
      "revenue": 111428000,
      "gross_profit": 67922000,
      "operating_income": -1671000,
      "net_income": -1852000,
      "opex": 69593000,
      "cogs": 43506000,
      "rd": 29927000,
      "sga": null,
      "fcf": 20735000,
      "ocf": 40179000,
      "capex": -19444000,
      "gross_margin": 0.6095595362027497,
      "op_margin": -0.014996230749901281,
      "fcf_margin": 0.18608428761173135,
      "op_leverage_ratio": 0.7375110390042829,
      "fcf_margin_change": 0.03419140638641588
    },
    {
      "date": "2021-12-31T00:00:00",
      "quarter_label": "2021-12 (Q4)",
      "revenue": 119662000,
      "gross_profit": 75262000,
      "operating_income": -10139000,
      "net_income": -12125000,
      "opex": 85401000,
      "cogs": 44400000,
      "rd": 36234000,
      "sga": null,
      "fcf": 2141000,
      "ocf": 32733000,
      "capex": -30592000,
      "gross_margin": 0.6289548896057228,
      "op_margin": -0.08473032374521569,
      "fcf_margin": 0.01789206264311143,
      "incr_op_margin_yoy": -0.3663711308135013,
      "rev_growth_yoy": 0.36730006741547355,
      "op_leverage_ratio": 0.3253158011821944,
      "fcf_margin_change": -0.1681922249686199
    },
    {
      "date": "2022-03-31T00:00:00",
      "quarter_label": "2022-03 (Q1)",
      "revenue": 127327000,
      "gross_profit": 80570000,
      "operating_income": -13139000,
      "net_income": -18123000,
      "opex": 93709000,
      "cogs": 46757000,
      "rd": 37241000,
      "sga": null,
      "fcf": 7356000,
      "ocf": 30401000,
      "capex": -23045000,
      "gross_margin": 0.6327801644584417,
      "op_margin": -0.10319099641081625,
      "fcf_margin": 0.05777250700951094,
      "incr_op_margin_yoy": -0.48693043426602506,
      "rev_growth_yoy": 0.3594452333415189,
      "rev_growth_yoy_accel": -0.007854834073954653,
      "op_leverage_ratio": 0.6584493452497524,
      "fcf_margin_change": 0.03988044436639951
    },
    {
      "date": "2022-06-30T00:00:00",
      "quarter_label": "2022-06 (Q2)",
      "revenue": 133882000,
      "gross_profit": 86636000,
      "operating_income": -7377000,
      "net_income": -6191000,
      "opex": 94013000,
      "cogs": 47246000,
      "rd": 36956000,
      "sga": null,
      "fcf": 20427000,
      "ocf": 46072000,
      "capex": -25645000,
      "gross_margin": 0.6471071540610388,
      "op_margin": -0.05510076037107303,
      "fcf_margin": 0.1525746552934674,
      "incr_op_margin_yoy": -0.15785448257515297,
      "rev_growth_yoy": 0.2896830748482805,
      "rev_growth_yoy_accel": -0.06976215849323841,
      "op_leverage_ratio": 15.869378156243373,
      "fcf_margin_change": 0.09480214828395644
    },
    {
      "date": "2022-09-30T00:00:00",
      "quarter_label": "2022-09 (Q3)",
      "revenue": 152115000,
      "gross_profit": 97579000,
      "operating_income": 9392000,
      "net_income": 10097000,
      "opex": 88187000,
      "cogs": 54536000,
      "rd": 30243000,
      "sga": null,
      "fcf": 24856000,
      "ocf": 55845000,
      "capex": -30989000,
      "gross_margin": 0.6414817736580877,
      "op_margin": 0.06174276041153075,
      "fcf_margin": 0.1634026887552181,
      "incr_op_margin_yoy": 0.2719050310910119,
      "rev_growth_yoy": 0.36514161611085183,
      "rev_growth_yoy_accel": 0.07545854126257134,
      "op_leverage_ratio": Infinity,
      "fcf_margin_change": 0.010828033461750708
    },
    {
      "date": "2022-12-31T00:00:00",
      "quarter_label": "2022-12 (Q4)",
      "revenue": 162998000,
      "gross_profit": 99610000,
      "operating_income": -15095000,
      "net_income": -10066000,
      "opex": 114705000,
      "cogs": 63388000,
      "rd": 39445000,
      "sga": null,
      "fcf": 36124000,
      "ocf": 62834000,
      "capex": -26710000,
      "gross_margin": 0.6111117927827335,
      "op_margin": -0.09260849826378238,
      "fcf_margin": 0.2216223511944932,
      "incr_op_margin_yoy": -0.11436219309580949,
      "rev_growth_yoy": 0.36215339873978375,
      "rev_growth_yoy_accel": -0.0029882173710680804,
      "op_leverage_ratio": 0.23792517087119233,
      "fcf_margin_change": 0.058219662439275094
    },
    {
      "date": "2023-03-31T00:00:00",
      "quarter_label": "2023-03 (Q1)",
      "revenue": 165134000,
      "gross_profit": 93255000,
      "operating_income": -32534000,
      "net_income": -34937000,
      "opex": 125789000,
      "cogs": 71879000,
      "rd": 38272000,
      "sga": null,
      "fcf": 12901000,
      "ocf": 36215000,
      "capex": -23314000,
      "gross_margin": 0.5647231944965907,
      "op_margin": -0.1970157569004566,
      "fcf_margin": 0.07812443227923989,
      "incr_op_margin_yoy": -0.5130002380511546,
      "rev_growth_yoy": 0.296928381254565,
      "rev_growth_yoy_accel": -0.06522501748521875,
      "op_leverage_ratio": 0.1356140871233632,
      "fcf_margin_change": -0.14349791891525332
    },
    {
      "date": "2023-06-30T00:00:00",
      "quarter_label": "2023-06 (Q2)",
      "revenue": 169814000,
      "gross_profit": 102460000,
      "operating_income": -1501000,
      "net_income": 665000,
      "opex": 103961000,
      "cogs": 67354000,
      "rd": 38569000,
      "sga": null,
      "fcf": 40627000,
      "ocf": 64161000,
      "capex": -23534000,
      "gross_margin": 0.6033660357803243,
      "op_margin": -0.008839082761138657,
      "fcf_margin": 0.23924411414842123,
      "incr_op_margin_yoy": 0.16353111432706222,
      "rev_growth_yoy": 0.2683855932836378,
      "rev_growth_yoy_accel": -0.028542787970927186,
      "op_leverage_ratio": Infinity,
      "fcf_margin_change": 0.16111968186918135
    },
    {
      "date": "2023-09-30T00:00:00",
      "quarter_label": "2023-09 (Q3)",
      "revenue": 177062000,
      "gross_profit": 106733000,
      "operating_income": 35468000,
      "net_income": 19175000,
      "opex": 71265000,
      "cogs": 70329000,
      "rd": 32627000,
      "sga": null,
      "fcf": 33821000,
      "ocf": 54050000,
      "capex": -20229000,
      "gross_margin": 0.6028001491003151,
      "op_margin": 0.20031401430007567,
      "fcf_margin": 0.19101218782121518,
      "incr_op_margin_yoy": 1.0452559425983083,
      "rev_growth_yoy": 0.16400092035630937,
      "rev_growth_yoy_accel": -0.10438467292732845,
      "op_leverage_ratio": Infinity,
      "fcf_margin_change": -0.04823192632720605
    },
    {
      "date": "2023-12-31T00:00:00",
      "quarter_label": "2023-12 (Q4)",
      "revenue": 180874000,
      "gross_profit": 103262000,
      "operating_income": 10985000,
      "net_income": 15938000,
      "opex": 92277000,
      "cogs": 77612000,
      "rd": 29976000,
      "sga": null,
      "fcf": 28294000,
      "ocf": 80516000,
      "capex": -52222000,
      "gross_margin": 0.570905713369528,
      "op_margin": 0.06073288587635592,
      "fcf_margin": 0.1564293375498966,
      "incr_op_margin_yoy": 1.4589393600358023,
      "rev_growth_yoy": 0.10967005730131658,
      "rev_growth_yoy_accel": -0.05433086305499278,
      "op_leverage_ratio": 0.07301909127443902,
      "fcf_margin_change": -0.03458285027131858
    },
    {
      "date": "2024-03-31T00:00:00",
      "quarter_label": "2024-03 (Q1)",
      "revenue": 184730000,
      "gross_profit": 112086000,
      "operating_income": 11538000,
      "net_income": 14139000,
      "opex": 100548000,
      "cogs": 72644000,
      "rd": 33971000,
      "sga": null,
      "fcf": 23028000,
      "ocf": 66693000,
      "capex": -43665000,
      "gross_margin": 0.6067558057705841,
      "op_margin": 0.062458723542467384,
      "fcf_margin": 0.12465760840145076,
      "incr_op_margin_yoy": 2.2490304143702797,
      "rev_growth_yoy": 0.11866726416122664,
      "rev_growth_yoy_accel": 0.008997206859910054,
      "op_leverage_ratio": 0.2378462607681866,
      "fcf_margin_change": -0.03177172914844584
    },
    {
      "date": "2024-06-30T00:00:00",
      "quarter_label": "2024-06 (Q2)",
      "revenue": 192476000,
      "gross_profit": 117337000,
      "operating_income": 22328000,
      "net_income": 19138000,
      "opex": 95009000,
      "cogs": 75139000,
      "rd": 34040000,
      "sga": null,
      "fcf": 39471000,
      "ocf": 71340000,
      "capex": -31869000,
      "gross_margin": 0.6096188615723519,
      "op_margin": 0.11600407323510464,
      "fcf_margin": 0.20506972297844925,
      "incr_op_margin_yoy": 1.0514958962139265,
      "rev_growth_yoy": 0.13345189442566574,
      "rev_growth_yoy_accel": 0.014784630264439103,
      "op_leverage_ratio": Infinity,
      "fcf_margin_change": 0.08041211457699848
    },
    {
      "date": "2024-09-30T00:00:00",
      "quarter_label": "2024-09 (Q3)",
      "revenue": 198484000,
      "gross_profit": 119441000,
      "operating_income": 24606000,
      "net_income": 32949000,
      "opex": 94835000,
      "cogs": 79043000,
      "rd": 37377000,
      "sga": null,
      "fcf": 16001000,
      "ocf": 73353000,
      "capex": -57352000,
      "gross_margin": 0.6017663892303662,
      "op_margin": 0.123969690252111,
      "fcf_margin": 0.08061606980915338,
      "incr_op_margin_yoy": -0.5070488283073475,
      "rev_growth_yoy": 0.12098586935649659,
      "rev_growth_yoy_accel": -0.012466025069169148,
      "op_leverage_ratio": Infinity,
      "fcf_margin_change": -0.12445365316929587
    },
    {
      "date": "2024-12-31T00:00:00",
      "quarter_label": "2024-12 (Q4)",
      "revenue": 204925000,
      "gross_profit": 126083000,
      "operating_income": 32535000,
      "net_income": 18266000,
      "opex": 93548000,
      "cogs": 78842000,
      "rd": 40310000,
      "sga": null,
      "fcf": 26058000,
      "ocf": 71339000,
      "capex": -45281000,
      "gross_margin": 0.6152641210198854,
      "op_margin": 0.1587654019763328,
      "fcf_margin": 0.12715871660363548,
      "incr_op_margin_yoy": 0.8960126398070767,
      "rev_growth_yoy": 0.13297101849906565,
      "rev_growth_yoy_accel": 0.011985149142569054,
      "op_leverage_ratio": Infinity,
      "fcf_margin_change": 0.0465426467944821
    },
    {
      "date": "2025-03-31T00:00:00",
      "quarter_label": "2025-03 (Q1)",
      "revenue": 210703000,
      "gross_profit": 129444000,
      "operating_income": 37642000,
      "net_income": 38204000,
      "opex": 91802000,
      "cogs": 81259000,
      "rd": 39594000,
      "sga": null,
      "fcf": 2127000,
      "ocf": 64090000,
      "capex": -61963000,
      "gross_margin": 0.6143434122912346,
      "op_margin": 0.17864956834976245,
      "fcf_margin": 0.010094777957599084,
      "incr_op_margin_yoy": 1.0050436992261194,
      "rev_growth_yoy": 0.14059979429437558,
      "rev_growth_yoy_accel": 0.007628775795309933,
      "op_leverage_ratio": Infinity,
      "fcf_margin_change": -0.1170639386460364
    },
    {
      "date": "2025-06-30T00:00:00",
      "quarter_label": "2025-06 (Q2)",
      "revenue": 218700000,
      "gross_profit": 130945000,
      "operating_income": 35619000,
      "net_income": 37027000,
      "opex": 95326000,
      "cogs": 87755000,
      "rd": 39644000,
      "sga": null,
      "fcf": 59250000,
      "ocf": 92447000,
      "capex": -33197000,
      "gross_margin": 0.5987425697302241,
      "op_margin": 0.16286694101508917,
      "fcf_margin": 0.2709190672153635,
      "incr_op_margin_yoy": 0.5068258084197681,
      "rev_growth_yoy": 0.13624555788773665,
      "rev_growth_yoy_accel": -0.004354236406638928,
      "op_leverage_ratio": 0.9887184080590103,
      "fcf_margin_change": 0.2608242892577644
    },
    {
      "date": "2025-09-30T00:00:00",
      "quarter_label": "2025-09 (Q3)",
      "revenue": 229634000,
      "gross_profit": 136933000,
      "operating_income": 44932000,
      "net_income": 158371000,
      "opex": 92001000,
      "cogs": 92701000,
      "rd": 38119000,
      "sga": null,
      "fcf": 88016000,
      "ocf": 95787000,
      "capex": -7771000,
      "gross_margin": 0.5963097799106404,
      "op_margin": 0.1956678889014693,
      "fcf_margin": 0.383288189031241,
      "incr_op_margin_yoy": 0.6525200642054575,
      "rev_growth_yoy": 0.15693960218455896,
      "rev_growth_yoy_accel": 0.02069404429682231,
      "op_leverage_ratio": Infinity,
      "fcf_margin_change": 0.11236912181587749
    }
  ],
  "signals": [
    {
      "quarter": "2025-09 (Q3)",
      "signal": "FCF MARGIN EXPANSION",
      "detail": "FCF margin: +27.1% -> +38.3% (+11.2%)",
      "severity": "MEDIUM"
    },
    {
      "quarter": "2025-09 (Q3)",
      "signal": "INCREMENTAL MARGIN (YoY)",
      "detail": "YoY Incr OPM: +65.3% vs year-ago OPM: +12.4%",
      "severity": "HIGH"
    },
    {
      "quarter": "2025-06 (Q2)",
      "signal": "FCF MARGIN EXPANSION",
      "detail": "FCF margin: +1.0% -> +27.1% (+26.1%)",
      "severity": "MEDIUM"
    },
    {
      "quarter": "2025-06 (Q2)",
      "signal": "INCREMENTAL MARGIN (YoY)",
      "detail": "YoY Incr OPM: +50.7% vs year-ago OPM: +11.6%",
      "severity": "HIGH"
    },
    {
      "quarter": "2025-03 (Q1)",
      "signal": "INCREMENTAL MARGIN (YoY)",
      "detail": "YoY Incr OPM: +100.5% vs year-ago OPM: +6.2%",
      "severity": "HIGH"
    },
    {
      "quarter": "2024-12 (Q4)",
      "signal": "INCREMENTAL MARGIN (YoY)",
      "detail": "YoY Incr OPM: +89.6% vs year-ago OPM: +6.1%",
      "severity": "HIGH"
    },
    {
      "quarter": "2024-06 (Q2)",
      "signal": "FCF MARGIN EXPANSION",
      "detail": "FCF margin: +12.5% -> +20.5% (+8.0%)",
      "severity": "MEDIUM"
    },
    {
      "quarter": "2024-06 (Q2)",
      "signal": "OP MARGIN TURNED POSITIVE (YoY)",
      "detail": "Op margin: -0.9% (year-ago) -> +11.6%",
      "severity": "HIGH"
    },
    {
      "quarter": "2024-03 (Q1)",
      "signal": "GROSS MARGIN INFLECTION",
      "detail": "GM: +60.3% -> +57.1% -> +60.7% (reversal +3.6%)",
      "severity": "MEDIUM"
    },
    {
      "quarter": "2024-03 (Q1)",
      "signal": "OP MARGIN TURNED POSITIVE (YoY)",
      "detail": "Op margin: -19.7% (year-ago) -> +6.2%",
      "severity": "HIGH"
    },
    {
      "quarter": "2023-12 (Q4)",
      "signal": "YoY REVENUE GROWTH DECELERATION",
      "detail": "YoY growth: +11.0% vs prior quarter YoY: +16.4% (decel: -5.4%)",
      "severity": "WARNING"
    },
    {
      "quarter": "2023-12 (Q4)",
      "signal": "OP MARGIN TURNED POSITIVE (YoY)",
      "detail": "Op margin: -9.3% (year-ago) -> +6.1%",
      "severity": "HIGH"
    },
    {
      "quarter": "2023-09 (Q3)",
      "signal": "YoY REVENUE GROWTH DECELERATION",
      "detail": "YoY growth: +16.4% vs prior quarter YoY: +26.8% (decel: -10.4%)",
      "severity": "WARNING"
    },
    {
      "quarter": "2023-09 (Q3)",
      "signal": "INCREMENTAL MARGIN (YoY)",
      "detail": "YoY Incr OPM: +104.5% vs year-ago OPM: +6.2%",
      "severity": "HIGH"
    },
    {
      "quarter": "2023-09 (Q3)",
      "signal": "OP MARGIN TURNED POSITIVE (QoQ)",
      "detail": "Op margin: -0.9% -> +20.0%",
      "severity": "HIGH"
    },
    {
      "quarter": "2023-06 (Q2)",
      "signal": "FCF MARGIN EXPANSION",
      "detail": "FCF margin: +7.8% -> +23.9% (+16.1%)",
      "severity": "MEDIUM"
    },
    {
      "quarter": "2023-06 (Q2)",
      "signal": "GROSS MARGIN INFLECTION",
      "detail": "GM: +61.1% -> +56.5% -> +60.3% (reversal +3.9%)",
      "severity": "MEDIUM"
    },
    {
      "quarter": "2023-03 (Q1)",
      "signal": "YoY REVENUE GROWTH DECELERATION",
      "detail": "YoY growth: +29.7% vs prior quarter YoY: +36.2% (decel: -6.5%)",
      "severity": "WARNING"
    },
    {
      "quarter": "2022-12 (Q4)",
      "signal": "FCF MARGIN EXPANSION",
      "detail": "FCF margin: +16.3% -> +22.2% (+5.8%)",
      "severity": "MEDIUM"
    },
    {
      "quarter": "2022-09 (Q3)",
      "signal": "YoY REVENUE GROWTH ACCELERATION",
      "detail": "YoY growth: +36.5% vs prior quarter YoY: +29.0% (accel: +7.5%)",
      "severity": "MEDIUM"
    },
    {
      "quarter": "2022-09 (Q3)",
      "signal": "OP MARGIN TURNED POSITIVE (YoY)",
      "detail": "Op margin: -1.5% (year-ago) -> +6.2%",
      "severity": "HIGH"
    },
    {
      "quarter": "2022-09 (Q3)",
      "signal": "OP MARGIN TURNED POSITIVE (QoQ)",
      "detail": "Op margin: -5.5% -> +6.2%",
      "severity": "HIGH"
    },
    {
      "quarter": "2022-06 (Q2)",
      "signal": "FCF MARGIN EXPANSION",
      "detail": "FCF margin: +5.8% -> +15.3% (+9.5%)",
      "severity": "MEDIUM"
    },
    {
      "quarter": "2022-06 (Q2)",
      "signal": "OPERATING LEVERAGE",
      "detail": "Rev growth +5.1% vs OpEx growth +0.3% (leverage: 15.9x)",
      "severity": "MEDIUM"
    },
    {
      "quarter": "2022-06 (Q2)",
      "signal": "YoY REVENUE GROWTH DECELERATION",
      "detail": "YoY growth: +29.0% vs prior quarter YoY: +35.9% (decel: -7.0%)",
      "severity": "WARNING"
    },
    {
      "quarter": "2021-06 (Q2)",
      "signal": "FCF TURNED POSITIVE",
      "detail": "FCF margin: -2.8% -> +15.2%",
      "severity": "HIGH"
    },
    {
      "quarter": "2021-03 (Q1)",
      "signal": "FCF MARGIN EXPANSION",
      "detail": "FCF margin: -11.7% -> -2.8% (+8.9%)",
      "severity": "MEDIUM"
    }
  ],
  "data_quality": {
    "n_quarters": 20,
    "coverage": {
      "revenue": [
        20,
        20
      ],
      "gross_profit": [
        20,
        20
      ],
      "op_income": [
        20,
        20
      ],
      "fcf": [
        20,
        20
      ]
    },
    "gaps": [],
    "warnings": []
  },
  "market_cap": null,
  "source": "SEC EDGAR",
  "last_updated": "2026-02-02T20:59:42.517697",
  "sector": "Technology",
  "industry": "Software - Infrastructure"
}