{
  "ticker": "DOCS",
  "name": "Doximity, Inc.",
  "quarters": [
    {
      "date": "2020-12-31T00:00:00",
      "quarter_label": "2020-12 (Q4)",
      "revenue": 58709000,
      "gross_profit": 50837000,
      "operating_income": 17936000,
      "net_income": 17231000,
      "opex": 32901000,
      "cogs": 7872000,
      "rd": 11406000,
      "sga": null,
      "fcf": 23955000,
      "ocf": 23961000,
      "capex": -6000,
      "gross_margin": 0.865914936381134,
      "op_margin": 0.30550682178200955,
      "fcf_margin": 0.40802943330664804
    },
    {
      "date": "2021-03-31T00:00:00",
      "quarter_label": "2021-03 (Q1)",
      "revenue": 66687000,
      "gross_profit": 58694000,
      "operating_income": 22847000,
      "net_income": 21483000,
      "opex": 35847000,
      "cogs": 7993000,
      "rd": 12558000,
      "sga": null,
      "fcf": 37404000,
      "ocf": 37551000,
      "capex": -147000,
      "gross_margin": 0.8801415568251684,
      "op_margin": 0.34260050684541216,
      "fcf_margin": 0.5608889288766926,
      "op_leverage_ratio": 1.5176293069490208,
      "fcf_margin_change": 0.15285949557004458
    },
    {
      "date": "2021-06-30T00:00:00",
      "quarter_label": "2021-06 (Q2)",
      "revenue": 72669000,
      "gross_profit": 64683000,
      "operating_income": 24875000,
      "net_income": 26322000,
      "opex": 39808000,
      "cogs": 7986000,
      "rd": 13241000,
      "sga": null,
      "fcf": 33134000,
      "ocf": 33175000,
      "capex": -41000,
      "gross_margin": 0.8901044461875077,
      "op_margin": 0.34230552229974265,
      "fcf_margin": 0.4559578362162683,
      "op_leverage_ratio": 0.8118077659628633,
      "fcf_margin_change": -0.10493109266042433
    },
    {
      "date": "2021-09-30T00:00:00",
      "quarter_label": "2021-09 (Q3)",
      "revenue": 79350000,
      "gross_profit": 70399000,
      "operating_income": 24951000,
      "net_income": 36088000,
      "opex": 45448000,
      "cogs": 8951000,
      "rd": 15460000,
      "sga": null,
      "fcf": 18952000,
      "ocf": 19152000,
      "capex": -200000,
      "gross_margin": 0.8871959672337744,
      "op_margin": 0.31444234404536864,
      "fcf_margin": 0.23884057971014494,
      "op_leverage_ratio": 0.648908618881943,
      "fcf_margin_change": -0.21711725650612335
    },
    {
      "date": "2021-12-31T00:00:00",
      "quarter_label": "2021-12 (Q4)",
      "revenue": 97876000,
      "gross_profit": 86791000,
      "operating_income": 35789000,
      "net_income": 55647000,
      "opex": 51002000,
      "cogs": 11085000,
      "rd": 16225000,
      "sga": null,
      "fcf": 26673000,
      "ocf": 27284000,
      "capex": -611000,
      "gross_margin": 0.8867444521639626,
      "op_margin": 0.36565654501614286,
      "fcf_margin": 0.2725182884466059,
      "incr_op_margin_yoy": 0.4558173972987464,
      "rev_growth_yoy": 0.667137917525422,
      "op_leverage_ratio": 1.9104849879705448,
      "fcf_margin_change": 0.033677708736460976
    },
    {
      "date": "2022-03-31T00:00:00",
      "quarter_label": "2022-03 (Q1)",
      "revenue": 93653000,
      "gross_profit": 81888000,
      "operating_income": 27921000,
      "net_income": 36726000,
      "opex": 53967000,
      "cogs": 11765000,
      "rd": 17424000,
      "sga": null,
      "fcf": 45904000,
      "ocf": 46964000,
      "capex": -1060000,
      "gross_margin": 0.8743766884136119,
      "op_margin": 0.2981324677266078,
      "fcf_margin": 0.490149808335024,
      "incr_op_margin_yoy": 0.18816287176444413,
      "rev_growth_yoy": 0.4043666681662093,
      "rev_growth_yoy_accel": -0.26277124935921264,
      "fcf_margin_change": 0.21763151988841806
    },
    {
      "date": "2022-06-30T00:00:00",
      "quarter_label": "2022-06 (Q2)",
      "revenue": 90639000,
      "gross_profit": 77562000,
      "operating_income": 21682000,
      "net_income": 22383000,
      "opex": 55880000,
      "cogs": 13077000,
      "rd": 19022000,
      "sga": null,
      "fcf": 44042000,
      "ocf": 44752000,
      "capex": -710000,
      "gross_margin": 0.8557243570648396,
      "op_margin": 0.23921270093447633,
      "fcf_margin": 0.4859056256136983,
      "incr_op_margin_yoy": -0.1776850306065665,
      "rev_growth_yoy": 0.24728563761714073,
      "rev_growth_yoy_accel": -0.15708103054906858,
      "fcf_margin_change": -0.004244182721325651
    },
    {
      "date": "2022-09-30T00:00:00",
      "quarter_label": "2022-09 (Q3)",
      "revenue": 102185000,
      "gross_profit": 88975000,
      "operating_income": 32101000,
      "net_income": 26299000,
      "opex": 56874000,
      "cogs": 13210000,
      "rd": 19104000,
      "sga": null,
      "fcf": 38748000,
      "ocf": 39514000,
      "capex": -766000,
      "gross_margin": 0.8707246660468758,
      "op_margin": 0.314145911826589,
      "fcf_margin": 0.3791945980329794,
      "incr_op_margin_yoy": 0.3131158309612437,
      "rev_growth_yoy": 0.28777567737870197,
      "rev_growth_yoy_accel": 0.040490039761561236,
      "op_leverage_ratio": 7.161210846761745,
      "fcf_margin_change": -0.10671102758071893
    },
    {
      "date": "2022-12-31T00:00:00",
      "quarter_label": "2022-12 (Q4)",
      "revenue": 115262000,
      "gross_profit": 101736000,
      "operating_income": 38484000,
      "net_income": 33468000,
      "opex": 63252000,
      "cogs": 13526000,
      "rd": 20519000,
      "sga": null,
      "fcf": 48493000,
      "ocf": 48697000,
      "capex": -204000,
      "gross_margin": 0.8826499626936891,
      "op_margin": 0.333882806128646,
      "fcf_margin": 0.42071975152261804,
      "incr_op_margin_yoy": 0.1550097779822846,
      "rev_growth_yoy": 0.17763292329069436,
      "rev_growth_yoy_accel": -0.11014275408800761,
      "op_leverage_ratio": 1.14116970350246,
      "fcf_margin_change": 0.041525153489638644
    },
    {
      "date": "2023-03-31T00:00:00",
      "quarter_label": "2023-03 (Q1)",
      "revenue": 110966000,
      "gross_profit": 97289000,
      "operating_income": 32841000,
      "net_income": 30668000,
      "opex": 64448000,
      "cogs": 13677000,
      "rd": 21541000,
      "sga": null,
      "fcf": 46618000,
      "ocf": 46639000,
      "capex": -21000,
      "gross_margin": 0.8767460303155922,
      "op_margin": 0.29595551790638575,
      "fcf_margin": 0.4201106645278734,
      "incr_op_margin_yoy": 0.2841795182810605,
      "rev_growth_yoy": 0.18486327186528995,
      "rev_growth_yoy_accel": 0.007230348574595591,
      "fcf_margin_change": -0.0006090869947446564
    },
    {
      "date": "2023-06-30T00:00:00",
      "quarter_label": "2023-06 (Q2)",
      "revenue": 108469000,
      "gross_profit": 95316000,
      "operating_income": 29683000,
      "net_income": 28406000,
      "opex": 65633000,
      "cogs": 13153000,
      "rd": 21931000,
      "sga": null,
      "fcf": 57130000,
      "ocf": 57200000,
      "capex": -70000,
      "gross_margin": 0.8787395477048742,
      "op_margin": 0.2736542237874416,
      "fcf_margin": 0.526694262876951,
      "incr_op_margin_yoy": 0.4487380818844644,
      "rev_growth_yoy": 0.1967144385970719,
      "rev_growth_yoy_accel": 0.011851166731781965,
      "fcf_margin_change": 0.1065835983490776
    },
    {
      "date": "2023-09-30T00:00:00",
      "quarter_label": "2023-09 (Q3)",
      "revenue": 113612000,
      "gross_profit": 100853000,
      "operating_income": 33792000,
      "net_income": 30602000,
      "opex": 67061000,
      "cogs": 12759000,
      "rd": 19958000,
      "sga": null,
      "fcf": 12857000,
      "ocf": 12898000,
      "capex": -41000,
      "gross_margin": 0.8876967221772348,
      "op_margin": 0.29743336971446677,
      "fcf_margin": 0.11316586276097595,
      "incr_op_margin_yoy": 0.1479828476415507,
      "rev_growth_yoy": 0.11182658902970104,
      "rev_growth_yoy_accel": -0.08488784956737087,
      "op_leverage_ratio": 2.1792393703833026,
      "fcf_margin_change": -0.413528400115975
    },
    {
      "date": "2023-12-31T00:00:00",
      "quarter_label": "2023-12 (Q4)",
      "revenue": 135284000,
      "gross_profit": 123094000,
      "operating_income": 58551000,
      "net_income": 47956000,
      "opex": 64543000,
      "cogs": 12190000,
      "rd": 19946000,
      "sga": null,
      "fcf": 50018000,
      "ocf": 50054000,
      "capex": -36000,
      "gross_margin": 0.9098932615830401,
      "op_margin": 0.4328006268294846,
      "fcf_margin": 0.36972590993761273,
      "incr_op_margin_yoy": 1.0022475277195086,
      "rev_growth_yoy": 0.1737085943329111,
      "rev_growth_yoy_accel": 0.06188200530321007,
      "op_leverage_ratio": Infinity,
      "fcf_margin_change": 0.2565600471766368
    },
    {
      "date": "2024-03-31T00:00:00",
      "quarter_label": "2024-03 (Q1)",
      "revenue": 118057000,
      "gross_profit": 105490000,
      "operating_income": 41852000,
      "net_income": 40618000,
      "opex": 63638000,
      "cogs": 12567000,
      "rd": 20148000,
      "sga": null,
      "fcf": 63944000,
      "ocf": 63944000,
      "capex": null,
      "gross_margin": 0.8935514200767426,
      "op_margin": 0.35450672132952726,
      "fcf_margin": 0.541636667033721,
      "incr_op_margin_yoy": 1.2707657594133408,
      "rev_growth_yoy": 0.06390245660833048,
      "rev_growth_yoy_accel": -0.10980613772458063,
      "fcf_margin_change": 0.1719107570961083
    },
    {
      "date": "2024-06-30T00:00:00",
      "quarter_label": "2024-06 (Q2)",
      "revenue": 126676000,
      "gross_profit": 113126000,
      "operating_income": 46053000,
      "net_income": 41377000,
      "opex": 67073000,
      "cogs": 13550000,
      "rd": 22574000,
      "sga": null,
      "fcf": 41243000,
      "ocf": 41243000,
      "capex": null,
      "gross_margin": 0.8930341974801856,
      "op_margin": 0.363549527929521,
      "fcf_margin": 0.32557864157377875,
      "incr_op_margin_yoy": 0.8991047399351898,
      "rev_growth_yoy": 0.16785441001576487,
      "rev_growth_yoy_accel": 0.10395195340743439,
      "op_leverage_ratio": 1.352554951529039,
      "fcf_margin_change": -0.2160580254599423
    },
    {
      "date": "2024-09-30T00:00:00",
      "quarter_label": "2024-09 (Q3)",
      "revenue": 136832000,
      "gross_profit": 123156000,
      "operating_income": 53142000,
      "net_income": 44154000,
      "opex": 70014000,
      "cogs": 13676000,
      "rd": 23240000,
      "sga": null,
      "fcf": 68346000,
      "ocf": 68346000,
      "capex": null,
      "gross_margin": 0.9000526192703461,
      "op_margin": 0.38837406454630496,
      "fcf_margin": 0.4994884237605239,
      "incr_op_margin_yoy": 0.8333333333333334,
      "rev_growth_yoy": 0.2043798190332007,
      "rev_growth_yoy_accel": 0.03652540901743584,
      "op_leverage_ratio": 1.828441449832217,
      "fcf_margin_change": 0.17390978218674513
    },
    {
      "date": "2024-12-31T00:00:00",
      "quarter_label": "2024-12 (Q4)",
      "revenue": 168603000,
      "gross_profit": 154422000,
      "operating_income": 79925000,
      "net_income": 75196000,
      "opex": 74497000,
      "cogs": 14181000,
      "rd": 22421000,
      "sga": null,
      "fcf": 65189000,
      "ocf": 65189000,
      "capex": null,
      "gross_margin": 0.9158911763135887,
      "op_margin": 0.47404257338244277,
      "fcf_margin": 0.38664199332158977,
      "incr_op_margin_yoy": 0.6414958432125815,
      "rev_growth_yoy": 0.24628928772064693,
      "rev_growth_yoy_accel": 0.041909468687446216,
      "op_leverage_ratio": 3.6262635204411136,
      "fcf_margin_change": -0.11284643043893411
    },
    {
      "date": "2025-03-31T00:00:00",
      "quarter_label": "2025-03 (Q1)",
      "revenue": 138288000,
      "gross_profit": 123821000,
      "operating_income": 48680000,
      "net_income": 62458000,
      "opex": 75141000,
      "cogs": 14467000,
      "rd": 24803000,
      "sga": null,
      "fcf": 98487000,
      "ocf": 98487000,
      "capex": null,
      "gross_margin": 0.8953849936364688,
      "op_margin": 0.35201897489297695,
      "fcf_margin": 0.7121876084692815,
      "incr_op_margin_yoy": 0.3375018535910237,
      "rev_growth_yoy": 0.1713663738702491,
      "rev_growth_yoy_accel": -0.07492291385039782,
      "fcf_margin_change": 0.32554561514769176
    },
    {
      "date": "2025-06-30T00:00:00",
      "quarter_label": "2025-06 (Q2)",
      "revenue": 145913000,
      "gross_profit": 130120000,
      "operating_income": 54517000,
      "net_income": 53320000,
      "opex": 75603000,
      "cogs": 15793000,
      "rd": 26799000,
      "sga": null,
      "fcf": 62101000,
      "ocf": 62101000,
      "capex": null,
      "gross_margin": 0.8917642704899494,
      "op_margin": 0.3736267501867551,
      "fcf_margin": 0.4256029277720285,
      "incr_op_margin_yoy": 0.43998544471591206,
      "rev_growth_yoy": 0.15185986295746629,
      "rev_growth_yoy_accel": -0.019506510912782826,
      "op_leverage_ratio": 8.96789154311499,
      "fcf_margin_change": -0.286584680697253
    },
    {
      "date": "2025-09-30T00:00:00",
      "quarter_label": "2025-09 (Q3)",
      "revenue": 168525000,
      "gross_profit": 152100000,
      "operating_income": 63681000,
      "net_income": 62059000,
      "opex": 88419000,
      "cogs": 16425000,
      "rd": 30202000,
      "sga": null,
      "fcf": 93944000,
      "ocf": 93944000,
      "capex": null,
      "gross_margin": 0.9025367156208278,
      "op_margin": 0.3778727191811304,
      "fcf_margin": 0.5574484497848984,
      "incr_op_margin_yoy": 0.33253399804373207,
      "rev_growth_yoy": 0.23161979653882134,
      "rev_growth_yoy_accel": 0.07975993358135505,
      "op_leverage_ratio": 0.9141795887247058,
      "fcf_margin_change": 0.13184552201286986
    }
  ],
  "signals": [
    {
      "quarter": "2025-09 (Q3)",
      "signal": "FCF MARGIN EXPANSION",
      "detail": "FCF margin: +42.6% -> +55.7% (+13.2%)",
      "severity": "MEDIUM"
    },
    {
      "quarter": "2025-09 (Q3)",
      "signal": "YoY REVENUE GROWTH ACCELERATION",
      "detail": "YoY growth: +23.2% vs prior quarter YoY: +15.2% (accel: +8.0%)",
      "severity": "MEDIUM"
    },
    {
      "quarter": "2025-06 (Q2)",
      "signal": "OPERATING LEVERAGE",
      "detail": "Rev growth +5.5% vs OpEx growth +0.6% (leverage: 9.0x)",
      "severity": "MEDIUM"
    },
    {
      "quarter": "2025-03 (Q1)",
      "signal": "FCF MARGIN EXPANSION",
      "detail": "FCF margin: +38.7% -> +71.2% (+32.6%)",
      "severity": "MEDIUM"
    },
    {
      "quarter": "2025-03 (Q1)",
      "signal": "YoY REVENUE GROWTH DECELERATION",
      "detail": "YoY growth: +17.1% vs prior quarter YoY: +24.6% (decel: -7.5%)",
      "severity": "WARNING"
    },
    {
      "quarter": "2024-12 (Q4)",
      "signal": "OPERATING LEVERAGE",
      "detail": "Rev growth +23.2% vs OpEx growth +6.4% (leverage: 3.6x)",
      "severity": "MEDIUM"
    },
    {
      "quarter": "2024-12 (Q4)",
      "signal": "INCREMENTAL MARGIN (YoY)",
      "detail": "YoY Incr OPM: +64.1% vs year-ago OPM: +43.3%",
      "severity": "HIGH"
    },
    {
      "quarter": "2024-09 (Q3)",
      "signal": "FCF MARGIN EXPANSION",
      "detail": "FCF margin: +32.6% -> +49.9% (+17.4%)",
      "severity": "MEDIUM"
    },
    {
      "quarter": "2024-09 (Q3)",
      "signal": "OPERATING LEVERAGE",
      "detail": "Rev growth +8.0% vs OpEx growth +4.4% (leverage: 1.8x)",
      "severity": "MEDIUM"
    },
    {
      "quarter": "2024-09 (Q3)",
      "signal": "INCREMENTAL MARGIN (YoY)",
      "detail": "YoY Incr OPM: +83.3% vs year-ago OPM: +29.7%",
      "severity": "HIGH"
    },
    {
      "quarter": "2024-06 (Q2)",
      "signal": "YoY REVENUE GROWTH ACCELERATION",
      "detail": "YoY growth: +16.8% vs prior quarter YoY: +6.4% (accel: +10.4%)",
      "severity": "MEDIUM"
    },
    {
      "quarter": "2024-06 (Q2)",
      "signal": "INCREMENTAL MARGIN (YoY)",
      "detail": "YoY Incr OPM: +89.9% vs year-ago OPM: +27.4%",
      "severity": "HIGH"
    },
    {
      "quarter": "2024-03 (Q1)",
      "signal": "FCF MARGIN EXPANSION",
      "detail": "FCF margin: +37.0% -> +54.2% (+17.2%)",
      "severity": "MEDIUM"
    },
    {
      "quarter": "2024-03 (Q1)",
      "signal": "YoY REVENUE GROWTH DECELERATION",
      "detail": "YoY growth: +6.4% vs prior quarter YoY: +17.4% (decel: -11.0%)",
      "severity": "WARNING"
    },
    {
      "quarter": "2024-03 (Q1)",
      "signal": "INCREMENTAL MARGIN (YoY)",
      "detail": "YoY Incr OPM: +127.1% vs year-ago OPM: +29.6%",
      "severity": "HIGH"
    },
    {
      "quarter": "2023-12 (Q4)",
      "signal": "FCF MARGIN EXPANSION",
      "detail": "FCF margin: +11.3% -> +37.0% (+25.7%)",
      "severity": "MEDIUM"
    },
    {
      "quarter": "2023-12 (Q4)",
      "signal": "YoY REVENUE GROWTH ACCELERATION",
      "detail": "YoY growth: +17.4% vs prior quarter YoY: +11.2% (accel: +6.2%)",
      "severity": "MEDIUM"
    },
    {
      "quarter": "2023-12 (Q4)",
      "signal": "INCREMENTAL MARGIN (YoY)",
      "detail": "YoY Incr OPM: +100.2% vs year-ago OPM: +33.4%",
      "severity": "HIGH"
    },
    {
      "quarter": "2023-09 (Q3)",
      "signal": "OPERATING LEVERAGE",
      "detail": "Rev growth +4.7% vs OpEx growth +2.2% (leverage: 2.2x)",
      "severity": "MEDIUM"
    },
    {
      "quarter": "2023-09 (Q3)",
      "signal": "YoY REVENUE GROWTH DECELERATION",
      "detail": "YoY growth: +11.2% vs prior quarter YoY: +19.7% (decel: -8.5%)",
      "severity": "WARNING"
    },
    {
      "quarter": "2023-06 (Q2)",
      "signal": "FCF MARGIN EXPANSION",
      "detail": "FCF margin: +42.0% -> +52.7% (+10.7%)",
      "severity": "MEDIUM"
    },
    {
      "quarter": "2023-06 (Q2)",
      "signal": "INCREMENTAL MARGIN (YoY)",
      "detail": "YoY Incr OPM: +44.9% vs year-ago OPM: +23.9%",
      "severity": "HIGH"
    },
    {
      "quarter": "2022-12 (Q4)",
      "signal": "YoY REVENUE GROWTH DECELERATION",
      "detail": "YoY growth: +17.8% vs prior quarter YoY: +28.8% (decel: -11.0%)",
      "severity": "WARNING"
    },
    {
      "quarter": "2022-09 (Q3)",
      "signal": "OPERATING LEVERAGE",
      "detail": "Rev growth +12.7% vs OpEx growth +1.8% (leverage: 7.2x)",
      "severity": "MEDIUM"
    },
    {
      "quarter": "2022-06 (Q2)",
      "signal": "YoY REVENUE GROWTH DECELERATION",
      "detail": "YoY growth: +24.7% vs prior quarter YoY: +40.4% (decel: -15.7%)",
      "severity": "WARNING"
    },
    {
      "quarter": "2022-03 (Q1)",
      "signal": "FCF MARGIN EXPANSION",
      "detail": "FCF margin: +27.3% -> +49.0% (+21.8%)",
      "severity": "MEDIUM"
    },
    {
      "quarter": "2022-03 (Q1)",
      "signal": "YoY REVENUE GROWTH DECELERATION",
      "detail": "YoY growth: +40.4% vs prior quarter YoY: +66.7% (decel: -26.3%)",
      "severity": "WARNING"
    },
    {
      "quarter": "2021-12 (Q4)",
      "signal": "OPERATING LEVERAGE",
      "detail": "Rev growth +23.3% vs OpEx growth +12.2% (leverage: 1.9x)",
      "severity": "MEDIUM"
    },
    {
      "quarter": "2021-12 (Q4)",
      "signal": "INCREMENTAL MARGIN (YoY)",
      "detail": "YoY Incr OPM: +45.6% vs year-ago OPM: +30.6%",
      "severity": "MEDIUM"
    },
    {
      "quarter": "2021-03 (Q1)",
      "signal": "FCF MARGIN EXPANSION",
      "detail": "FCF margin: +40.8% -> +56.1% (+15.3%)",
      "severity": "MEDIUM"
    },
    {
      "quarter": "2021-03 (Q1)",
      "signal": "OPERATING LEVERAGE",
      "detail": "Rev growth +13.6% vs OpEx growth +9.0% (leverage: 1.5x)",
      "severity": "MEDIUM"
    }
  ],
  "data_quality": {
    "n_quarters": 20,
    "coverage": {
      "revenue": [
        20,
        20
      ],
      "gross_profit": [
        20,
        20
      ],
      "op_income": [
        20,
        20
      ],
      "fcf": [
        20,
        20
      ]
    },
    "gaps": [],
    "warnings": []
  },
  "market_cap": null,
  "source": "SEC EDGAR",
  "last_updated": "2026-02-02T20:49:21.893961",
  "sector": "Healthcare",
  "industry": "Health Information Services"
}