{
  "ticker": "DOCU",
  "name": "DOCUSIGN, INC.",
  "quarters": [
    {
      "date": "2021-01-31T00:00:00",
      "quarter_label": "2021-01 (Q1)",
      "revenue": 430898000,
      "gross_profit": 329318000,
      "operating_income": -24897000,
      "net_income": -72412000,
      "opex": 354215000,
      "cogs": 101580000,
      "rd": 80135000,
      "sga": null,
      "fcf": 43982000,
      "ocf": 62233000,
      "capex": -18251000,
      "gross_margin": 0.7642597552088893,
      "op_margin": -0.057779335248713155,
      "fcf_margin": 0.10207055962199871
    },
    {
      "date": "2021-04-30T00:00:00",
      "quarter_label": "2021-04 (Q2)",
      "revenue": 469078000,
      "gross_profit": 363836000,
      "operating_income": -10737000,
      "net_income": -8354000,
      "opex": 374573000,
      "cogs": 105242000,
      "rd": 85416000,
      "sga": null,
      "fcf": 123001000,
      "ocf": 135597000,
      "capex": -12596000,
      "gross_margin": 0.7756407249966957,
      "op_margin": -0.022889583395512048,
      "fcf_margin": 0.2622186502031645,
      "op_leverage_ratio": 1.5416766123229817,
      "fcf_margin_change": 0.16014809058116578
    },
    {
      "date": "2021-07-31T00:00:00",
      "quarter_label": "2021-07 (Q3)",
      "revenue": 511844000,
      "gross_profit": 398064000,
      "operating_income": -22611000,
      "net_income": -25501000,
      "opex": 420675000,
      "cogs": 113780000,
      "rd": 94651000,
      "sga": null,
      "fcf": 161731000,
      "ocf": 177669000,
      "capex": -15938000,
      "gross_margin": 0.7777057072076649,
      "op_margin": -0.04417556911871586,
      "fcf_margin": 0.3159771336579114,
      "op_leverage_ratio": 0.7407476284911968,
      "fcf_margin_change": 0.05375848345474693
    },
    {
      "date": "2021-10-31T00:00:00",
      "quarter_label": "2021-10 (Q4)",
      "revenue": 545463000,
      "gross_profit": 429488000,
      "operating_income": -3358000,
      "net_income": -5676000,
      "opex": 432846000,
      "cogs": 115975000,
      "rd": 102603000,
      "sga": null,
      "fcf": 90017000,
      "ocf": 105409000,
      "capex": -15392000,
      "gross_margin": 0.787382462238502,
      "op_margin": -0.006156237911645703,
      "fcf_margin": 0.16502860872323147,
      "op_leverage_ratio": 2.2702182753115268,
      "fcf_margin_change": -0.15094852493467995
    },
    {
      "date": "2022-01-31T00:00:00",
      "quarter_label": "2022-01 (Q1)",
      "revenue": 580828000,
      "gross_profit": 449374000,
      "operating_income": -25178000,
      "net_income": -30445000,
      "opex": 474552000,
      "cogs": 131454000,
      "rd": 110692000,
      "sga": null,
      "fcf": 70322000,
      "ocf": 87792000,
      "capex": -17470000,
      "gross_margin": 0.7736782661992879,
      "op_margin": -0.04334846116234066,
      "fcf_margin": 0.12107198688768447,
      "incr_op_margin_yoy": -0.001874207963716401,
      "rev_growth_yoy": 0.3479477741832174,
      "op_leverage_ratio": 0.6728887002064444,
      "fcf_margin_change": -0.043956621835546994
    },
    {
      "date": "2022-04-30T00:00:00",
      "quarter_label": "2022-04 (Q2)",
      "revenue": 588692000,
      "gross_profit": 456276000,
      "operating_income": -19226000,
      "net_income": -27373000,
      "opex": 475502000,
      "cogs": 132416000,
      "rd": 112227000,
      "sga": null,
      "fcf": 174577000,
      "ocf": 196286000,
      "capex": -21709000,
      "gross_margin": 0.7750674376414152,
      "op_margin": -0.032658843673771684,
      "fcf_margin": 0.29655065806907516,
      "incr_op_margin_yoy": -0.07096995334994231,
      "rev_growth_yoy": 0.2549981026609647,
      "rev_growth_yoy_accel": -0.0929496715222527,
      "op_leverage_ratio": 6.763261246286156,
      "fcf_margin_change": 0.17547867118139068
    },
    {
      "date": "2022-07-31T00:00:00",
      "quarter_label": "2022-07 (Q3)",
      "revenue": 622184000,
      "gross_profit": 485480000,
      "operating_income": -41090000,
      "net_income": -45078000,
      "opex": 526570000,
      "cogs": 136704000,
      "rd": 126532000,
      "sga": null,
      "fcf": 105475000,
      "ocf": 120879000,
      "capex": -15404000,
      "gross_margin": 0.7802836459953969,
      "op_margin": -0.06604155683849151,
      "fcf_margin": 0.16952380646239698,
      "incr_op_margin_yoy": -0.16747326445531993,
      "rev_growth_yoy": 0.2155734950492728,
      "rev_growth_yoy_accel": -0.039424607611691864,
      "op_leverage_ratio": 0.5297322905500165,
      "fcf_margin_change": -0.12702685160667818
    },
    {
      "date": "2022-10-31T00:00:00",
      "quarter_label": "2022-10 (Q4)",
      "revenue": 645463000,
      "gross_profit": 515921000,
      "operating_income": -27431000,
      "net_income": -29866000,
      "opex": 543352000,
      "cogs": 129542000,
      "rd": 115934000,
      "sga": null,
      "fcf": 36060000,
      "ocf": 52537000,
      "capex": -16477000,
      "gross_margin": 0.7993037555986943,
      "op_margin": -0.04249817572812074,
      "fcf_margin": 0.055866873856441034,
      "incr_op_margin_yoy": -0.24073,
      "rev_growth_yoy": 0.1833304917107118,
      "rev_growth_yoy_accel": -0.032243003338561005,
      "op_leverage_ratio": 1.173972374971403,
      "fcf_margin_change": -0.11365693260595594
    },
    {
      "date": "2023-01-31T00:00:00",
      "quarter_label": "2023-01 (Q1)",
      "revenue": 659576000,
      "gross_profit": 522150000,
      "operating_income": -284000,
      "net_income": 4863000,
      "opex": 522434000,
      "cogs": 137426000,
      "rd": 125891000,
      "sga": null,
      "fcf": 112993000,
      "ocf": 137057000,
      "capex": -24064000,
      "gross_margin": 0.7916449355343432,
      "op_margin": -0.0004305796451053404,
      "fcf_margin": 0.17131156985699905,
      "incr_op_margin_yoy": 0.3161223142175039,
      "rev_growth_yoy": 0.13557886327794114,
      "rev_growth_yoy_accel": -0.04775162843277067,
      "op_leverage_ratio": Infinity,
      "fcf_margin_change": 0.11544469600055801
    },
    {
      "date": "2023-04-30T00:00:00",
      "quarter_label": "2023-04 (Q2)",
      "revenue": 661388000,
      "gross_profit": 524901000,
      "operating_income": -4651000,
      "net_income": 539000,
      "opex": 529552000,
      "cogs": 136487000,
      "rd": 115364000,
      "sga": null,
      "fcf": 214578000,
      "ocf": 233635000,
      "capex": -19057000,
      "gross_margin": 0.7936355059360013,
      "op_margin": -0.007032180807634853,
      "fcf_margin": 0.3244358833241607,
      "incr_op_margin_yoy": 0.20049246175855617,
      "rev_growth_yoy": 0.12348732444130377,
      "rev_growth_yoy_accel": -0.01209153883663737,
      "fcf_margin_change": 0.15312431346716163
    },
    {
      "date": "2023-07-31T00:00:00",
      "quarter_label": "2023-07 (Q3)",
      "revenue": 687687000,
      "gross_profit": 542105000,
      "operating_income": 6612000,
      "net_income": 7395000,
      "opex": 535493000,
      "cogs": 145582000,
      "rd": 135960000,
      "sga": null,
      "fcf": 183637000,
      "ocf": 211016000,
      "capex": -27379000,
      "gross_margin": 0.7883019455071857,
      "op_margin": 0.009614839309162453,
      "fcf_margin": 0.267035729917826,
      "incr_op_margin_yoy": 0.7282414545898661,
      "rev_growth_yoy": 0.1052791457189513,
      "rev_growth_yoy_accel": -0.01820817872235246,
      "op_leverage_ratio": 3.5443123200927262,
      "fcf_margin_change": -0.0574001534063347
    },
    {
      "date": "2023-10-31T00:00:00",
      "quarter_label": "2023-10 (Q4)",
      "revenue": 700421000,
      "gross_profit": 557776000,
      "operating_income": 19738000,
      "net_income": 38805000,
      "opex": 538038000,
      "cogs": 142645000,
      "rd": 136640000,
      "sga": null,
      "fcf": 240336000,
      "ocf": 264177000,
      "capex": -23841000,
      "gross_margin": 0.796343913160799,
      "op_margin": 0.02818019448303235,
      "fcf_margin": 0.34313077420579907,
      "incr_op_margin_yoy": 0.8582735907420211,
      "rev_growth_yoy": 0.08514508190244832,
      "rev_growth_yoy_accel": -0.020134063816502984,
      "op_leverage_ratio": 3.8961892378489695,
      "fcf_margin_change": 0.07609504428797309
    },
    {
      "date": "2024-01-31T00:00:00",
      "quarter_label": "2024-01 (Q1)",
      "revenue": 712386000,
      "gross_profit": 564479000,
      "operating_income": 9935000,
      "net_income": 27241000,
      "opex": 554544000,
      "cogs": 147907000,
      "rd": 151524000,
      "sga": null,
      "fcf": 248584000,
      "ocf": 270698000,
      "capex": -22114000,
      "gross_margin": 0.7923780085515437,
      "op_margin": 0.013946091023686597,
      "fcf_margin": 0.34894565586634213,
      "incr_op_margin_yoy": 0.19350501798901723,
      "rev_growth_yoy": 0.08006658823244023,
      "rev_growth_yoy_accel": -0.005078493670008094,
      "op_leverage_ratio": 0.5568325999018222,
      "fcf_margin_change": 0.005814881660543059
    },
    {
      "date": "2024-04-30T00:00:00",
      "quarter_label": "2024-04 (Q2)",
      "revenue": 709640000,
      "gross_profit": 560194000,
      "operating_income": 22628000,
      "net_income": 33760000,
      "opex": 537566000,
      "cogs": 149446000,
      "rd": 134320000,
      "sga": null,
      "fcf": 232073000,
      "ocf": 254826000,
      "capex": -22753000,
      "gross_margin": 0.7894058959472409,
      "op_margin": 0.031886590383856606,
      "fcf_margin": 0.32702919790316215,
      "incr_op_margin_yoy": 0.5653444416811738,
      "rev_growth_yoy": 0.0729556629391522,
      "rev_growth_yoy_accel": -0.007110925293288023,
      "fcf_margin_change": -0.02191645796317998
    },
    {
      "date": "2024-07-31T00:00:00",
      "quarter_label": "2024-07 (Q3)",
      "revenue": 736027000,
      "gross_profit": 580562000,
      "operating_income": 57801000,
      "net_income": 888211000,
      "opex": 522761000,
      "cogs": 155465000,
      "rd": 147571000,
      "sga": null,
      "fcf": 197928000,
      "ocf": 220208000,
      "capex": -22280000,
      "gross_margin": 0.7887781290632001,
      "op_margin": 0.07853108649546824,
      "fcf_margin": 0.26891404799008733,
      "incr_op_margin_yoy": 1.0589366983864295,
      "rev_growth_yoy": 0.07029360741151135,
      "rev_growth_yoy_accel": -0.002662055527640858,
      "op_leverage_ratio": Infinity,
      "fcf_margin_change": -0.058115149913074815
    },
    {
      "date": "2024-10-31T00:00:00",
      "quarter_label": "2024-10 (Q4)",
      "revenue": 754820000,
      "gross_profit": 598283000,
      "operating_income": 59030000,
      "net_income": 62423000,
      "opex": 539253000,
      "cogs": 156537000,
      "rd": 151101000,
      "sga": null,
      "fcf": 210713000,
      "ocf": 234326000,
      "capex": -23613000,
      "gross_margin": 0.7926167828091466,
      "op_margin": 0.07820407514374288,
      "fcf_margin": 0.27915662012135345,
      "incr_op_margin_yoy": 0.7222926892038457,
      "rev_growth_yoy": 0.0776661465033173,
      "rev_growth_yoy_accel": 0.007372539091805949,
      "op_leverage_ratio": 0.809342267218978,
      "fcf_margin_change": 0.010242572131266114
    },
    {
      "date": "2025-01-31T00:00:00",
      "quarter_label": "2025-01 (Q1)",
      "revenue": 776252000,
      "gross_profit": 616041000,
      "operating_income": 60469000,
      "net_income": 83491000,
      "opex": 555572000,
      "cogs": 160211000,
      "rd": 155463000,
      "sga": null,
      "fcf": 279570000,
      "ocf": 307912000,
      "capex": -28342000,
      "gross_margin": 0.793609549476201,
      "op_margin": 0.07789867208071606,
      "fcf_margin": 0.3601536614398417,
      "incr_op_margin_yoy": 0.7912504305890458,
      "rev_growth_yoy": 0.08965083536172805,
      "rev_growth_yoy_accel": 0.011984688858410752,
      "op_leverage_ratio": 0.9382494730488959,
      "fcf_margin_change": 0.08099704131848823
    },
    {
      "date": "2025-04-30T00:00:00",
      "quarter_label": "2025-04 (Q2)",
      "revenue": 763654000,
      "gross_profit": 606385000,
      "operating_income": 60255000,
      "net_income": 72087000,
      "opex": 546130000,
      "cogs": 157269000,
      "rd": 159447000,
      "sga": null,
      "fcf": 227815000,
      "ocf": 251439000,
      "capex": -23624000,
      "gross_margin": 0.7940572562966998,
      "op_margin": 0.0789035348469333,
      "fcf_margin": 0.2983222768426539,
      "incr_op_margin_yoy": 0.696615692227941,
      "rev_growth_yoy": 0.07611464968152866,
      "rev_growth_yoy_accel": -0.013536185680199389,
      "fcf_margin_change": -0.06183138459718779
    },
    {
      "date": "2025-07-31T00:00:00",
      "quarter_label": "2025-07 (Q3)",
      "revenue": 800636000,
      "gross_profit": 635173000,
      "operating_income": 65227000,
      "net_income": 62970000,
      "opex": 569946000,
      "cogs": 165463000,
      "rd": 169630000,
      "sga": null,
      "fcf": 217648000,
      "ocf": 246073000,
      "capex": -28425000,
      "gross_margin": 0.7933355482391499,
      "op_margin": 0.08146898215918345,
      "fcf_margin": 0.27184388411213084,
      "incr_op_margin_yoy": 0.11493754740051695,
      "rev_growth_yoy": 0.08778074717367705,
      "rev_growth_yoy_accel": 0.011666097492148392,
      "op_leverage_ratio": 1.1105061692414873,
      "fcf_margin_change": -0.026478392730523048
    },
    {
      "date": "2025-10-31T00:00:00",
      "quarter_label": "2025-10 (Q4)",
      "revenue": 818350000,
      "gross_profit": 647804000,
      "operating_income": 85355000,
      "net_income": 83725000,
      "opex": 562449000,
      "cogs": 170546000,
      "rd": 167626000,
      "sga": null,
      "fcf": 262900000,
      "ocf": 290274000,
      "capex": -27374000,
      "gross_margin": 0.7915977271338669,
      "op_margin": 0.10430133805828802,
      "fcf_margin": 0.32125618622838636,
      "incr_op_margin_yoy": 0.4143711632299701,
      "rev_growth_yoy": 0.08416576137357251,
      "rev_growth_yoy_accel": -0.0036149858001045393,
      "op_leverage_ratio": Infinity,
      "fcf_margin_change": 0.049412302116255524
    }
  ],
  "signals": [
    {
      "quarter": "2025-10 (Q4)",
      "signal": "INCREMENTAL MARGIN (YoY)",
      "detail": "YoY Incr OPM: +41.4% vs year-ago OPM: +7.8%",
      "severity": "HIGH"
    },
    {
      "quarter": "2025-04 (Q2)",
      "signal": "INCREMENTAL MARGIN (YoY)",
      "detail": "YoY Incr OPM: +69.7% vs year-ago OPM: +3.2%",
      "severity": "HIGH"
    },
    {
      "quarter": "2025-01 (Q1)",
      "signal": "FCF MARGIN EXPANSION",
      "detail": "FCF margin: +27.9% -> +36.0% (+8.1%)",
      "severity": "MEDIUM"
    },
    {
      "quarter": "2025-01 (Q1)",
      "signal": "INCREMENTAL MARGIN (YoY)",
      "detail": "YoY Incr OPM: +79.1% vs year-ago OPM: +1.4%",
      "severity": "HIGH"
    },
    {
      "quarter": "2024-10 (Q4)",
      "signal": "INCREMENTAL MARGIN (YoY)",
      "detail": "YoY Incr OPM: +72.2% vs year-ago OPM: +2.8%",
      "severity": "HIGH"
    },
    {
      "quarter": "2024-07 (Q3)",
      "signal": "INCREMENTAL MARGIN (YoY)",
      "detail": "YoY Incr OPM: +105.9% vs year-ago OPM: +1.0%",
      "severity": "HIGH"
    },
    {
      "quarter": "2024-04 (Q2)",
      "signal": "OP MARGIN TURNED POSITIVE (YoY)",
      "detail": "Op margin: -0.7% (year-ago) -> +3.2%",
      "severity": "HIGH"
    },
    {
      "quarter": "2024-01 (Q1)",
      "signal": "OP MARGIN TURNED POSITIVE (YoY)",
      "detail": "Op margin: -0.0% (year-ago) -> +1.4%",
      "severity": "HIGH"
    },
    {
      "quarter": "2023-10 (Q4)",
      "signal": "FCF MARGIN EXPANSION",
      "detail": "FCF margin: +26.7% -> +34.3% (+7.6%)",
      "severity": "MEDIUM"
    },
    {
      "quarter": "2023-10 (Q4)",
      "signal": "OPERATING LEVERAGE",
      "detail": "Rev growth +1.9% vs OpEx growth +0.5% (leverage: 3.9x)",
      "severity": "MEDIUM"
    },
    {
      "quarter": "2023-10 (Q4)",
      "signal": "OP MARGIN TURNED POSITIVE (YoY)",
      "detail": "Op margin: -4.2% (year-ago) -> +2.8%",
      "severity": "HIGH"
    },
    {
      "quarter": "2023-07 (Q3)",
      "signal": "OPERATING LEVERAGE",
      "detail": "Rev growth +4.0% vs OpEx growth +1.1% (leverage: 3.5x)",
      "severity": "MEDIUM"
    },
    {
      "quarter": "2023-07 (Q3)",
      "signal": "OP MARGIN TURNED POSITIVE (YoY)",
      "detail": "Op margin: -6.6% (year-ago) -> +1.0%",
      "severity": "HIGH"
    },
    {
      "quarter": "2023-07 (Q3)",
      "signal": "OP MARGIN TURNED POSITIVE (QoQ)",
      "detail": "Op margin: -0.7% -> +1.0%",
      "severity": "HIGH"
    },
    {
      "quarter": "2023-04 (Q2)",
      "signal": "FCF MARGIN EXPANSION",
      "detail": "FCF margin: +17.1% -> +32.4% (+15.3%)",
      "severity": "MEDIUM"
    },
    {
      "quarter": "2023-01 (Q1)",
      "signal": "FCF MARGIN EXPANSION",
      "detail": "FCF margin: +5.6% -> +17.1% (+11.5%)",
      "severity": "MEDIUM"
    },
    {
      "quarter": "2022-04 (Q2)",
      "signal": "FCF MARGIN EXPANSION",
      "detail": "FCF margin: +12.1% -> +29.7% (+17.5%)",
      "severity": "MEDIUM"
    },
    {
      "quarter": "2022-04 (Q2)",
      "signal": "OPERATING LEVERAGE",
      "detail": "Rev growth +1.4% vs OpEx growth +0.2% (leverage: 6.8x)",
      "severity": "MEDIUM"
    },
    {
      "quarter": "2022-04 (Q2)",
      "signal": "YoY REVENUE GROWTH DECELERATION",
      "detail": "YoY growth: +25.5% vs prior quarter YoY: +34.8% (decel: -9.3%)",
      "severity": "WARNING"
    },
    {
      "quarter": "2021-10 (Q4)",
      "signal": "OPERATING LEVERAGE",
      "detail": "Rev growth +6.6% vs OpEx growth +2.9% (leverage: 2.3x)",
      "severity": "MEDIUM"
    },
    {
      "quarter": "2021-07 (Q3)",
      "signal": "FCF MARGIN EXPANSION",
      "detail": "FCF margin: +26.2% -> +31.6% (+5.4%)",
      "severity": "MEDIUM"
    },
    {
      "quarter": "2021-04 (Q2)",
      "signal": "FCF MARGIN EXPANSION",
      "detail": "FCF margin: +10.2% -> +26.2% (+16.0%)",
      "severity": "MEDIUM"
    },
    {
      "quarter": "2021-04 (Q2)",
      "signal": "OPERATING LEVERAGE",
      "detail": "Rev growth +8.9% vs OpEx growth +5.7% (leverage: 1.5x)",
      "severity": "MEDIUM"
    }
  ],
  "data_quality": {
    "n_quarters": 20,
    "coverage": {
      "revenue": [
        20,
        20
      ],
      "gross_profit": [
        20,
        20
      ],
      "op_income": [
        20,
        20
      ],
      "fcf": [
        20,
        20
      ]
    },
    "gaps": [],
    "warnings": []
  },
  "market_cap": null,
  "source": "SEC EDGAR",
  "last_updated": "2026-02-02T20:35:10.066801"
}