{
  "ticker": "DORM",
  "name": "DORMAN PRODUCTS, INC.",
  "quarters": [
    {
      "date": "2020-12-26T00:00:00",
      "quarter_label": "2020-12 (Q4)",
      "revenue": 301216000,
      "gross_profit": 111370000,
      "operating_income": 45915000,
      "net_income": 35951000,
      "opex": 65455000,
      "cogs": 189846000,
      "rd": null,
      "sga": 65455000,
      "fcf": 2858000,
      "ocf": 6247000,
      "capex": -3389000,
      "gross_margin": 0.36973467544884736,
      "op_margin": 0.1524321417188994,
      "fcf_margin": 0.009488207797726548
    },
    {
      "date": "2021-03-27T00:00:00",
      "quarter_label": "2021-03 (Q1)",
      "revenue": 288012000,
      "gross_profit": 104520000,
      "operating_income": 41651000,
      "net_income": 32730000,
      "opex": 62869000,
      "cogs": 183492000,
      "rd": null,
      "sga": 62869000,
      "fcf": 14813000,
      "ocf": 21020000,
      "capex": -6207000,
      "gross_margin": 0.3629015457689263,
      "op_margin": 0.14461550213185562,
      "fcf_margin": 0.051431884782578506,
      "fcf_margin_change": 0.041943676984851956
    },
    {
      "date": "2021-06-26T00:00:00",
      "quarter_label": "2021-06 (Q2)",
      "revenue": 310635000,
      "gross_profit": 110125000,
      "operating_income": 40608000,
      "net_income": 31618000,
      "opex": 69517000,
      "cogs": 200510000,
      "rd": null,
      "sga": 69517000,
      "fcf": 14121000,
      "ocf": 18067000,
      "capex": -3946000,
      "gross_margin": 0.35451574999597596,
      "op_margin": 0.1307257714037375,
      "fcf_margin": 0.04545849630595393,
      "op_leverage_ratio": 0.7428226782793999,
      "fcf_margin_change": -0.005973388476624576
    },
    {
      "date": "2021-09-25T00:00:00",
      "quarter_label": "2021-09 (Q3)",
      "revenue": 348426000,
      "gross_profit": 116854000,
      "operating_income": 44191000,
      "net_income": 33104000,
      "opex": 72663000,
      "cogs": 231572000,
      "rd": null,
      "sga": 72663000,
      "fcf": 33393000,
      "ocf": 38514000,
      "capex": -5121000,
      "gross_margin": 0.3353768088489378,
      "op_margin": 0.12683037431190555,
      "fcf_margin": 0.09583957569182552,
      "op_leverage_ratio": 2.6882539990398233,
      "fcf_margin_change": 0.050381079385871594
    },
    {
      "date": "2021-12-25T00:00:00",
      "quarter_label": "2021-12 (Q4)",
      "revenue": 398176000,
      "gross_profit": 131417000,
      "operating_income": 45101000,
      "net_income": 34080000,
      "opex": 86316000,
      "cogs": 266759000,
      "rd": null,
      "sga": 86316000,
      "fcf": 18171000,
      "ocf": 22737000,
      "capex": -4566000,
      "gross_margin": 0.33004751667604276,
      "op_margin": 0.1132690066704171,
      "fcf_margin": 0.0456355983283774,
      "incr_op_margin_yoy": -0.008395214521452145,
      "rev_growth_yoy": 0.3218952512482737,
      "op_leverage_ratio": 0.7599198065053361,
      "fcf_margin_change": -0.05020397736344812
    },
    {
      "date": "2022-03-26T00:00:00",
      "quarter_label": "2022-03 (Q1)",
      "revenue": 401579000,
      "gross_profit": 133240000,
      "operating_income": 46712000,
      "net_income": 35207000,
      "opex": 86528000,
      "cogs": 268339000,
      "rd": null,
      "sga": 86528000,
      "fcf": 15967000,
      "ocf": 23214000,
      "capex": -7247000,
      "gross_margin": 0.33179025795671585,
      "op_margin": 0.11632082354904016,
      "fcf_margin": 0.03976054524763496,
      "incr_op_margin_yoy": 0.04456400186673946,
      "rev_growth_yoy": 0.3943134313848034,
      "rev_growth_yoy_accel": 0.07241818013652973,
      "fcf_margin_change": -0.005875053080742439
    },
    {
      "date": "2022-06-25T00:00:00",
      "quarter_label": "2022-06 (Q2)",
      "revenue": 417419000,
      "gross_profit": 141525000,
      "operating_income": 49467000,
      "net_income": 37905000,
      "opex": 92058000,
      "cogs": 275894000,
      "rd": null,
      "sga": 92058000,
      "fcf": 5319000,
      "ocf": 14172000,
      "capex": -8853000,
      "gross_margin": 0.33904781526475797,
      "op_margin": 0.11850682407844396,
      "fcf_margin": 0.012742591975928265,
      "incr_op_margin_yoy": 0.082961866946359,
      "rev_growth_yoy": 0.3437603618394579,
      "rev_growth_yoy_accel": -0.0505530695453455,
      "op_leverage_ratio": 0.617185504704807,
      "fcf_margin_change": -0.027017953271706696
    },
    {
      "date": "2022-09-24T00:00:00",
      "quarter_label": "2022-09 (Q3)",
      "revenue": 413470000,
      "gross_profit": 131911000,
      "operating_income": 42097000,
      "net_income": 30601000,
      "opex": 89814000,
      "cogs": 281559000,
      "rd": null,
      "sga": 89814000,
      "fcf": -15722000,
      "ocf": -8042000,
      "capex": -7680000,
      "gross_margin": 0.31903402907103295,
      "op_margin": 0.10181391636636274,
      "fcf_margin": -0.03802452414927322,
      "incr_op_margin_yoy": -0.03219359203001045,
      "rev_growth_yoy": 0.18667952449013564,
      "rev_growth_yoy_accel": -0.15708083734932227,
      "fcf_margin_change": -0.05076711612520149
    },
    {
      "date": "2022-12-31T00:00:00",
      "quarter_label": "2022-12 (Q4)",
      "revenue": 501281000,
      "gross_profit": 157774000,
      "operating_income": 32772000,
      "net_income": 17836000,
      "opex": 125002000,
      "cogs": 343507000,
      "rd": null,
      "sga": 125002000,
      "fcf": -1759000,
      "ocf": 12344000,
      "capex": -14103000,
      "gross_margin": 0.31474163193897237,
      "op_margin": 0.06537650539318267,
      "fcf_margin": -0.003509009916593687,
      "incr_op_margin_yoy": -0.11957713011008196,
      "rev_growth_yoy": 0.25894328136301537,
      "rev_growth_yoy_accel": 0.07226375687287973,
      "op_leverage_ratio": 0.5420687540272194,
      "fcf_margin_change": 0.03451551423267954
    },
    {
      "date": "2023-04-01T00:00:00",
      "quarter_label": "2023-04 (Q2)",
      "revenue": 466738000,
      "gross_profit": 144477000,
      "operating_income": 18114000,
      "net_income": 5683000,
      "opex": 126363000,
      "cogs": 322261000,
      "rd": null,
      "sga": 126363000,
      "fcf": 15673000,
      "ocf": 26210000,
      "capex": -10537000,
      "gross_margin": 0.30954625507243894,
      "op_margin": 0.038809781933333044,
      "fcf_margin": 0.033579867077461016,
      "incr_op_margin_yoy": -0.4388956245491797,
      "rev_growth_yoy": 0.1622569905298833,
      "rev_growth_yoy_accel": -0.09668629083313207,
      "fcf_margin_change": 0.037088876994054706
    },
    {
      "date": "2023-07-01T00:00:00",
      "quarter_label": "2023-07 (Q3)",
      "revenue": 480568000,
      "gross_profit": 163506000,
      "operating_income": 55198000,
      "net_income": 32770000,
      "opex": 108308000,
      "cogs": 317062000,
      "rd": null,
      "sga": 108308000,
      "fcf": 53944000,
      "ocf": 66676000,
      "capex": -12732000,
      "gross_margin": 0.34023488871502056,
      "op_margin": 0.11485991576634316,
      "fcf_margin": 0.11225050357077458,
      "incr_op_margin_yoy": 0.09075361446737082,
      "rev_growth_yoy": 0.15128444081366685,
      "rev_growth_yoy_accel": -0.010972549716216445,
      "op_leverage_ratio": Infinity,
      "fcf_margin_change": 0.07867063649331357
    },
    {
      "date": "2023-09-30T00:00:00",
      "quarter_label": "2023-09 (Q3)",
      "revenue": 488186000,
      "gross_profit": 183218000,
      "operating_income": 64208000,
      "net_income": 40522000,
      "opex": 119010000,
      "cogs": 304968000,
      "rd": null,
      "sga": 119010000,
      "fcf": 46557000,
      "ocf": 56224000,
      "capex": -9667000,
      "gross_margin": 0.37530367523853614,
      "op_margin": 0.13152364057961516,
      "fcf_margin": 0.09536733949765049,
      "incr_op_margin_yoy": 0.29593393650623695,
      "rev_growth_yoy": 0.1807047669722108,
      "rev_growth_yoy_accel": 0.029420326158543952,
      "op_leverage_ratio": 0.16042856885843998,
      "fcf_margin_change": -0.016883164073124096
    },
    {
      "date": "2023-12-31T00:00:00",
      "quarter_label": "2023-12 (Q4)",
      "revenue": 494296000,
      "gross_profit": 194222000,
      "operating_income": 77240000,
      "net_income": 50284000,
      "opex": 116982000,
      "cogs": 300074000,
      "rd": null,
      "sga": 116982000,
      "fcf": 48616000,
      "ocf": 59648000,
      "capex": -11032000,
      "gross_margin": 0.39292650557560654,
      "op_margin": 0.15626264424555328,
      "fcf_margin": 0.0983540226908573,
      "incr_op_margin_yoy": -6.366213314244811,
      "rev_growth_yoy": -0.013934300322573567,
      "rev_growth_yoy_accel": -0.19463906729478436,
      "op_leverage_ratio": Infinity,
      "fcf_margin_change": 0.0029866831932068155
    },
    {
      "date": "2024-03-30T00:00:00",
      "quarter_label": "2024-03 (Q1)",
      "revenue": 468701000,
      "gross_profit": 181446000,
      "operating_income": 54438000,
      "net_income": 32828000,
      "opex": 127008000,
      "cogs": 287255000,
      "rd": null,
      "sga": 127008000,
      "fcf": 41225000,
      "ocf": 51980000,
      "capex": -10755000,
      "gross_margin": 0.3871252674946288,
      "op_margin": 0.11614654118510521,
      "fcf_margin": 0.08795586098600174,
      "incr_op_margin_yoy": 18.504330106979115,
      "rev_growth_yoy": 0.00420578568704498,
      "rev_growth_yoy_accel": 0.01814008600961855,
      "fcf_margin_change": -0.010398161704855566
    },
    {
      "date": "2024-06-29T00:00:00",
      "quarter_label": "2024-06 (Q2)",
      "revenue": 502951000,
      "gross_profit": 199401000,
      "operating_income": 72452000,
      "net_income": 47410000,
      "opex": 126949000,
      "cogs": 303550000,
      "rd": null,
      "sga": 126949000,
      "fcf": 51414000,
      "ocf": 63349000,
      "capex": -11935000,
      "gross_margin": 0.3964620807991236,
      "op_margin": 0.14405379450483247,
      "fcf_margin": 0.10222466999767373,
      "incr_op_margin_yoy": 0.770852879417415,
      "rev_growth_yoy": 0.04657613490702669,
      "rev_growth_yoy_accel": 0.04237034921998171,
      "op_leverage_ratio": Infinity,
      "fcf_margin_change": 0.01426880901167199
    },
    {
      "date": "2024-09-28T00:00:00",
      "quarter_label": "2024-09 (Q3)",
      "revenue": 503773000,
      "gross_profit": 203803000,
      "operating_income": 79271000,
      "net_income": 55253000,
      "opex": 124532000,
      "cogs": 299970000,
      "rd": null,
      "sga": 124532000,
      "fcf": 35738000,
      "ocf": 44293000,
      "capex": -8555000,
      "gross_margin": 0.404553241241591,
      "op_margin": 0.15735460217201,
      "fcf_margin": 0.07094068161652173,
      "incr_op_margin_yoy": 0.9663822416115994,
      "rev_growth_yoy": 0.03192840433769096,
      "rev_growth_yoy_accel": -0.014647730569335729,
      "fcf_margin_change": -0.031283988381152
    },
    {
      "date": "2024-12-31T00:00:00",
      "quarter_label": "2024-12 (Q4)",
      "revenue": 533772000,
      "gross_profit": 221709000,
      "operating_income": 86748000,
      "net_income": 54513000,
      "opex": 134961000,
      "cogs": 312063000,
      "rd": null,
      "sga": 134961000,
      "fcf": 63249000,
      "ocf": 71425000,
      "capex": -8176000,
      "gross_margin": 0.4153627391470516,
      "op_margin": 0.16251882826375305,
      "fcf_margin": 0.11849441334502372,
      "incr_op_margin_yoy": 0.24085520316141454,
      "rev_growth_yoy": 0.07986307799375274,
      "rev_growth_yoy_accel": 0.04793467365606178,
      "op_leverage_ratio": 0.7110664467780572,
      "fcf_margin_change": 0.047553731728502
    },
    {
      "date": "2025-03-29T00:00:00",
      "quarter_label": "2025-03 (Q1)",
      "revenue": 507692000,
      "gross_profit": 207708000,
      "operating_income": 80074000,
      "net_income": 57505000,
      "opex": 127634000,
      "cogs": 299984000,
      "rd": null,
      "sga": 127634000,
      "fcf": 40252000,
      "ocf": 51237000,
      "capex": -10985000,
      "gross_margin": 0.4091220661345855,
      "op_margin": 0.15772161074037014,
      "fcf_margin": 0.07928429047532756,
      "incr_op_margin_yoy": 0.657485060655023,
      "rev_growth_yoy": 0.08318949607532307,
      "rev_growth_yoy_accel": 0.0033264180815703315,
      "fcf_margin_change": -0.03921012286969616
    },
    {
      "date": "2025-06-28T00:00:00",
      "quarter_label": "2025-06 (Q2)",
      "revenue": 540959000,
      "gross_profit": 219513000,
      "operating_income": 82481000,
      "net_income": 58709000,
      "opex": 137032000,
      "cogs": 321446000,
      "rd": null,
      "sga": 137032000,
      "fcf": 98000,
      "ocf": 8548000,
      "capex": -8450000,
      "gross_margin": 0.4057849116106766,
      "op_margin": 0.1524718139452343,
      "fcf_margin": 0.00018115975517553085,
      "incr_op_margin_yoy": 0.26386550199957903,
      "rev_growth_yoy": 0.07556998594296463,
      "rev_growth_yoy_accel": -0.00761951013235844,
      "op_leverage_ratio": 0.8899062512874403,
      "fcf_margin_change": -0.07910313072015203
    },
    {
      "date": "2025-09-27T00:00:00",
      "quarter_label": "2025-09 (Q3)",
      "revenue": 543736000,
      "gross_profit": 241427000,
      "operating_income": 105750000,
      "net_income": 76420000,
      "opex": 135677000,
      "cogs": 302309000,
      "rd": null,
      "sga": 135677000,
      "fcf": 1822000,
      "ocf": 12205000,
      "capex": -10383000,
      "gross_margin": 0.4440151102741036,
      "op_margin": 0.1944877661217944,
      "fcf_margin": 0.0033508908735121455,
      "incr_op_margin_yoy": 0.6625878938017666,
      "rev_growth_yoy": 0.07932739547375504,
      "rev_growth_yoy_accel": 0.003757409530790415,
      "fcf_margin_change": 0.0031697311183366147
    }
  ],
  "signals": [
    {
      "quarter": "2025-09 (Q3)",
      "signal": "GROSS MARGIN INFLECTION",
      "detail": "GM: +40.9% -> +40.6% -> +44.4% (reversal +3.8%)",
      "severity": "MEDIUM"
    },
    {
      "quarter": "2025-09 (Q3)",
      "signal": "INCREMENTAL MARGIN (YoY)",
      "detail": "YoY Incr OPM: +66.3% vs year-ago OPM: +15.7%",
      "severity": "HIGH"
    },
    {
      "quarter": "2025-06 (Q2)",
      "signal": "INCREMENTAL MARGIN (YoY)",
      "detail": "YoY Incr OPM: +26.4% vs year-ago OPM: +14.4%",
      "severity": "MEDIUM"
    },
    {
      "quarter": "2025-03 (Q1)",
      "signal": "INCREMENTAL MARGIN (YoY)",
      "detail": "YoY Incr OPM: +65.7% vs year-ago OPM: +11.6%",
      "severity": "HIGH"
    },
    {
      "quarter": "2024-09 (Q3)",
      "signal": "INCREMENTAL MARGIN (YoY)",
      "detail": "YoY Incr OPM: +96.6% vs year-ago OPM: +13.2%",
      "severity": "HIGH"
    },
    {
      "quarter": "2024-06 (Q2)",
      "signal": "INCREMENTAL MARGIN (YoY)",
      "detail": "YoY Incr OPM: +77.1% vs year-ago OPM: +11.5%",
      "severity": "HIGH"
    },
    {
      "quarter": "2024-03 (Q1)",
      "signal": "INCREMENTAL MARGIN (YoY)",
      "detail": "YoY Incr OPM: +1850.4% vs year-ago OPM: +3.9%",
      "severity": "HIGH"
    },
    {
      "quarter": "2023-12 (Q4)",
      "signal": "YoY REVENUE GROWTH DECELERATION",
      "detail": "YoY growth: -1.4% vs prior quarter YoY: +18.1% (decel: -19.5%)",
      "severity": "WARNING"
    },
    {
      "quarter": "2023-09 (Q3)",
      "signal": "INCREMENTAL MARGIN (YoY)",
      "detail": "YoY Incr OPM: +29.6% vs year-ago OPM: +10.2%",
      "severity": "MEDIUM"
    },
    {
      "quarter": "2023-07 (Q3)",
      "signal": "FCF MARGIN EXPANSION",
      "detail": "FCF margin: +3.4% -> +11.2% (+7.9%)",
      "severity": "MEDIUM"
    },
    {
      "quarter": "2023-07 (Q3)",
      "signal": "GROSS MARGIN INFLECTION",
      "detail": "GM: +31.5% -> +31.0% -> +34.0% (reversal +3.1%)",
      "severity": "MEDIUM"
    },
    {
      "quarter": "2023-04 (Q2)",
      "signal": "FCF TURNED POSITIVE",
      "detail": "FCF margin: -0.4% -> +3.4%",
      "severity": "HIGH"
    },
    {
      "quarter": "2023-04 (Q2)",
      "signal": "YoY REVENUE GROWTH DECELERATION",
      "detail": "YoY growth: +16.2% vs prior quarter YoY: +25.9% (decel: -9.7%)",
      "severity": "WARNING"
    },
    {
      "quarter": "2022-12 (Q4)",
      "signal": "YoY REVENUE GROWTH ACCELERATION",
      "detail": "YoY growth: +25.9% vs prior quarter YoY: +18.7% (accel: +7.2%)",
      "severity": "MEDIUM"
    },
    {
      "quarter": "2022-09 (Q3)",
      "signal": "YoY REVENUE GROWTH DECELERATION",
      "detail": "YoY growth: +18.7% vs prior quarter YoY: +34.4% (decel: -15.7%)",
      "severity": "WARNING"
    },
    {
      "quarter": "2022-06 (Q2)",
      "signal": "YoY REVENUE GROWTH DECELERATION",
      "detail": "YoY growth: +34.4% vs prior quarter YoY: +39.4% (decel: -5.1%)",
      "severity": "WARNING"
    },
    {
      "quarter": "2022-03 (Q1)",
      "signal": "YoY REVENUE GROWTH ACCELERATION",
      "detail": "YoY growth: +39.4% vs prior quarter YoY: +32.2% (accel: +7.2%)",
      "severity": "MEDIUM"
    },
    {
      "quarter": "2021-09 (Q3)",
      "signal": "FCF MARGIN EXPANSION",
      "detail": "FCF margin: +4.5% -> +9.6% (+5.0%)",
      "severity": "MEDIUM"
    },
    {
      "quarter": "2021-09 (Q3)",
      "signal": "OPERATING LEVERAGE",
      "detail": "Rev growth +12.2% vs OpEx growth +4.5% (leverage: 2.7x)",
      "severity": "MEDIUM"
    }
  ],
  "data_quality": {
    "n_quarters": 20,
    "coverage": {
      "revenue": [
        20,
        20
      ],
      "gross_profit": [
        20,
        20
      ],
      "op_income": [
        20,
        20
      ],
      "fcf": [
        20,
        20
      ]
    },
    "gaps": [],
    "warnings": []
  },
  "market_cap": null,
  "source": "SEC EDGAR",
  "last_updated": "2026-02-02T21:14:47.327808"
}