{
  "ticker": "DRCT",
  "name": "Direct Digital Holdings, Inc.",
  "quarters": [
    {
      "date": "2021-03-31T00:00:00",
      "quarter_label": "2021-03 (Q1)",
      "revenue": 5693734,
      "gross_profit": 2997401,
      "operating_income": -26195,
      "net_income": -809293,
      "opex": 3023596,
      "cogs": 2696333,
      "rd": null,
      "sga": null,
      "fcf": 3569410,
      "ocf": 3569410,
      "capex": null,
      "gross_margin": 0.5264385375221252,
      "op_margin": -0.004600671545246055,
      "fcf_margin": 0.6269014323465059
    },
    {
      "date": "2021-06-30T00:00:00",
      "quarter_label": "2021-06 (Q2)",
      "revenue": 11181891,
      "gross_profit": 6174523,
      "operating_income": 2520011,
      "net_income": 1659360,
      "opex": 3654512,
      "cogs": 5007368,
      "rd": null,
      "sga": null,
      "fcf": -922092,
      "ocf": -922092,
      "capex": null,
      "gross_margin": 0.5521895178552536,
      "op_margin": 0.2253653697751123,
      "fcf_margin": -0.08246297518013725,
      "op_leverage_ratio": 4.619357493735389,
      "fcf_margin_change": -0.7093644075266431
    },
    {
      "date": "2021-09-30T00:00:00",
      "quarter_label": "2021-09 (Q3)",
      "revenue": 8360745,
      "gross_profit": 4234963,
      "operating_income": 566912,
      "net_income": -226366,
      "opex": 3668051,
      "cogs": 4125782,
      "rd": null,
      "sga": null,
      "fcf": 557323,
      "ocf": 557323,
      "capex": null,
      "gross_margin": 0.5065293822500267,
      "op_margin": 0.0678063976356174,
      "fcf_margin": 0.06665949027269699,
      "fcf_margin_change": 0.14912246545283425
    },
    {
      "date": "2021-12-31T00:00:00",
      "quarter_label": "2021-12 (Q4)",
      "revenue": 12900492,
      "gross_profit": 5022238,
      "operating_income": 1323872,
      "net_income": -2130798,
      "opex": 3698366,
      "cogs": 7878254,
      "rd": null,
      "sga": null,
      "fcf": 546510,
      "ocf": 546510,
      "capex": null,
      "gross_margin": 0.3893059272468058,
      "op_margin": 0.10262182248553,
      "fcf_margin": 0.04236350055486256,
      "op_leverage_ratio": 65.69986321076402,
      "fcf_margin_change": -0.024295989717834435
    },
    {
      "date": "2022-03-31T00:00:00",
      "quarter_label": "2022-03 (Q1)",
      "revenue": 11370337,
      "gross_profit": 4780799,
      "operating_income": 584871,
      "net_income": -671623,
      "opex": 4195928,
      "cogs": 6589538,
      "rd": null,
      "sga": null,
      "fcf": -852317,
      "ocf": -852317,
      "capex": null,
      "gross_margin": 0.4204623838325988,
      "op_margin": 0.05143831708769934,
      "fcf_margin": -0.07495969556575148,
      "incr_op_margin_yoy": 0.10764642163632017,
      "rev_growth_yoy": 0.9969912538941932,
      "fcf_margin_change": -0.11732319612061404
    },
    {
      "date": "2022-06-30T00:00:00",
      "quarter_label": "2022-06 (Q2)",
      "revenue": 21261308,
      "gross_profit": 8335820,
      "operating_income": 3064147,
      "net_income": 2614363,
      "opex": 5271673,
      "cogs": 12925488,
      "rd": null,
      "sga": null,
      "fcf": 925831,
      "ocf": 925831,
      "capex": null,
      "gross_margin": 0.39206524829046263,
      "op_margin": 0.14411846157348362,
      "fcf_margin": 0.04354534537574076,
      "incr_op_margin_yoy": 0.05398486837085915,
      "rev_growth_yoy": 0.9014054062948744,
      "rev_growth_yoy_accel": -0.09558584759931876,
      "op_leverage_ratio": 3.3930033069880547,
      "fcf_margin_change": 0.11850504094149224
    },
    {
      "date": "2022-09-30T00:00:00",
      "quarter_label": "2022-09 (Q3)",
      "revenue": 25985375,
      "gross_profit": 7460744,
      "operating_income": 1844824,
      "net_income": 810783,
      "opex": 5615920,
      "cogs": 18524631,
      "rd": null,
      "sga": null,
      "fcf": 3326287,
      "ocf": 3326287,
      "capex": null,
      "gross_margin": 0.28711319347902425,
      "op_margin": 0.07099470375162953,
      "fcf_margin": 0.12800611882645527,
      "incr_op_margin_yoy": 0.07250716752635375,
      "rev_growth_yoy": 2.1080214741628884,
      "rev_growth_yoy_accel": 1.206616067868014,
      "op_leverage_ratio": 3.402548846862047,
      "fcf_margin_change": 0.08446077345071451
    },
    {
      "date": "2022-12-31T00:00:00",
      "quarter_label": "2022-12 (Q4)",
      "revenue": 30742713,
      "gross_profit": 8744713,
      "operating_income": 2485097,
      "net_income": 1413080,
      "opex": 6259616,
      "cogs": 21998000,
      "rd": null,
      "sga": null,
      "fcf": -1335801,
      "ocf": -1335801,
      "capex": null,
      "gross_margin": 0.28444831788268005,
      "op_margin": 0.0808353186005412,
      "fcf_margin": -0.04345097974924984,
      "incr_op_margin_yoy": 0.06508298490417756,
      "rev_growth_yoy": 1.3830651575149226,
      "rev_growth_yoy_accel": -0.7249563166479658,
      "op_leverage_ratio": 1.5972581834946071,
      "fcf_margin_change": -0.17145709857570512
    },
    {
      "date": "2023-03-31T00:00:00",
      "quarter_label": "2023-03 (Q1)",
      "revenue": 21222910,
      "gross_profit": 6433051,
      "operating_income": -141339,
      "net_income": -1333934,
      "opex": 6574390,
      "cogs": 14789859,
      "rd": null,
      "sga": null,
      "fcf": 3100000,
      "ocf": 3100000,
      "capex": null,
      "gross_margin": 0.3031182340216304,
      "op_margin": -0.006659737048312414,
      "fcf_margin": 0.14606856458421583,
      "incr_op_margin_yoy": -0.07370764976823821,
      "rev_growth_yoy": 0.8665154779493343,
      "rev_growth_yoy_accel": -0.5165496795655884,
      "fcf_margin_change": 0.18951954433346568
    },
    {
      "date": "2023-06-30T00:00:00",
      "quarter_label": "2023-06 (Q2)",
      "revenue": 35403800,
      "gross_profit": 10072637,
      "operating_income": 2254448,
      "net_income": 1194956,
      "opex": 7818189,
      "cogs": 25331163,
      "rd": null,
      "sga": null,
      "fcf": -46000,
      "ocf": -46000,
      "capex": null,
      "gross_margin": 0.28450722803766826,
      "op_margin": 0.06367813624526181,
      "fcf_margin": -0.001299295555844288,
      "incr_op_margin_yoy": -0.05725292261081003,
      "rev_growth_yoy": 0.6651750682507398,
      "rev_growth_yoy_accel": -0.20134040969859446,
      "op_leverage_ratio": 3.5318627303656305,
      "fcf_margin_change": -0.14736786014006012
    },
    {
      "date": "2023-09-30T00:00:00",
      "quarter_label": "2023-09 (Q3)",
      "revenue": 59472124,
      "gross_profit": 11752818,
      "operating_income": 4493407,
      "net_income": 3350854,
      "opex": 7259411,
      "cogs": 47719306,
      "rd": null,
      "sga": null,
      "fcf": 1427000,
      "ocf": 1427000,
      "capex": null,
      "gross_margin": 0.1976189382440755,
      "op_margin": 0.07555484313961949,
      "fcf_margin": 0.023994434770818005,
      "incr_op_margin_yoy": 0.07909346470151522,
      "rev_growth_yoy": 1.2886767652958635,
      "rev_growth_yoy_accel": 0.6235016970451237,
      "op_leverage_ratio": Infinity,
      "fcf_margin_change": 0.025293730326662295
    },
    {
      "date": "2023-12-31T00:00:00",
      "quarter_label": "2023-12 (Q4)",
      "revenue": 41011166,
      "gross_profit": 9315494,
      "operating_income": -8791516,
      "net_income": -5405876,
      "opex": 18107010,
      "cogs": 31695672,
      "rd": null,
      "sga": null,
      "fcf": -1923000,
      "ocf": -1923000,
      "capex": null,
      "gross_margin": 0.22714530964567065,
      "op_margin": -0.21436883798914666,
      "fcf_margin": -0.046889669023309405,
      "incr_op_margin_yoy": -1.0981803198592817,
      "rev_growth_yoy": 0.3340125837300046,
      "rev_growth_yoy_accel": -0.954664181565859,
      "fcf_margin_change": -0.0708841037941274
    },
    {
      "date": "2024-03-31T00:00:00",
      "quarter_label": "2024-03 (Q1)",
      "revenue": 22275000,
      "gross_profit": 4998000,
      "operating_income": -2807000,
      "net_income": -775000,
      "opex": 7805000,
      "cogs": 17277000,
      "rd": null,
      "sga": null,
      "fcf": -5704000,
      "ocf": -5704000,
      "capex": null,
      "gross_margin": 0.22437710437710437,
      "op_margin": -0.12601571268237935,
      "fcf_margin": -0.25607182940516277,
      "incr_op_margin_yoy": -2.533681529146746,
      "rev_growth_yoy": 0.04957331487529278,
      "rev_growth_yoy_accel": -0.2844392688547118,
      "fcf_margin_change": -0.20918216038185336
    },
    {
      "date": "2024-06-30T00:00:00",
      "quarter_label": "2024-06 (Q2)",
      "revenue": 21855000,
      "gross_profit": 5931000,
      "operating_income": -2065000,
      "net_income": -590000,
      "opex": 7996000,
      "cogs": 15924000,
      "rd": null,
      "sga": null,
      "fcf": -4407000,
      "ocf": -4407000,
      "capex": null,
      "gross_margin": 0.2713795470144132,
      "op_margin": -0.09448638755433539,
      "fcf_margin": -0.20164722031571722,
      "incr_op_margin_yoy": 0.31880668398677375,
      "rev_growth_yoy": -0.3826933831961541,
      "rev_growth_yoy_accel": -0.43226669807144685,
      "fcf_margin_change": 0.05442460908944555
    },
    {
      "date": "2024-09-30T00:00:00",
      "quarter_label": "2024-09 (Q3)",
      "revenue": 9075000,
      "gross_profit": 3514000,
      "operating_income": -3658000,
      "net_income": -2690000,
      "opex": 7172000,
      "cogs": 5561000,
      "rd": null,
      "sga": null,
      "fcf": 3016000,
      "ocf": 3016000,
      "capex": null,
      "gross_margin": 0.38721763085399447,
      "op_margin": -0.4030853994490358,
      "fcf_margin": 0.33234159779614325,
      "incr_op_margin_yoy": 0.1617434955216889,
      "rev_growth_yoy": -0.8474075013698855,
      "rev_growth_yoy_accel": -0.4647141181737314,
      "fcf_margin_change": 0.5339888181118605
    },
    {
      "date": "2024-12-31T00:00:00",
      "quarter_label": "2024-12 (Q4)",
      "revenue": 9083000,
      "gross_profit": 2947000,
      "operating_income": -4704000,
      "net_income": -2181000,
      "opex": 7651000,
      "cogs": 6136000,
      "rd": null,
      "sga": null,
      "fcf": -1553000,
      "ocf": -1553000,
      "capex": null,
      "gross_margin": 0.32445227347792577,
      "op_margin": -0.5178905647913685,
      "fcf_margin": -0.17097875151381703,
      "incr_op_margin_yoy": -0.12802226097170755,
      "rev_growth_yoy": -0.7785237318051381,
      "rev_growth_yoy_accel": 0.0688837695647474,
      "fcf_margin_change": -0.5033203493099603
    },
    {
      "date": "2025-03-31T00:00:00",
      "quarter_label": "2025-03 (Q1)",
      "revenue": 8157000,
      "gross_profit": 2393000,
      "operating_income": -3924000,
      "net_income": -2355000,
      "opex": 6317000,
      "cogs": 5764000,
      "rd": null,
      "sga": null,
      "fcf": -2708000,
      "ocf": -2708000,
      "capex": null,
      "gross_margin": 0.29336765967880346,
      "op_margin": -0.481059212945936,
      "fcf_margin": -0.3319847983327204,
      "incr_op_margin_yoy": 0.07911885536194928,
      "rev_growth_yoy": -0.6338047138047138,
      "rev_growth_yoy_accel": 0.1447190180004243,
      "fcf_margin_change": -0.16100604681890335
    },
    {
      "date": "2025-06-30T00:00:00",
      "quarter_label": "2025-06 (Q2)",
      "revenue": 10144000,
      "gross_profit": 3561000,
      "operating_income": -2426000,
      "net_income": -2249000,
      "opex": 5987000,
      "cogs": 6583000,
      "rd": null,
      "sga": null,
      "fcf": -2690000,
      "ocf": -2690000,
      "capex": null,
      "gross_margin": 0.351044952681388,
      "op_margin": -0.23915615141955837,
      "fcf_margin": -0.2651813880126183,
      "incr_op_margin_yoy": 0.030825719409102552,
      "rev_growth_yoy": -0.5358499199267902,
      "rev_growth_yoy_accel": 0.09795479387792361,
      "op_leverage_ratio": Infinity,
      "fcf_margin_change": 0.06680341032010206
    },
    {
      "date": "2025-09-30T00:00:00",
      "quarter_label": "2025-09 (Q3)",
      "revenue": 7984000,
      "gross_profit": 2214000,
      "operating_income": -3911000,
      "net_income": -2680000,
      "opex": 6125000,
      "cogs": 5770000,
      "rd": null,
      "sga": null,
      "fcf": -1638000,
      "ocf": -1638000,
      "capex": null,
      "gross_margin": 0.27730460921843686,
      "op_margin": -0.4898547094188377,
      "fcf_margin": -0.20516032064128256,
      "incr_op_margin_yoy": 0.23189734188817598,
      "rev_growth_yoy": -0.12022038567493112,
      "rev_growth_yoy_accel": 0.4156295342518591,
      "fcf_margin_change": 0.06002106737133575
    }
  ],
  "signals": [
    {
      "quarter": "2025-09 (Q3)",
      "signal": "FCF MARGIN EXPANSION",
      "detail": "FCF margin: -26.5% -> -20.5% (+6.0%)",
      "severity": "MEDIUM"
    },
    {
      "quarter": "2025-09 (Q3)",
      "signal": "YoY REVENUE GROWTH ACCELERATION",
      "detail": "YoY growth: -12.0% vs prior quarter YoY: -53.6% (accel: +41.6%)",
      "severity": "HIGH"
    },
    {
      "quarter": "2025-06 (Q2)",
      "signal": "FCF MARGIN EXPANSION",
      "detail": "FCF margin: -33.2% -> -26.5% (+6.7%)",
      "severity": "MEDIUM"
    },
    {
      "quarter": "2025-06 (Q2)",
      "signal": "GROSS MARGIN INFLECTION",
      "detail": "GM: +32.4% -> +29.3% -> +35.1% (reversal +5.8%)",
      "severity": "HIGH"
    },
    {
      "quarter": "2025-06 (Q2)",
      "signal": "YoY REVENUE GROWTH ACCELERATION",
      "detail": "YoY growth: -53.6% vs prior quarter YoY: -63.4% (accel: +9.8%)",
      "severity": "MEDIUM"
    },
    {
      "quarter": "2025-03 (Q1)",
      "signal": "YoY REVENUE GROWTH ACCELERATION",
      "detail": "YoY growth: -63.4% vs prior quarter YoY: -77.9% (accel: +14.5%)",
      "severity": "MEDIUM"
    },
    {
      "quarter": "2024-12 (Q4)",
      "signal": "YoY REVENUE GROWTH ACCELERATION",
      "detail": "YoY growth: -77.9% vs prior quarter YoY: -84.7% (accel: +6.9%)",
      "severity": "MEDIUM"
    },
    {
      "quarter": "2024-09 (Q3)",
      "signal": "FCF TURNED POSITIVE",
      "detail": "FCF margin: -20.2% -> +33.2%",
      "severity": "HIGH"
    },
    {
      "quarter": "2024-09 (Q3)",
      "signal": "YoY REVENUE GROWTH DECELERATION",
      "detail": "YoY growth: -84.7% vs prior quarter YoY: -38.3% (decel: -46.5%)",
      "severity": "WARNING"
    },
    {
      "quarter": "2024-06 (Q2)",
      "signal": "FCF MARGIN EXPANSION",
      "detail": "FCF margin: -25.6% -> -20.2% (+5.4%)",
      "severity": "MEDIUM"
    },
    {
      "quarter": "2024-06 (Q2)",
      "signal": "GROSS MARGIN INFLECTION",
      "detail": "GM: +22.7% -> +22.4% -> +27.1% (reversal +4.7%)",
      "severity": "MEDIUM"
    },
    {
      "quarter": "2024-06 (Q2)",
      "signal": "YoY REVENUE GROWTH DECELERATION",
      "detail": "YoY growth: -38.3% vs prior quarter YoY: +5.0% (decel: -43.2%)",
      "severity": "WARNING"
    },
    {
      "quarter": "2024-03 (Q1)",
      "signal": "YoY REVENUE GROWTH DECELERATION",
      "detail": "YoY growth: +5.0% vs prior quarter YoY: +33.4% (decel: -28.4%)",
      "severity": "WARNING"
    },
    {
      "quarter": "2023-12 (Q4)",
      "signal": "GROSS MARGIN INFLECTION",
      "detail": "GM: +28.5% -> +19.8% -> +22.7% (reversal +3.0%)",
      "severity": "MEDIUM"
    },
    {
      "quarter": "2023-12 (Q4)",
      "signal": "YoY REVENUE GROWTH DECELERATION",
      "detail": "YoY growth: +33.4% vs prior quarter YoY: +128.9% (decel: -95.5%)",
      "severity": "WARNING"
    },
    {
      "quarter": "2023-09 (Q3)",
      "signal": "FCF TURNED POSITIVE",
      "detail": "FCF margin: -0.1% -> +2.4%",
      "severity": "HIGH"
    },
    {
      "quarter": "2023-09 (Q3)",
      "signal": "YoY REVENUE GROWTH ACCELERATION",
      "detail": "YoY growth: +128.9% vs prior quarter YoY: +66.5% (accel: +62.4%)",
      "severity": "HIGH"
    },
    {
      "quarter": "2023-06 (Q2)",
      "signal": "OPERATING LEVERAGE",
      "detail": "Rev growth +66.8% vs OpEx growth +18.9% (leverage: 3.5x)",
      "severity": "MEDIUM"
    },
    {
      "quarter": "2023-06 (Q2)",
      "signal": "YoY REVENUE GROWTH DECELERATION",
      "detail": "YoY growth: +66.5% vs prior quarter YoY: +86.7% (decel: -20.1%)",
      "severity": "WARNING"
    },
    {
      "quarter": "2023-06 (Q2)",
      "signal": "OP MARGIN TURNED POSITIVE (QoQ)",
      "detail": "Op margin: -0.7% -> +6.4%",
      "severity": "HIGH"
    },
    {
      "quarter": "2023-03 (Q1)",
      "signal": "FCF TURNED POSITIVE",
      "detail": "FCF margin: -4.3% -> +14.6%",
      "severity": "HIGH"
    },
    {
      "quarter": "2023-03 (Q1)",
      "signal": "YoY REVENUE GROWTH DECELERATION",
      "detail": "YoY growth: +86.7% vs prior quarter YoY: +138.3% (decel: -51.7%)",
      "severity": "WARNING"
    },
    {
      "quarter": "2022-12 (Q4)",
      "signal": "OPERATING LEVERAGE",
      "detail": "Rev growth +18.3% vs OpEx growth +11.5% (leverage: 1.6x)",
      "severity": "MEDIUM"
    },
    {
      "quarter": "2022-12 (Q4)",
      "signal": "YoY REVENUE GROWTH DECELERATION",
      "detail": "YoY growth: +138.3% vs prior quarter YoY: +210.8% (decel: -72.5%)",
      "severity": "WARNING"
    },
    {
      "quarter": "2022-09 (Q3)",
      "signal": "FCF MARGIN EXPANSION",
      "detail": "FCF margin: +4.4% -> +12.8% (+8.4%)",
      "severity": "MEDIUM"
    },
    {
      "quarter": "2022-09 (Q3)",
      "signal": "OPERATING LEVERAGE",
      "detail": "Rev growth +22.2% vs OpEx growth +6.5% (leverage: 3.4x)",
      "severity": "MEDIUM"
    },
    {
      "quarter": "2022-09 (Q3)",
      "signal": "YoY REVENUE GROWTH ACCELERATION",
      "detail": "YoY growth: +210.8% vs prior quarter YoY: +90.1% (accel: +120.7%)",
      "severity": "HIGH"
    },
    {
      "quarter": "2022-06 (Q2)",
      "signal": "FCF TURNED POSITIVE",
      "detail": "FCF margin: -7.5% -> +4.4%",
      "severity": "HIGH"
    },
    {
      "quarter": "2022-06 (Q2)",
      "signal": "OPERATING LEVERAGE",
      "detail": "Rev growth +87.0% vs OpEx growth +25.6% (leverage: 3.4x)",
      "severity": "MEDIUM"
    },
    {
      "quarter": "2022-06 (Q2)",
      "signal": "YoY REVENUE GROWTH DECELERATION",
      "detail": "YoY growth: +90.1% vs prior quarter YoY: +99.7% (decel: -9.6%)",
      "severity": "WARNING"
    },
    {
      "quarter": "2022-03 (Q1)",
      "signal": "GROSS MARGIN INFLECTION",
      "detail": "GM: +50.7% -> +38.9% -> +42.0% (reversal +3.1%)",
      "severity": "MEDIUM"
    },
    {
      "quarter": "2022-03 (Q1)",
      "signal": "OP MARGIN TURNED POSITIVE (YoY)",
      "detail": "Op margin: -0.5% (year-ago) -> +5.1%",
      "severity": "HIGH"
    },
    {
      "quarter": "2021-12 (Q4)",
      "signal": "OPERATING LEVERAGE",
      "detail": "Rev growth +54.3% vs OpEx growth +0.8% (leverage: 65.7x)",
      "severity": "MEDIUM"
    },
    {
      "quarter": "2021-09 (Q3)",
      "signal": "FCF TURNED POSITIVE",
      "detail": "FCF margin: -8.2% -> +6.7%",
      "severity": "HIGH"
    },
    {
      "quarter": "2021-06 (Q2)",
      "signal": "OPERATING LEVERAGE",
      "detail": "Rev growth +96.4% vs OpEx growth +20.9% (leverage: 4.6x)",
      "severity": "MEDIUM"
    },
    {
      "quarter": "2021-06 (Q2)",
      "signal": "OP MARGIN TURNED POSITIVE (QoQ)",
      "detail": "Op margin: -0.5% -> +22.5%",
      "severity": "HIGH"
    }
  ],
  "data_quality": {
    "n_quarters": 19,
    "coverage": {
      "revenue": [
        19,
        19
      ],
      "gross_profit": [
        19,
        19
      ],
      "op_income": [
        19,
        19
      ],
      "fcf": [
        19,
        19
      ]
    },
    "gaps": [],
    "warnings": []
  },
  "market_cap": null,
  "source": "SEC EDGAR",
  "last_updated": "2026-02-03T00:23:56.530667",
  "sector": "Communication Services",
  "industry": "Advertising Agencies"
}