{
  "ticker": "DRIO",
  "name": "DARIOHEALTH CORP.",
  "quarters": [
    {
      "date": "2020-12-31T00:00:00",
      "quarter_label": "2020-12 (Q4)",
      "revenue": 2080000,
      "gross_profit": 549000,
      "operating_income": -9064000,
      "net_income": -8997000,
      "opex": 9613000,
      "cogs": 1531000,
      "rd": 1423000,
      "sga": null,
      "fcf": -6809000,
      "ocf": -6760000,
      "capex": -49000,
      "gross_margin": 0.2639423076923077,
      "op_margin": -4.357692307692307,
      "fcf_margin": -3.2735576923076923
    },
    {
      "date": "2021-03-31T00:00:00",
      "quarter_label": "2021-03 (Q1)",
      "revenue": 3595000,
      "gross_profit": 1081000,
      "operating_income": -14327000,
      "net_income": -14966000,
      "opex": 15408000,
      "cogs": 1988000,
      "rd": 2655000,
      "sga": null,
      "fcf": -10600000,
      "ocf": -10532000,
      "capex": -68000,
      "gross_margin": 0.3006954102920723,
      "op_margin": -3.985257301808067,
      "fcf_margin": -2.9485396383866482,
      "op_leverage_ratio": 1.2082444249021038,
      "fcf_margin_change": 0.3250180539210441
    },
    {
      "date": "2021-06-30T00:00:00",
      "quarter_label": "2021-06 (Q2)",
      "revenue": 5261000,
      "gross_profit": 1508000,
      "operating_income": -18003000,
      "net_income": -17765000,
      "opex": 19511000,
      "cogs": 2661000,
      "rd": 3742000,
      "sga": null,
      "fcf": -12335000,
      "ocf": -12306000,
      "capex": -29000,
      "gross_margin": 0.28663752138376736,
      "op_margin": -3.4219730089336626,
      "fcf_margin": -2.344611290629158,
      "op_leverage_ratio": 1.7402869164900883,
      "fcf_margin_change": 0.6039283477574902
    },
    {
      "date": "2021-09-30T00:00:00",
      "quarter_label": "2021-09 (Q3)",
      "revenue": 5629000,
      "gross_profit": 826000,
      "operating_income": -22499000,
      "net_income": -22444000,
      "opex": 23325000,
      "cogs": 3097000,
      "rd": 5506000,
      "sga": null,
      "fcf": -12531000,
      "ocf": -12435000,
      "capex": -96000,
      "gross_margin": 0.14674009593178183,
      "op_margin": -3.996979925386392,
      "fcf_margin": -2.226150293124889,
      "op_leverage_ratio": 0.35783132542129376,
      "fcf_margin_change": 0.1184609975042692
    },
    {
      "date": "2021-12-31T00:00:00",
      "quarter_label": "2021-12 (Q4)",
      "revenue": 6028000,
      "gross_profit": 548000,
      "operating_income": -21665000,
      "net_income": -21586000,
      "opex": 22213000,
      "cogs": 4698000,
      "rd": 5316000,
      "sga": null,
      "fcf": -15204000,
      "ocf": -15136000,
      "capex": -68000,
      "gross_margin": 0.09090909090909091,
      "op_margin": -3.5940610484406106,
      "fcf_margin": -2.522229595222296,
      "incr_op_margin_yoy": -3.191742654508612,
      "rev_growth_yoy": 1.898076923076923,
      "op_leverage_ratio": Infinity,
      "fcf_margin_change": -0.2960793020974073
    },
    {
      "date": "2022-03-31T00:00:00",
      "quarter_label": "2022-03 (Q1)",
      "revenue": 8059000,
      "gross_profit": 3985000,
      "operating_income": -15872000,
      "net_income": -15916000,
      "opex": 19857000,
      "cogs": 3142000,
      "rd": 5927000,
      "sga": null,
      "fcf": -18160000,
      "ocf": -18094000,
      "capex": -66000,
      "gross_margin": 0.49447822310460354,
      "op_margin": -1.9694751209827521,
      "fcf_margin": -2.2533813128179676,
      "incr_op_margin_yoy": -0.34610215053763443,
      "rev_growth_yoy": 1.2417246175243393,
      "rev_growth_yoy_accel": -0.6563523055525837,
      "op_leverage_ratio": Infinity,
      "fcf_margin_change": 0.26884828240432856
    },
    {
      "date": "2022-06-30T00:00:00",
      "quarter_label": "2022-06 (Q2)",
      "revenue": 6183000,
      "gross_profit": 1138000,
      "operating_income": -17355000,
      "net_income": -18028000,
      "opex": 18493000,
      "cogs": 3951000,
      "rd": 4137000,
      "sga": null,
      "fcf": -11274000,
      "ocf": -11115000,
      "capex": -159000,
      "gross_margin": 0.18405304868186964,
      "op_margin": -2.806889859291606,
      "fcf_margin": -1.8233867054827753,
      "rev_growth_yoy": 0.17525185325983653,
      "rev_growth_yoy_accel": -1.0664727642645027,
      "fcf_margin_change": 0.42999460733519235
    },
    {
      "date": "2022-09-30T00:00:00",
      "quarter_label": "2022-09 (Q3)",
      "revenue": 6605000,
      "gross_profit": 1800000,
      "operating_income": -14573000,
      "net_income": -15632000,
      "opex": 16373000,
      "cogs": 4805000,
      "rd": 4803000,
      "sga": null,
      "fcf": -10869000,
      "ocf": -10695000,
      "capex": -174000,
      "gross_margin": 0.27252081756245267,
      "op_margin": -2.206358819076457,
      "fcf_margin": -1.6455715367146102,
      "rev_growth_yoy": 0.17338781311067686,
      "rev_growth_yoy_accel": -0.001864040149159668,
      "op_leverage_ratio": Infinity,
      "fcf_margin_change": 0.17781516876816506
    },
    {
      "date": "2022-12-31T00:00:00",
      "quarter_label": "2022-12 (Q4)",
      "revenue": 6809000,
      "gross_profit": 2732000,
      "operating_income": -9010000,
      "net_income": -12617000,
      "opex": 11742000,
      "cogs": 4077000,
      "rd": 4782000,
      "sga": null,
      "fcf": -7984000,
      "ocf": -7941000,
      "capex": -43000,
      "gross_margin": 0.40123366133059185,
      "op_margin": -1.323248641503892,
      "fcf_margin": -1.1725657218387429,
      "rev_growth_yoy": 0.12956204379562045,
      "rev_growth_yoy_accel": -0.04382576931505641,
      "op_leverage_ratio": Infinity,
      "fcf_margin_change": 0.47300581487586735
    },
    {
      "date": "2023-03-31T00:00:00",
      "quarter_label": "2023-03 (Q1)",
      "revenue": 7066000,
      "gross_profit": 3168000,
      "operating_income": -12408000,
      "net_income": -12825000,
      "opex": 15576000,
      "cogs": 3898000,
      "rd": 5165000,
      "sga": null,
      "fcf": -4831000,
      "ocf": -4757000,
      "capex": -74000,
      "gross_margin": 0.44834418341352955,
      "op_margin": -1.7560147183696575,
      "fcf_margin": -0.6836965751485989,
      "rev_growth_yoy": -0.12321627993547586,
      "rev_growth_yoy_accel": -0.2527783237310963,
      "op_leverage_ratio": 0.11559518827033445,
      "fcf_margin_change": 0.4888691466901439
    },
    {
      "date": "2023-06-30T00:00:00",
      "quarter_label": "2023-06 (Q2)",
      "revenue": 6152000,
      "gross_profit": 2074000,
      "operating_income": -14020000,
      "net_income": -16585000,
      "opex": 16094000,
      "cogs": 4078000,
      "rd": 5222000,
      "sga": null,
      "fcf": -9782000,
      "ocf": -9636000,
      "capex": -146000,
      "gross_margin": 0.3371261378413524,
      "op_margin": -2.278933680104031,
      "fcf_margin": -1.5900520156046813,
      "rev_growth_yoy": -0.005013747371825974,
      "rev_growth_yoy_accel": 0.11820253256364989,
      "fcf_margin_change": -0.9063554404560824
    },
    {
      "date": "2023-09-30T00:00:00",
      "quarter_label": "2023-09 (Q3)",
      "revenue": 3518000,
      "gross_profit": 610000,
      "operating_income": -15546000,
      "net_income": -15732000,
      "opex": 16156000,
      "cogs": 2908000,
      "rd": 5665000,
      "sga": null,
      "fcf": -8926000,
      "ocf": -8645000,
      "capex": -281000,
      "gross_margin": 0.17339397384877772,
      "op_margin": -4.4189880613985215,
      "fcf_margin": -2.537237066515065,
      "incr_op_margin_yoy": 0.31519274376417233,
      "rev_growth_yoy": -0.46737320211960637,
      "rev_growth_yoy_accel": -0.4623594547477804,
      "fcf_margin_change": -0.9471850509103839
    },
    {
      "date": "2023-12-31T00:00:00",
      "quarter_label": "2023-12 (Q4)",
      "revenue": 3616000,
      "gross_profit": 132000,
      "operating_income": -14215000,
      "net_income": -14285000,
      "opex": 14347000,
      "cogs": 3484000,
      "rd": 4196000,
      "sga": null,
      "fcf": -7424000,
      "ocf": -7341000,
      "capex": -83000,
      "gross_margin": 0.03650442477876106,
      "op_margin": -3.9311393805309733,
      "fcf_margin": -2.0530973451327434,
      "incr_op_margin_yoy": 1.6301284058878798,
      "rev_growth_yoy": -0.46893817006902627,
      "rev_growth_yoy_accel": -0.0015649679494199042,
      "op_leverage_ratio": Infinity,
      "fcf_margin_change": 0.48413972138232175
    },
    {
      "date": "2024-03-31T00:00:00",
      "quarter_label": "2024-03 (Q1)",
      "revenue": 5758000,
      "gross_profit": 2432000,
      "operating_income": -17855000,
      "net_income": -7175000,
      "opex": 20287000,
      "cogs": 3326000,
      "rd": 6642000,
      "sga": null,
      "fcf": -13166000,
      "ocf": -13110000,
      "capex": -56000,
      "gross_margin": 0.4223688780826676,
      "op_margin": -3.1009030913511637,
      "fcf_margin": -2.2865578325807574,
      "incr_op_margin_yoy": 4.164373088685015,
      "rev_growth_yoy": -0.18511180300028304,
      "rev_growth_yoy_accel": 0.2838263670687432,
      "op_leverage_ratio": 1.430756402520783,
      "fcf_margin_change": -0.23346048744801395
    },
    {
      "date": "2024-06-30T00:00:00",
      "quarter_label": "2024-06 (Q2)",
      "revenue": 6255000,
      "gross_profit": 2756000,
      "operating_income": -16191000,
      "net_income": -13610000,
      "opex": 18947000,
      "cogs": 3499000,
      "rd": 6810000,
      "sga": null,
      "fcf": -11392000,
      "ocf": -11363000,
      "capex": -29000,
      "gross_margin": 0.44060751398880893,
      "op_margin": -2.5884892086330935,
      "fcf_margin": -1.8212629896083135,
      "rev_growth_yoy": 0.016742522756827048,
      "rev_growth_yoy_accel": 0.2018543257571101,
      "op_leverage_ratio": Infinity,
      "fcf_margin_change": 0.46529484297244394
    },
    {
      "date": "2024-09-30T00:00:00",
      "quarter_label": "2024-09 (Q3)",
      "revenue": 7423000,
      "gross_profit": 3877000,
      "operating_income": -12030000,
      "net_income": -12330000,
      "opex": 15907000,
      "cogs": 3546000,
      "rd": 5446000,
      "sga": null,
      "fcf": -7389000,
      "ocf": -7357000,
      "capex": -32000,
      "gross_margin": 0.5222955678297184,
      "op_margin": -1.620638555839957,
      "fcf_margin": -0.9954196416543176,
      "incr_op_margin_yoy": 0.9003841229193342,
      "rev_growth_yoy": 1.1100056850483229,
      "rev_growth_yoy_accel": 1.093263162291496,
      "op_leverage_ratio": Infinity,
      "fcf_margin_change": 0.8258433479539958
    },
    {
      "date": "2024-12-31T00:00:00",
      "quarter_label": "2024-12 (Q4)",
      "revenue": 7604000,
      "gross_profit": 4202000,
      "operating_income": -11668000,
      "net_income": -9632000,
      "opex": 15870000,
      "cogs": 3402000,
      "rd": 5281000,
      "sga": null,
      "fcf": -6753000,
      "ocf": -6732000,
      "capex": -21000,
      "gross_margin": 0.5526038926880589,
      "op_margin": -1.5344555497106787,
      "fcf_margin": -0.8880852183061546,
      "incr_op_margin_yoy": 0.6386659979939819,
      "rev_growth_yoy": 1.1028761061946903,
      "rev_growth_yoy_accel": -0.007129578853632523,
      "op_leverage_ratio": Infinity,
      "fcf_margin_change": 0.10733442334816301
    },
    {
      "date": "2025-03-31T00:00:00",
      "quarter_label": "2025-03 (Q1)",
      "revenue": 6752000,
      "gross_profit": 3882000,
      "operating_income": -9409000,
      "net_income": -9227000,
      "opex": 13291000,
      "cogs": 2870000,
      "rd": 4108000,
      "sga": null,
      "fcf": -6704000,
      "ocf": -6673000,
      "capex": -31000,
      "gross_margin": 0.5749407582938388,
      "op_margin": -1.3935130331753554,
      "fcf_margin": -0.9928909952606635,
      "rev_growth_yoy": 0.17262938520319557,
      "rev_growth_yoy_accel": -0.9302467209914947,
      "fcf_margin_change": -0.10480577695450888
    },
    {
      "date": "2025-06-30T00:00:00",
      "quarter_label": "2025-06 (Q2)",
      "revenue": 5369000,
      "gross_profit": 2964000,
      "operating_income": -9200000,
      "net_income": -12990000,
      "opex": 12164000,
      "cogs": 2405000,
      "rd": 3721000,
      "sga": null,
      "fcf": -6075000,
      "ocf": -6031000,
      "capex": -44000,
      "gross_margin": 0.5520581113801453,
      "op_margin": -1.713540696591544,
      "fcf_margin": -1.1314956230210467,
      "rev_growth_yoy": -0.1416466826538769,
      "rev_growth_yoy_accel": -0.31427606785707246,
      "fcf_margin_change": -0.13860462776038318
    },
    {
      "date": "2025-09-30T00:00:00",
      "quarter_label": "2025-09 (Q3)",
      "revenue": 5007000,
      "gross_profit": 3015000,
      "operating_income": -9484000,
      "net_income": -10466000,
      "opex": 12499000,
      "cogs": 1992000,
      "rd": 3328000,
      "sga": null,
      "fcf": -7391000,
      "ocf": -7350000,
      "capex": -41000,
      "gross_margin": 0.6021569802276813,
      "op_margin": -1.8941481925304573,
      "fcf_margin": -1.4761334132214898,
      "incr_op_margin_yoy": -1.0538079470198676,
      "rev_growth_yoy": -0.32547487538730974,
      "rev_growth_yoy_accel": -0.18382819273343284,
      "fcf_margin_change": -0.34463779020044316
    }
  ],
  "signals": [
    {
      "quarter": "2025-09 (Q3)",
      "signal": "GROSS MARGIN INFLECTION",
      "detail": "GM: +57.5% -> +55.2% -> +60.2% (reversal +5.0%)",
      "severity": "HIGH"
    },
    {
      "quarter": "2025-09 (Q3)",
      "signal": "YoY REVENUE GROWTH DECELERATION",
      "detail": "YoY growth: -32.5% vs prior quarter YoY: -14.2% (decel: -18.4%)",
      "severity": "WARNING"
    },
    {
      "quarter": "2025-06 (Q2)",
      "signal": "YoY REVENUE GROWTH DECELERATION",
      "detail": "YoY growth: -14.2% vs prior quarter YoY: +17.3% (decel: -31.4%)",
      "severity": "WARNING"
    },
    {
      "quarter": "2025-03 (Q1)",
      "signal": "YoY REVENUE GROWTH DECELERATION",
      "detail": "YoY growth: +17.3% vs prior quarter YoY: +110.3% (decel: -93.0%)",
      "severity": "WARNING"
    },
    {
      "quarter": "2024-12 (Q4)",
      "signal": "FCF MARGIN EXPANSION",
      "detail": "FCF margin: -99.5% -> -88.8% (+10.7%)",
      "severity": "MEDIUM"
    },
    {
      "quarter": "2024-09 (Q3)",
      "signal": "FCF MARGIN EXPANSION",
      "detail": "FCF margin: -182.1% -> -99.5% (+82.6%)",
      "severity": "MEDIUM"
    },
    {
      "quarter": "2024-09 (Q3)",
      "signal": "YoY REVENUE GROWTH ACCELERATION",
      "detail": "YoY growth: +111.0% vs prior quarter YoY: +1.7% (accel: +109.3%)",
      "severity": "HIGH"
    },
    {
      "quarter": "2024-06 (Q2)",
      "signal": "FCF MARGIN EXPANSION",
      "detail": "FCF margin: -228.7% -> -182.1% (+46.5%)",
      "severity": "MEDIUM"
    },
    {
      "quarter": "2024-06 (Q2)",
      "signal": "YoY REVENUE GROWTH ACCELERATION",
      "detail": "YoY growth: +1.7% vs prior quarter YoY: -18.5% (accel: +20.2%)",
      "severity": "HIGH"
    },
    {
      "quarter": "2024-03 (Q1)",
      "signal": "GROSS MARGIN INFLECTION",
      "detail": "GM: +17.3% -> +3.7% -> +42.2% (reversal +38.6%)",
      "severity": "HIGH"
    },
    {
      "quarter": "2024-03 (Q1)",
      "signal": "YoY REVENUE GROWTH ACCELERATION",
      "detail": "YoY growth: -18.5% vs prior quarter YoY: -46.9% (accel: +28.4%)",
      "severity": "HIGH"
    },
    {
      "quarter": "2023-12 (Q4)",
      "signal": "FCF MARGIN EXPANSION",
      "detail": "FCF margin: -253.7% -> -205.3% (+48.4%)",
      "severity": "MEDIUM"
    },
    {
      "quarter": "2023-09 (Q3)",
      "signal": "YoY REVENUE GROWTH DECELERATION",
      "detail": "YoY growth: -46.7% vs prior quarter YoY: -0.5% (decel: -46.2%)",
      "severity": "WARNING"
    },
    {
      "quarter": "2023-06 (Q2)",
      "signal": "YoY REVENUE GROWTH ACCELERATION",
      "detail": "YoY growth: -0.5% vs prior quarter YoY: -12.3% (accel: +11.8%)",
      "severity": "MEDIUM"
    },
    {
      "quarter": "2023-03 (Q1)",
      "signal": "FCF MARGIN EXPANSION",
      "detail": "FCF margin: -117.3% -> -68.4% (+48.9%)",
      "severity": "MEDIUM"
    },
    {
      "quarter": "2023-03 (Q1)",
      "signal": "YoY REVENUE GROWTH DECELERATION",
      "detail": "YoY growth: -12.3% vs prior quarter YoY: +13.0% (decel: -25.3%)",
      "severity": "WARNING"
    },
    {
      "quarter": "2022-12 (Q4)",
      "signal": "FCF MARGIN EXPANSION",
      "detail": "FCF margin: -164.6% -> -117.3% (+47.3%)",
      "severity": "MEDIUM"
    },
    {
      "quarter": "2022-09 (Q3)",
      "signal": "FCF MARGIN EXPANSION",
      "detail": "FCF margin: -182.3% -> -164.6% (+17.8%)",
      "severity": "MEDIUM"
    },
    {
      "quarter": "2022-09 (Q3)",
      "signal": "GROSS MARGIN INFLECTION",
      "detail": "GM: +49.4% -> +18.4% -> +27.3% (reversal +8.8%)",
      "severity": "HIGH"
    },
    {
      "quarter": "2022-06 (Q2)",
      "signal": "FCF MARGIN EXPANSION",
      "detail": "FCF margin: -225.3% -> -182.3% (+43.0%)",
      "severity": "MEDIUM"
    },
    {
      "quarter": "2022-06 (Q2)",
      "signal": "YoY REVENUE GROWTH DECELERATION",
      "detail": "YoY growth: +17.5% vs prior quarter YoY: +124.2% (decel: -106.6%)",
      "severity": "WARNING"
    },
    {
      "quarter": "2022-03 (Q1)",
      "signal": "FCF MARGIN EXPANSION",
      "detail": "FCF margin: -252.2% -> -225.3% (+26.9%)",
      "severity": "MEDIUM"
    },
    {
      "quarter": "2022-03 (Q1)",
      "signal": "GROSS MARGIN INFLECTION",
      "detail": "GM: +14.7% -> +9.1% -> +49.4% (reversal +40.4%)",
      "severity": "HIGH"
    },
    {
      "quarter": "2022-03 (Q1)",
      "signal": "YoY REVENUE GROWTH DECELERATION",
      "detail": "YoY growth: +124.2% vs prior quarter YoY: +189.8% (decel: -65.6%)",
      "severity": "WARNING"
    },
    {
      "quarter": "2021-09 (Q3)",
      "signal": "FCF MARGIN EXPANSION",
      "detail": "FCF margin: -234.5% -> -222.6% (+11.8%)",
      "severity": "MEDIUM"
    },
    {
      "quarter": "2021-06 (Q2)",
      "signal": "FCF MARGIN EXPANSION",
      "detail": "FCF margin: -294.9% -> -234.5% (+60.4%)",
      "severity": "MEDIUM"
    },
    {
      "quarter": "2021-06 (Q2)",
      "signal": "OPERATING LEVERAGE",
      "detail": "Rev growth +46.3% vs OpEx growth +26.6% (leverage: 1.7x)",
      "severity": "MEDIUM"
    },
    {
      "quarter": "2021-03 (Q1)",
      "signal": "FCF MARGIN EXPANSION",
      "detail": "FCF margin: -327.4% -> -294.9% (+32.5%)",
      "severity": "MEDIUM"
    }
  ],
  "data_quality": {
    "n_quarters": 20,
    "coverage": {
      "revenue": [
        20,
        20
      ],
      "gross_profit": [
        20,
        20
      ],
      "op_income": [
        20,
        20
      ],
      "fcf": [
        20,
        20
      ]
    },
    "gaps": [],
    "warnings": []
  },
  "market_cap": null,
  "source": "SEC EDGAR",
  "last_updated": "2026-02-02T23:29:31.759816"
}