{
  "ticker": "DRS",
  "name": "LEONARDO DRS, INC.",
  "quarters": [
    {
      "date": "2020-12-31T00:00:00",
      "quarter_label": "2020-12 (Q4)",
      "revenue": 826000000,
      "gross_profit": 157000000,
      "operating_income": 79000000,
      "net_income": 47000000,
      "opex": 78000000,
      "cogs": 669000000,
      "rd": null,
      "sga": null,
      "fcf": 336000000,
      "ocf": 355000000,
      "capex": -19000000,
      "gross_margin": 0.1900726392251816,
      "op_margin": 0.09564164648910412,
      "fcf_margin": 0.4067796610169492
    },
    {
      "date": "2021-03-31T00:00:00",
      "quarter_label": "2021-03 (Q1)",
      "revenue": 681000000,
      "gross_profit": 136000000,
      "operating_income": 51000000,
      "net_income": 29000000,
      "opex": 85000000,
      "cogs": 545000000,
      "rd": null,
      "sga": null,
      "fcf": -262000000,
      "ocf": -249000000,
      "capex": -13000000,
      "gross_margin": 0.19970631424375918,
      "op_margin": 0.07488986784140969,
      "fcf_margin": -0.38472834067547723,
      "fcf_margin_change": -0.7915080016924264
    },
    {
      "date": "2021-06-30T00:00:00",
      "quarter_label": "2021-06 (Q2)",
      "revenue": 658000000,
      "gross_profit": 127000000,
      "operating_income": 51000000,
      "net_income": 32000000,
      "opex": 76000000,
      "cogs": 531000000,
      "rd": null,
      "sga": null,
      "fcf": 48000000,
      "ocf": 64000000,
      "capex": -16000000,
      "gross_margin": 0.19300911854103345,
      "op_margin": 0.07750759878419453,
      "fcf_margin": 0.0729483282674772,
      "fcf_margin_change": 0.45767666894295445
    },
    {
      "date": "2021-09-30T00:00:00",
      "quarter_label": "2021-09 (Q3)",
      "revenue": 720000000,
      "gross_profit": 131000000,
      "operating_income": 53000000,
      "net_income": 35000000,
      "opex": 78000000,
      "cogs": 589000000,
      "rd": null,
      "sga": null,
      "fcf": 61000000,
      "ocf": 74000000,
      "capex": -13000000,
      "gross_margin": 0.18194444444444444,
      "op_margin": 0.07361111111111111,
      "fcf_margin": 0.08472222222222223,
      "op_leverage_ratio": 3.580547112462006,
      "fcf_margin_change": 0.011773893954745027
    },
    {
      "date": "2021-12-31T00:00:00",
      "quarter_label": "2021-12 (Q4)",
      "revenue": 820000000,
      "gross_profit": 153000000,
      "operating_income": 81000000,
      "net_income": 58000000,
      "opex": 72000000,
      "cogs": 667000000,
      "rd": null,
      "sga": null,
      "fcf": 271000000,
      "ocf": 289000000,
      "capex": -18000000,
      "gross_margin": 0.18658536585365854,
      "op_margin": 0.09878048780487805,
      "fcf_margin": 0.3304878048780488,
      "incr_op_margin_yoy": -0.3333333333333333,
      "rev_growth_yoy": -0.007263922518159807,
      "op_leverage_ratio": Infinity,
      "fcf_margin_change": 0.24576558265582657
    },
    {
      "date": "2022-03-31T00:00:00",
      "quarter_label": "2022-03 (Q1)",
      "revenue": 612000000,
      "gross_profit": 134000000,
      "operating_income": 56000000,
      "net_income": 36000000,
      "opex": 78000000,
      "cogs": 478000000,
      "rd": null,
      "sga": null,
      "fcf": -268000000,
      "ocf": -255000000,
      "capex": -13000000,
      "gross_margin": 0.21895424836601307,
      "op_margin": 0.0915032679738562,
      "fcf_margin": -0.43790849673202614,
      "incr_op_margin_yoy": -0.07246376811594203,
      "rev_growth_yoy": -0.1013215859030837,
      "rev_growth_yoy_accel": -0.09405766338492388,
      "fcf_margin_change": -0.768396301610075
    },
    {
      "date": "2022-06-30T00:00:00",
      "quarter_label": "2022-06 (Q2)",
      "revenue": 627000000,
      "gross_profit": 127000000,
      "operating_income": 42000000,
      "net_income": 25000000,
      "opex": 85000000,
      "cogs": 500000000,
      "rd": null,
      "sga": null,
      "fcf": 4000000,
      "ocf": 13000000,
      "capex": -9000000,
      "gross_margin": 0.2025518341307815,
      "op_margin": 0.06698564593301436,
      "fcf_margin": 0.006379585326953748,
      "incr_op_margin_yoy": 0.2903225806451613,
      "rev_growth_yoy": -0.04711246200607903,
      "rev_growth_yoy_accel": 0.05420912389700467,
      "op_leverage_ratio": 0.27310924369747897,
      "fcf_margin_change": 0.4442880820589799
    },
    {
      "date": "2022-09-30T00:00:00",
      "quarter_label": "2022-09 (Q3)",
      "revenue": 634000000,
      "gross_profit": 130000000,
      "operating_income": 376000000,
      "net_income": 279000000,
      "opex": -246000000,
      "cogs": 504000000,
      "rd": null,
      "sga": null,
      "fcf": -17000000,
      "ocf": -4000000,
      "capex": -13000000,
      "gross_margin": 0.20504731861198738,
      "op_margin": 0.5930599369085173,
      "fcf_margin": -0.026813880126182965,
      "incr_op_margin_yoy": -3.755813953488372,
      "rev_growth_yoy": -0.11944444444444445,
      "rev_growth_yoy_accel": -0.07233198243836542,
      "op_leverage_ratio": Infinity,
      "fcf_margin_change": -0.033193465453136714
    },
    {
      "date": "2022-12-31T00:00:00",
      "quarter_label": "2022-12 (Q4)",
      "revenue": 820000000,
      "gross_profit": 184000000,
      "operating_income": 87000000,
      "net_income": 65000000,
      "opex": 97000000,
      "cogs": 636000000,
      "rd": null,
      "sga": null,
      "fcf": 249000000,
      "ocf": 279000000,
      "capex": -30000000,
      "gross_margin": 0.22439024390243903,
      "op_margin": 0.10609756097560975,
      "fcf_margin": 0.30365853658536585,
      "rev_growth_yoy": 0.0,
      "rev_growth_yoy_accel": 0.11944444444444445,
      "op_leverage_ratio": Infinity,
      "fcf_margin_change": 0.3304724167115488
    },
    {
      "date": "2023-03-31T00:00:00",
      "quarter_label": "2023-03 (Q1)",
      "revenue": 569000000,
      "gross_profit": 131000000,
      "operating_income": 25000000,
      "net_income": 12000000,
      "opex": 106000000,
      "cogs": 438000000,
      "rd": null,
      "sga": null,
      "fcf": -349000000,
      "ocf": -334000000,
      "capex": -15000000,
      "gross_margin": 0.23022847100175747,
      "op_margin": 0.043936731107205626,
      "fcf_margin": -0.6133567662565905,
      "incr_op_margin_yoy": 0.7209302325581395,
      "rev_growth_yoy": -0.07026143790849673,
      "rev_growth_yoy_accel": -0.07026143790849673,
      "fcf_margin_change": -0.9170153028419563
    },
    {
      "date": "2023-06-30T00:00:00",
      "quarter_label": "2023-06 (Q2)",
      "revenue": 628000000,
      "gross_profit": 145000000,
      "operating_income": 42000000,
      "net_income": 35000000,
      "opex": 103000000,
      "cogs": 483000000,
      "rd": null,
      "sga": null,
      "fcf": -24000000,
      "ocf": -12000000,
      "capex": -12000000,
      "gross_margin": 0.23089171974522293,
      "op_margin": 0.06687898089171974,
      "fcf_margin": -0.03821656050955414,
      "rev_growth_yoy": 0.001594896331738437,
      "rev_growth_yoy_accel": 0.07185633424023517,
      "op_leverage_ratio": Infinity,
      "fcf_margin_change": 0.5751402057470364
    },
    {
      "date": "2023-09-30T00:00:00",
      "quarter_label": "2023-09 (Q3)",
      "revenue": 703000000,
      "gross_profit": 162000000,
      "operating_income": 59000000,
      "net_income": 47000000,
      "opex": 103000000,
      "cogs": 541000000,
      "rd": null,
      "sga": null,
      "fcf": 21000000,
      "ocf": 36000000,
      "capex": -15000000,
      "gross_margin": 0.23044096728307253,
      "op_margin": 0.08392603129445235,
      "fcf_margin": 0.029871977240398292,
      "incr_op_margin_yoy": -4.594202898550725,
      "rev_growth_yoy": 0.10883280757097792,
      "rev_growth_yoy_accel": 0.10723791123923948,
      "op_leverage_ratio": Infinity,
      "fcf_margin_change": 0.06808853774995244
    },
    {
      "date": "2023-12-31T00:00:00",
      "quarter_label": "2023-12 (Q4)",
      "revenue": 926000000,
      "gross_profit": 210000000,
      "operating_income": 105000000,
      "net_income": 74000000,
      "opex": 105000000,
      "cogs": 716000000,
      "rd": null,
      "sga": null,
      "fcf": 497000000,
      "ocf": 515000000,
      "capex": -18000000,
      "gross_margin": 0.2267818574514039,
      "op_margin": 0.11339092872570194,
      "fcf_margin": 0.5367170626349892,
      "incr_op_margin_yoy": 0.16981132075471697,
      "rev_growth_yoy": 0.12926829268292683,
      "rev_growth_yoy_accel": 0.02043548511194891,
      "op_leverage_ratio": 16.336415362731152,
      "fcf_margin_change": 0.5068450853945909
    },
    {
      "date": "2024-03-31T00:00:00",
      "quarter_label": "2024-03 (Q1)",
      "revenue": 688000000,
      "gross_profit": 153000000,
      "operating_income": 43000000,
      "net_income": 29000000,
      "opex": 110000000,
      "cogs": 535000000,
      "rd": 20000000,
      "sga": null,
      "fcf": -275000000,
      "ocf": -265000000,
      "capex": -10000000,
      "gross_margin": 0.22238372093023256,
      "op_margin": 0.0625,
      "fcf_margin": -0.3997093023255814,
      "incr_op_margin_yoy": 0.15126050420168066,
      "rev_growth_yoy": 0.20913884007029876,
      "rev_growth_yoy_accel": 0.07987054738737193,
      "fcf_margin_change": -0.9364263649605706
    },
    {
      "date": "2024-06-30T00:00:00",
      "quarter_label": "2024-06 (Q2)",
      "revenue": 753000000,
      "gross_profit": 169000000,
      "operating_income": 55000000,
      "net_income": 38000000,
      "opex": 114000000,
      "cogs": 584000000,
      "rd": 21000000,
      "sga": null,
      "fcf": 0,
      "ocf": 34000000,
      "capex": -34000000,
      "gross_margin": 0.2244355909694555,
      "op_margin": 0.07304116865869854,
      "fcf_margin": 0.0,
      "incr_op_margin_yoy": 0.104,
      "rev_growth_yoy": 0.19904458598726116,
      "rev_growth_yoy_accel": -0.010094254083037602,
      "op_leverage_ratio": 2.5981104651162794,
      "fcf_margin_change": 0.3997093023255814
    },
    {
      "date": "2024-09-30T00:00:00",
      "quarter_label": "2024-09 (Q3)",
      "revenue": 812000000,
      "gross_profit": 179000000,
      "operating_income": 75000000,
      "net_income": 57000000,
      "opex": 104000000,
      "cogs": 633000000,
      "rd": 23000000,
      "sga": null,
      "fcf": 47000000,
      "ocf": 59000000,
      "capex": -12000000,
      "gross_margin": 0.2204433497536946,
      "op_margin": 0.09236453201970443,
      "fcf_margin": 0.05788177339901478,
      "incr_op_margin_yoy": 0.14678899082568808,
      "rev_growth_yoy": 0.155049786628734,
      "rev_growth_yoy_accel": -0.043994799358527154,
      "op_leverage_ratio": Infinity,
      "fcf_margin_change": 0.05788177339901478
    },
    {
      "date": "2024-12-31T00:00:00",
      "quarter_label": "2024-12 (Q4)",
      "revenue": 981000000,
      "gross_profit": 235000000,
      "operating_income": 120000000,
      "net_income": 89000000,
      "opex": 115000000,
      "cogs": 746000000,
      "rd": 28000000,
      "sga": null,
      "fcf": 414000000,
      "ocf": 443000000,
      "capex": -29000000,
      "gross_margin": 0.23955147808358818,
      "op_margin": 0.12232415902140673,
      "fcf_margin": 0.42201834862385323,
      "incr_op_margin_yoy": 0.2727272727272727,
      "rev_growth_yoy": 0.05939524838012959,
      "rev_growth_yoy_accel": -0.09565453824860441,
      "op_leverage_ratio": 1.967756381549485,
      "fcf_margin_change": 0.36413657522483844
    },
    {
      "date": "2025-03-31T00:00:00",
      "quarter_label": "2025-03 (Q1)",
      "revenue": 799000000,
      "gross_profit": 181000000,
      "operating_income": 59000000,
      "net_income": 50000000,
      "opex": 122000000,
      "cogs": 618000000,
      "rd": 28000000,
      "sga": null,
      "fcf": -170000000,
      "ocf": -138000000,
      "capex": -32000000,
      "gross_margin": 0.2265331664580726,
      "op_margin": 0.07384230287859825,
      "fcf_margin": -0.2127659574468085,
      "incr_op_margin_yoy": 0.14414414414414414,
      "rev_growth_yoy": 0.1613372093023256,
      "rev_growth_yoy_accel": 0.101941960922196,
      "fcf_margin_change": -0.6347843060706617
    },
    {
      "date": "2025-06-30T00:00:00",
      "quarter_label": "2025-06 (Q2)",
      "revenue": 829000000,
      "gross_profit": 197000000,
      "operating_income": 70000000,
      "net_income": 54000000,
      "opex": 127000000,
      "cogs": 632000000,
      "rd": 30000000,
      "sga": null,
      "fcf": -56000000,
      "ocf": -28000000,
      "capex": -28000000,
      "gross_margin": 0.2376357056694813,
      "op_margin": 0.08443908323281062,
      "fcf_margin": -0.06755126658624849,
      "incr_op_margin_yoy": 0.19736842105263158,
      "rev_growth_yoy": 0.10092961487383798,
      "rev_growth_yoy_accel": -0.060407594428487615,
      "op_leverage_ratio": 0.9161451814768462,
      "fcf_margin_change": 0.14521469086056002
    },
    {
      "date": "2025-09-30T00:00:00",
      "quarter_label": "2025-09 (Q3)",
      "revenue": 960000000,
      "gross_profit": 222000000,
      "operating_income": 93000000,
      "net_income": 72000000,
      "opex": 129000000,
      "cogs": 738000000,
      "rd": 36000000,
      "sga": null,
      "fcf": 77000000,
      "ocf": 107000000,
      "capex": -30000000,
      "gross_margin": 0.23125,
      "op_margin": 0.096875,
      "fcf_margin": 0.08020833333333334,
      "incr_op_margin_yoy": 0.12162162162162163,
      "rev_growth_yoy": 0.18226600985221675,
      "rev_growth_yoy_accel": 0.08133639497837877,
      "op_leverage_ratio": 10.034378769601929,
      "fcf_margin_change": 0.14775959991958182
    }
  ],
  "signals": [
    {
      "quarter": "2025-09 (Q3)",
      "signal": "FCF TURNED POSITIVE",
      "detail": "FCF margin: -6.8% -> +8.0%",
      "severity": "HIGH"
    },
    {
      "quarter": "2025-09 (Q3)",
      "signal": "OPERATING LEVERAGE",
      "detail": "Rev growth +15.8% vs OpEx growth +1.6% (leverage: 10.0x)",
      "severity": "MEDIUM"
    },
    {
      "quarter": "2025-09 (Q3)",
      "signal": "YoY REVENUE GROWTH ACCELERATION",
      "detail": "YoY growth: +18.2% vs prior quarter YoY: +10.1% (accel: +8.1%)",
      "severity": "MEDIUM"
    },
    {
      "quarter": "2025-06 (Q2)",
      "signal": "FCF MARGIN EXPANSION",
      "detail": "FCF margin: -21.3% -> -6.8% (+14.5%)",
      "severity": "MEDIUM"
    },
    {
      "quarter": "2025-06 (Q2)",
      "signal": "YoY REVENUE GROWTH DECELERATION",
      "detail": "YoY growth: +10.1% vs prior quarter YoY: +16.1% (decel: -6.0%)",
      "severity": "WARNING"
    },
    {
      "quarter": "2025-06 (Q2)",
      "signal": "INCREMENTAL MARGIN (YoY)",
      "detail": "YoY Incr OPM: +19.7% vs year-ago OPM: +7.3%",
      "severity": "MEDIUM"
    },
    {
      "quarter": "2025-03 (Q1)",
      "signal": "YoY REVENUE GROWTH ACCELERATION",
      "detail": "YoY growth: +16.1% vs prior quarter YoY: +5.9% (accel: +10.2%)",
      "severity": "MEDIUM"
    },
    {
      "quarter": "2024-12 (Q4)",
      "signal": "FCF MARGIN EXPANSION",
      "detail": "FCF margin: +5.8% -> +42.2% (+36.4%)",
      "severity": "MEDIUM"
    },
    {
      "quarter": "2024-12 (Q4)",
      "signal": "OPERATING LEVERAGE",
      "detail": "Rev growth +20.8% vs OpEx growth +10.6% (leverage: 2.0x)",
      "severity": "MEDIUM"
    },
    {
      "quarter": "2024-12 (Q4)",
      "signal": "YoY REVENUE GROWTH DECELERATION",
      "detail": "YoY growth: +5.9% vs prior quarter YoY: +15.5% (decel: -9.6%)",
      "severity": "WARNING"
    },
    {
      "quarter": "2024-12 (Q4)",
      "signal": "INCREMENTAL MARGIN (YoY)",
      "detail": "YoY Incr OPM: +27.3% vs year-ago OPM: +11.3%",
      "severity": "MEDIUM"
    },
    {
      "quarter": "2024-09 (Q3)",
      "signal": "FCF MARGIN EXPANSION",
      "detail": "FCF margin: +0.0% -> +5.8% (+5.8%)",
      "severity": "MEDIUM"
    },
    {
      "quarter": "2024-06 (Q2)",
      "signal": "FCF MARGIN EXPANSION",
      "detail": "FCF margin: -40.0% -> +0.0% (+40.0%)",
      "severity": "MEDIUM"
    },
    {
      "quarter": "2024-06 (Q2)",
      "signal": "OPERATING LEVERAGE",
      "detail": "Rev growth +9.4% vs OpEx growth +3.6% (leverage: 2.6x)",
      "severity": "MEDIUM"
    },
    {
      "quarter": "2024-03 (Q1)",
      "signal": "YoY REVENUE GROWTH ACCELERATION",
      "detail": "YoY growth: +20.9% vs prior quarter YoY: +12.9% (accel: +8.0%)",
      "severity": "MEDIUM"
    },
    {
      "quarter": "2024-03 (Q1)",
      "signal": "INCREMENTAL MARGIN (YoY)",
      "detail": "YoY Incr OPM: +15.1% vs year-ago OPM: +4.4%",
      "severity": "MEDIUM"
    },
    {
      "quarter": "2023-12 (Q4)",
      "signal": "FCF MARGIN EXPANSION",
      "detail": "FCF margin: +3.0% -> +53.7% (+50.7%)",
      "severity": "MEDIUM"
    },
    {
      "quarter": "2023-12 (Q4)",
      "signal": "OPERATING LEVERAGE",
      "detail": "Rev growth +31.7% vs OpEx growth +1.9% (leverage: 16.3x)",
      "severity": "MEDIUM"
    },
    {
      "quarter": "2023-09 (Q3)",
      "signal": "FCF TURNED POSITIVE",
      "detail": "FCF margin: -3.8% -> +3.0%",
      "severity": "HIGH"
    },
    {
      "quarter": "2023-09 (Q3)",
      "signal": "YoY REVENUE GROWTH ACCELERATION",
      "detail": "YoY growth: +10.9% vs prior quarter YoY: +0.2% (accel: +10.7%)",
      "severity": "MEDIUM"
    },
    {
      "quarter": "2023-06 (Q2)",
      "signal": "FCF MARGIN EXPANSION",
      "detail": "FCF margin: -61.3% -> -3.8% (+57.5%)",
      "severity": "MEDIUM"
    },
    {
      "quarter": "2023-06 (Q2)",
      "signal": "YoY REVENUE GROWTH ACCELERATION",
      "detail": "YoY growth: +0.2% vs prior quarter YoY: -7.0% (accel: +7.2%)",
      "severity": "MEDIUM"
    },
    {
      "quarter": "2023-03 (Q1)",
      "signal": "YoY REVENUE GROWTH DECELERATION",
      "detail": "YoY growth: -7.0% vs prior quarter YoY: +0.0% (decel: -7.0%)",
      "severity": "WARNING"
    },
    {
      "quarter": "2023-03 (Q1)",
      "signal": "INCREMENTAL MARGIN (YoY)",
      "detail": "YoY Incr OPM: +72.1% vs year-ago OPM: +9.2%",
      "severity": "HIGH"
    },
    {
      "quarter": "2022-12 (Q4)",
      "signal": "FCF TURNED POSITIVE",
      "detail": "FCF margin: -2.7% -> +30.4%",
      "severity": "HIGH"
    },
    {
      "quarter": "2022-12 (Q4)",
      "signal": "YoY REVENUE GROWTH ACCELERATION",
      "detail": "YoY growth: +0.0% vs prior quarter YoY: -11.9% (accel: +11.9%)",
      "severity": "MEDIUM"
    },
    {
      "quarter": "2022-09 (Q3)",
      "signal": "YoY REVENUE GROWTH DECELERATION",
      "detail": "YoY growth: -11.9% vs prior quarter YoY: -4.7% (decel: -7.2%)",
      "severity": "WARNING"
    },
    {
      "quarter": "2022-06 (Q2)",
      "signal": "FCF TURNED POSITIVE",
      "detail": "FCF margin: -43.8% -> +0.6%",
      "severity": "HIGH"
    },
    {
      "quarter": "2022-06 (Q2)",
      "signal": "YoY REVENUE GROWTH ACCELERATION",
      "detail": "YoY growth: -4.7% vs prior quarter YoY: -10.1% (accel: +5.4%)",
      "severity": "MEDIUM"
    },
    {
      "quarter": "2022-06 (Q2)",
      "signal": "INCREMENTAL MARGIN (YoY)",
      "detail": "YoY Incr OPM: +29.0% vs year-ago OPM: +7.8%",
      "severity": "HIGH"
    },
    {
      "quarter": "2022-03 (Q1)",
      "signal": "YoY REVENUE GROWTH DECELERATION",
      "detail": "YoY growth: -10.1% vs prior quarter YoY: -0.7% (decel: -9.4%)",
      "severity": "WARNING"
    },
    {
      "quarter": "2021-12 (Q4)",
      "signal": "FCF MARGIN EXPANSION",
      "detail": "FCF margin: +8.5% -> +33.0% (+24.6%)",
      "severity": "MEDIUM"
    },
    {
      "quarter": "2021-09 (Q3)",
      "signal": "OPERATING LEVERAGE",
      "detail": "Rev growth +9.4% vs OpEx growth +2.6% (leverage: 3.6x)",
      "severity": "MEDIUM"
    },
    {
      "quarter": "2021-06 (Q2)",
      "signal": "FCF TURNED POSITIVE",
      "detail": "FCF margin: -38.5% -> +7.3%",
      "severity": "HIGH"
    }
  ],
  "data_quality": {
    "n_quarters": 20,
    "coverage": {
      "revenue": [
        20,
        20
      ],
      "gross_profit": [
        20,
        20
      ],
      "op_income": [
        20,
        20
      ],
      "fcf": [
        20,
        20
      ]
    },
    "gaps": [],
    "warnings": []
  },
  "market_cap": null,
  "source": "SEC EDGAR",
  "last_updated": "2026-02-02T20:34:49.750969",
  "sector": "Industrials",
  "industry": "Aerospace & Defense"
}