{
  "ticker": "DRTTF",
  "name": "DIRTT ENVIRONMENTAL SOLUTIONS LTD",
  "quarters": [
    {
      "date": "2020-12-31T00:00:00",
      "quarter_label": "2020-12 (Q4)",
      "revenue": 42192000,
      "gross_profit": 11540000,
      "operating_income": -6639000,
      "net_income": -4178000,
      "opex": 18179000,
      "cogs": 30652000,
      "rd": null,
      "sga": null,
      "fcf": -4110000,
      "ocf": 5090000,
      "capex": -9200000,
      "gross_margin": 0.2735115661736822,
      "op_margin": -0.15735210466439134,
      "fcf_margin": -0.09741183162684869
    },
    {
      "date": "2021-03-31T00:00:00",
      "quarter_label": "2021-03 (Q1)",
      "revenue": 29465000,
      "gross_profit": 3370000,
      "operating_income": -15867000,
      "net_income": -12499000,
      "opex": 19237000,
      "cogs": 26095000,
      "rd": null,
      "sga": null,
      "fcf": -15002000,
      "ocf": -12094000,
      "capex": -2908000,
      "gross_margin": 0.11437298489733583,
      "op_margin": -0.5385033090106907,
      "fcf_margin": -0.5091464449346682,
      "fcf_margin_change": -0.4117346133078195
    },
    {
      "date": "2021-06-30T00:00:00",
      "quarter_label": "2021-06 (Q2)",
      "revenue": 41102000,
      "gross_profit": 9224000,
      "operating_income": -12118000,
      "net_income": -9738000,
      "opex": 21342000,
      "cogs": 31878000,
      "rd": null,
      "sga": null,
      "fcf": -5713000,
      "ocf": 86000,
      "capex": -5799000,
      "gross_margin": 0.2244173032942436,
      "op_margin": -0.29482750231132304,
      "fcf_margin": -0.13899566931049584,
      "op_leverage_ratio": 3.609273839528601,
      "fcf_margin_change": 0.37015077562417237
    },
    {
      "date": "2021-09-30T00:00:00",
      "quarter_label": "2021-09 (Q3)",
      "revenue": 34098000,
      "gross_profit": 2450000,
      "operating_income": -17989000,
      "net_income": -15419000,
      "opex": 20439000,
      "cogs": 31648000,
      "rd": null,
      "sga": null,
      "fcf": -13946000,
      "ocf": -12191000,
      "capex": -1755000,
      "gross_margin": 0.07185172150859288,
      "op_margin": -0.5275675992726846,
      "fcf_margin": -0.40899759516687195,
      "fcf_margin_change": -0.2700019258563761
    },
    {
      "date": "2021-12-31T00:00:00",
      "quarter_label": "2021-12 (Q4)",
      "revenue": 42928000,
      "gross_profit": 8416000,
      "operating_income": -15964000,
      "net_income": -16012000,
      "opex": 24380000,
      "cogs": 34512000,
      "rd": null,
      "sga": null,
      "fcf": -8657000,
      "ocf": -7338000,
      "capex": -1319000,
      "gross_margin": 0.1960491986582184,
      "op_margin": -0.3718784942228848,
      "fcf_margin": -0.20166325009317929,
      "rev_growth_yoy": 0.017444065225635193,
      "op_leverage_ratio": 1.3430278108344786,
      "fcf_margin_change": 0.20733434507369267
    },
    {
      "date": "2022-03-31T00:00:00",
      "quarter_label": "2022-03 (Q1)",
      "revenue": 38286000,
      "gross_profit": 3287000,
      "operating_income": -21566000,
      "net_income": -23042000,
      "opex": 24853000,
      "cogs": 34999000,
      "rd": null,
      "sga": null,
      "fcf": -20005000,
      "ocf": -19042000,
      "capex": -963000,
      "gross_margin": 0.08585383691166484,
      "op_margin": -0.5632868411429766,
      "fcf_margin": -0.522514757352557,
      "incr_op_margin_yoy": -0.6460718739371953,
      "rev_growth_yoy": 0.29937213643305616,
      "rev_growth_yoy_accel": 0.28192807120742097,
      "fcf_margin_change": -0.3208515072593777
    },
    {
      "date": "2022-06-30T00:00:00",
      "quarter_label": "2022-06 (Q2)",
      "revenue": 44701000,
      "gross_profit": 6276000,
      "operating_income": -19274000,
      "net_income": -19288000,
      "opex": 25550000,
      "cogs": 38425000,
      "rd": null,
      "sga": null,
      "fcf": -18724000,
      "ocf": -17800000,
      "capex": -924000,
      "gross_margin": 0.1403995436343706,
      "op_margin": -0.43117603633028345,
      "fcf_margin": -0.4188720610277175,
      "incr_op_margin_yoy": -1.9883300916921367,
      "rev_growth_yoy": 0.08756264901951243,
      "rev_growth_yoy_accel": -0.21180948741354372,
      "op_leverage_ratio": 5.974515709785544,
      "fcf_margin_change": 0.10364269632483952
    },
    {
      "date": "2022-09-30T00:00:00",
      "quarter_label": "2022-09 (Q3)",
      "revenue": 46747000,
      "gross_profit": 7008000,
      "operating_income": -13983000,
      "net_income": -6727000,
      "opex": 20991000,
      "cogs": 39739000,
      "rd": null,
      "sga": null,
      "fcf": -11027000,
      "ocf": -10667000,
      "capex": -360000,
      "gross_margin": 0.14991336342439088,
      "op_margin": -0.2991207991956703,
      "fcf_margin": -0.2358867948745374,
      "incr_op_margin_yoy": 0.31670487785595697,
      "rev_growth_yoy": 0.37096017361722095,
      "rev_growth_yoy_accel": 0.2833975245977085,
      "op_leverage_ratio": Infinity,
      "fcf_margin_change": 0.18298526615318012
    },
    {
      "date": "2022-12-31T00:00:00",
      "quarter_label": "2022-12 (Q4)",
      "revenue": 42427000,
      "gross_profit": 11589000,
      "operating_income": -4220000,
      "net_income": -5906000,
      "opex": 15809000,
      "cogs": 30838000,
      "rd": null,
      "sga": null,
      "fcf": 3102000,
      "ocf": 3249000,
      "capex": -147000,
      "gross_margin": 0.2731515308647795,
      "op_margin": -0.0994649633488109,
      "fcf_margin": 0.07311381903033445,
      "rev_growth_yoy": -0.011670704435333582,
      "rev_growth_yoy_accel": -0.3826308780525545,
      "fcf_margin_change": 0.3090006139048719
    },
    {
      "date": "2023-03-31T00:00:00",
      "quarter_label": "2023-03 (Q1)",
      "revenue": 36708000,
      "gross_profit": 8682000,
      "operating_income": -10118000,
      "net_income": -11434000,
      "opex": 18800000,
      "cogs": 28026000,
      "rd": null,
      "sga": null,
      "fcf": -1359000,
      "ocf": -988000,
      "capex": -371000,
      "gross_margin": 0.2365152010460935,
      "op_margin": -0.27563473902146673,
      "fcf_margin": -0.037021902582543315,
      "incr_op_margin_yoy": -7.254752851711027,
      "rev_growth_yoy": -0.04121611032753487,
      "rev_growth_yoy_accel": -0.029545405892201285,
      "fcf_margin_change": -0.11013572161287777
    },
    {
      "date": "2023-06-30T00:00:00",
      "quarter_label": "2023-06 (Q2)",
      "revenue": 44753000,
      "gross_profit": 14557000,
      "operating_income": -2280000,
      "net_income": 2206000,
      "opex": 16837000,
      "cogs": 30196000,
      "rd": null,
      "sga": null,
      "fcf": 3078000,
      "ocf": 3756000,
      "capex": -678000,
      "gross_margin": 0.3252742832882712,
      "op_margin": -0.05094630527562398,
      "fcf_margin": 0.06877751212209238,
      "rev_growth_yoy": 0.0011632849376971433,
      "rev_growth_yoy_accel": 0.04237939526523201,
      "op_leverage_ratio": Infinity,
      "fcf_margin_change": 0.10579941470463569
    },
    {
      "date": "2023-09-30T00:00:00",
      "quarter_label": "2023-09 (Q3)",
      "revenue": 49537000,
      "gross_profit": 17065000,
      "operating_income": -6098000,
      "net_income": -6311000,
      "opex": 23163000,
      "cogs": 32472000,
      "rd": null,
      "sga": null,
      "fcf": 1664000,
      "ocf": 1919000,
      "capex": -255000,
      "gross_margin": 0.344489977188768,
      "op_margin": -0.1230999051214244,
      "fcf_margin": 0.03359105315218927,
      "incr_op_margin_yoy": 2.826164874551971,
      "rev_growth_yoy": 0.05968297430851178,
      "rev_growth_yoy_accel": 0.058519689370814636,
      "op_leverage_ratio": 0.28451458989719797,
      "fcf_margin_change": -0.035186458969903106
    },
    {
      "date": "2023-12-31T00:00:00",
      "quarter_label": "2023-12 (Q4)",
      "revenue": 50933000,
      "gross_profit": 19238000,
      "operating_income": 1941000,
      "net_income": 955000,
      "opex": 17297000,
      "cogs": 31695000,
      "rd": null,
      "sga": null,
      "fcf": 10196000,
      "ocf": 10134000,
      "capex": 62000,
      "gross_margin": 0.3777118960202619,
      "op_margin": 0.03810888814717374,
      "fcf_margin": 0.2001845561816504,
      "incr_op_margin_yoy": 0.7243122501763462,
      "rev_growth_yoy": 0.20048553986847997,
      "rev_growth_yoy_accel": 0.1408025655599682,
      "op_leverage_ratio": Infinity,
      "fcf_margin_change": 0.16659350302946113
    },
    {
      "date": "2024-03-31T00:00:00",
      "quarter_label": "2024-03 (Q1)",
      "revenue": 40847000,
      "gross_profit": 14648000,
      "operating_income": -207000,
      "net_income": 3045000,
      "opex": 14855000,
      "cogs": 26199000,
      "rd": null,
      "sga": null,
      "fcf": -2387000,
      "ocf": -2043000,
      "capex": -344000,
      "gross_margin": 0.35860650720983184,
      "op_margin": -0.00506769162974025,
      "fcf_margin": -0.058437584155507136,
      "incr_op_margin_yoy": 2.3945397438994926,
      "rev_growth_yoy": 0.11275471286912934,
      "rev_growth_yoy_accel": -0.08773082699935063,
      "fcf_margin_change": -0.2586221403371575
    },
    {
      "date": "2024-06-30T00:00:00",
      "quarter_label": "2024-06 (Q2)",
      "revenue": 41201000,
      "gross_profit": 15375000,
      "operating_income": 1016000,
      "net_income": 596000,
      "opex": 14359000,
      "cogs": 25826000,
      "rd": null,
      "sga": null,
      "fcf": 1324000,
      "ocf": 1643000,
      "capex": -319000,
      "gross_margin": 0.37317055411276423,
      "op_margin": 0.024659595640882503,
      "fcf_margin": 0.03213514235091381,
      "incr_op_margin_yoy": -0.9279279279279279,
      "rev_growth_yoy": -0.07936898085044577,
      "rev_growth_yoy_accel": -0.1921236937195751,
      "fcf_margin_change": 0.09057272650642095
    },
    {
      "date": "2024-09-30T00:00:00",
      "quarter_label": "2024-09 (Q3)",
      "revenue": 43375000,
      "gross_profit": 16813000,
      "operating_income": 1180000,
      "net_income": 7091000,
      "opex": 15633000,
      "cogs": 26562000,
      "rd": null,
      "sga": null,
      "fcf": 1212000,
      "ocf": 1522000,
      "capex": -310000,
      "gross_margin": 0.38761959654178674,
      "op_margin": 0.027204610951008644,
      "fcf_margin": 0.02794236311239193,
      "incr_op_margin_yoy": -1.181110029211295,
      "rev_growth_yoy": -0.1243918687042009,
      "rev_growth_yoy_accel": -0.04502288785375512,
      "op_leverage_ratio": 0.5947117925571984,
      "fcf_margin_change": -0.00419277923852188
    },
    {
      "date": "2024-12-31T00:00:00",
      "quarter_label": "2024-12 (Q4)",
      "revenue": 48890000,
      "gross_profit": 17539000,
      "operating_income": 2237000,
      "net_income": 4038000,
      "opex": 15302000,
      "cogs": 31351000,
      "rd": null,
      "sga": null,
      "fcf": 5795000,
      "ocf": 6222000,
      "capex": -427000,
      "gross_margin": 0.35874411945183066,
      "op_margin": 0.04575577827776641,
      "fcf_margin": 0.11853139701370423,
      "incr_op_margin_yoy": -0.14488497307880568,
      "rev_growth_yoy": -0.04011151905444407,
      "rev_growth_yoy_accel": 0.08428034964975682,
      "op_leverage_ratio": Infinity,
      "fcf_margin_change": 0.0905890339013123
    },
    {
      "date": "2025-03-31T00:00:00",
      "quarter_label": "2025-03 (Q1)",
      "revenue": 41295000,
      "gross_profit": 14542000,
      "operating_income": -322000,
      "net_income": -661000,
      "opex": 14864000,
      "cogs": 26753000,
      "rd": null,
      "sga": null,
      "fcf": 3386000,
      "ocf": 3684000,
      "capex": -298000,
      "gross_margin": 0.35214917060176776,
      "op_margin": -0.007797554183315171,
      "fcf_margin": 0.0819953989587117,
      "rev_growth_yoy": 0.010967757730065855,
      "rev_growth_yoy_accel": 0.05107927678450993,
      "fcf_margin_change": -0.036535998054992525
    },
    {
      "date": "2025-06-30T00:00:00",
      "quarter_label": "2025-06 (Q2)",
      "revenue": 38922000,
      "gross_profit": 10818000,
      "operating_income": -4338000,
      "net_income": -6602000,
      "opex": 15156000,
      "cogs": 28104000,
      "rd": null,
      "sga": null,
      "fcf": -4425000,
      "ocf": -3922000,
      "capex": -503000,
      "gross_margin": 0.2779404963773701,
      "op_margin": -0.11145367658393711,
      "fcf_margin": -0.11368891629412671,
      "incr_op_margin_yoy": 2.349275998244844,
      "rev_growth_yoy": -0.055314191403121285,
      "rev_growth_yoy_accel": -0.06628194913318713,
      "fcf_margin_change": -0.19568431525283841
    },
    {
      "date": "2025-09-30T00:00:00",
      "quarter_label": "2025-09 (Q3)",
      "revenue": 37716000,
      "gross_profit": 11467000,
      "operating_income": -3698000,
      "net_income": -3484000,
      "opex": 15165000,
      "cogs": 26249000,
      "rd": null,
      "sga": null,
      "fcf": 4107000,
      "ocf": 4390000,
      "capex": -283000,
      "gross_margin": 0.3040354226323046,
      "op_margin": -0.09804857354968713,
      "fcf_margin": 0.10889277760101813,
      "incr_op_margin_yoy": 0.8619897508393709,
      "rev_growth_yoy": -0.13046685878962536,
      "rev_growth_yoy_accel": -0.07515266738650407,
      "fcf_margin_change": 0.22258169389514484
    }
  ],
  "signals": [
    {
      "quarter": "2025-09 (Q3)",
      "signal": "FCF TURNED POSITIVE",
      "detail": "FCF margin: -11.4% -> +10.9%",
      "severity": "HIGH"
    },
    {
      "quarter": "2025-09 (Q3)",
      "signal": "GROSS MARGIN INFLECTION",
      "detail": "GM: +35.2% -> +27.8% -> +30.4% (reversal +2.6%)",
      "severity": "MEDIUM"
    },
    {
      "quarter": "2025-09 (Q3)",
      "signal": "YoY REVENUE GROWTH DECELERATION",
      "detail": "YoY growth: -13.0% vs prior quarter YoY: -5.5% (decel: -7.5%)",
      "severity": "WARNING"
    },
    {
      "quarter": "2025-06 (Q2)",
      "signal": "YoY REVENUE GROWTH DECELERATION",
      "detail": "YoY growth: -5.5% vs prior quarter YoY: +1.1% (decel: -6.6%)",
      "severity": "WARNING"
    },
    {
      "quarter": "2025-03 (Q1)",
      "signal": "YoY REVENUE GROWTH ACCELERATION",
      "detail": "YoY growth: +1.1% vs prior quarter YoY: -4.0% (accel: +5.1%)",
      "severity": "MEDIUM"
    },
    {
      "quarter": "2024-12 (Q4)",
      "signal": "FCF MARGIN EXPANSION",
      "detail": "FCF margin: +2.8% -> +11.9% (+9.1%)",
      "severity": "MEDIUM"
    },
    {
      "quarter": "2024-12 (Q4)",
      "signal": "YoY REVENUE GROWTH ACCELERATION",
      "detail": "YoY growth: -4.0% vs prior quarter YoY: -12.4% (accel: +8.4%)",
      "severity": "MEDIUM"
    },
    {
      "quarter": "2024-09 (Q3)",
      "signal": "OP MARGIN TURNED POSITIVE (YoY)",
      "detail": "Op margin: -12.3% (year-ago) -> +2.7%",
      "severity": "HIGH"
    },
    {
      "quarter": "2024-06 (Q2)",
      "signal": "FCF TURNED POSITIVE",
      "detail": "FCF margin: -5.8% -> +3.2%",
      "severity": "HIGH"
    },
    {
      "quarter": "2024-06 (Q2)",
      "signal": "YoY REVENUE GROWTH DECELERATION",
      "detail": "YoY growth: -7.9% vs prior quarter YoY: +11.3% (decel: -19.2%)",
      "severity": "WARNING"
    },
    {
      "quarter": "2024-06 (Q2)",
      "signal": "OP MARGIN TURNED POSITIVE (YoY)",
      "detail": "Op margin: -5.1% (year-ago) -> +2.5%",
      "severity": "HIGH"
    },
    {
      "quarter": "2024-06 (Q2)",
      "signal": "OP MARGIN TURNED POSITIVE (QoQ)",
      "detail": "Op margin: -0.5% -> +2.5%",
      "severity": "HIGH"
    },
    {
      "quarter": "2024-03 (Q1)",
      "signal": "YoY REVENUE GROWTH DECELERATION",
      "detail": "YoY growth: +11.3% vs prior quarter YoY: +20.0% (decel: -8.8%)",
      "severity": "WARNING"
    },
    {
      "quarter": "2023-12 (Q4)",
      "signal": "FCF MARGIN EXPANSION",
      "detail": "FCF margin: +3.4% -> +20.0% (+16.7%)",
      "severity": "MEDIUM"
    },
    {
      "quarter": "2023-12 (Q4)",
      "signal": "YoY REVENUE GROWTH ACCELERATION",
      "detail": "YoY growth: +20.0% vs prior quarter YoY: +6.0% (accel: +14.1%)",
      "severity": "MEDIUM"
    },
    {
      "quarter": "2023-12 (Q4)",
      "signal": "OP MARGIN TURNED POSITIVE (YoY)",
      "detail": "Op margin: -9.9% (year-ago) -> +3.8%",
      "severity": "HIGH"
    },
    {
      "quarter": "2023-12 (Q4)",
      "signal": "OP MARGIN TURNED POSITIVE (QoQ)",
      "detail": "Op margin: -12.3% -> +3.8%",
      "severity": "HIGH"
    },
    {
      "quarter": "2023-09 (Q3)",
      "signal": "YoY REVENUE GROWTH ACCELERATION",
      "detail": "YoY growth: +6.0% vs prior quarter YoY: +0.1% (accel: +5.9%)",
      "severity": "MEDIUM"
    },
    {
      "quarter": "2023-06 (Q2)",
      "signal": "FCF TURNED POSITIVE",
      "detail": "FCF margin: -3.7% -> +6.9%",
      "severity": "HIGH"
    },
    {
      "quarter": "2023-06 (Q2)",
      "signal": "GROSS MARGIN INFLECTION",
      "detail": "GM: +27.3% -> +23.7% -> +32.5% (reversal +8.9%)",
      "severity": "HIGH"
    },
    {
      "quarter": "2022-12 (Q4)",
      "signal": "FCF TURNED POSITIVE",
      "detail": "FCF margin: -23.6% -> +7.3%",
      "severity": "HIGH"
    },
    {
      "quarter": "2022-12 (Q4)",
      "signal": "YoY REVENUE GROWTH DECELERATION",
      "detail": "YoY growth: -1.2% vs prior quarter YoY: +37.1% (decel: -38.3%)",
      "severity": "WARNING"
    },
    {
      "quarter": "2022-09 (Q3)",
      "signal": "FCF MARGIN EXPANSION",
      "detail": "FCF margin: -41.9% -> -23.6% (+18.3%)",
      "severity": "MEDIUM"
    },
    {
      "quarter": "2022-09 (Q3)",
      "signal": "YoY REVENUE GROWTH ACCELERATION",
      "detail": "YoY growth: +37.1% vs prior quarter YoY: +8.8% (accel: +28.3%)",
      "severity": "HIGH"
    },
    {
      "quarter": "2022-06 (Q2)",
      "signal": "FCF MARGIN EXPANSION",
      "detail": "FCF margin: -52.3% -> -41.9% (+10.4%)",
      "severity": "MEDIUM"
    },
    {
      "quarter": "2022-06 (Q2)",
      "signal": "OPERATING LEVERAGE",
      "detail": "Rev growth +16.8% vs OpEx growth +2.8% (leverage: 6.0x)",
      "severity": "MEDIUM"
    },
    {
      "quarter": "2022-06 (Q2)",
      "signal": "GROSS MARGIN INFLECTION",
      "detail": "GM: +19.6% -> +8.6% -> +14.0% (reversal +5.5%)",
      "severity": "HIGH"
    },
    {
      "quarter": "2022-06 (Q2)",
      "signal": "YoY REVENUE GROWTH DECELERATION",
      "detail": "YoY growth: +8.8% vs prior quarter YoY: +29.9% (decel: -21.2%)",
      "severity": "WARNING"
    },
    {
      "quarter": "2022-03 (Q1)",
      "signal": "YoY REVENUE GROWTH ACCELERATION",
      "detail": "YoY growth: +29.9% vs prior quarter YoY: +1.7% (accel: +28.2%)",
      "severity": "HIGH"
    },
    {
      "quarter": "2021-12 (Q4)",
      "signal": "FCF MARGIN EXPANSION",
      "detail": "FCF margin: -40.9% -> -20.2% (+20.7%)",
      "severity": "MEDIUM"
    },
    {
      "quarter": "2021-12 (Q4)",
      "signal": "GROSS MARGIN INFLECTION",
      "detail": "GM: +22.4% -> +7.2% -> +19.6% (reversal +12.4%)",
      "severity": "HIGH"
    },
    {
      "quarter": "2021-06 (Q2)",
      "signal": "FCF MARGIN EXPANSION",
      "detail": "FCF margin: -50.9% -> -13.9% (+37.0%)",
      "severity": "MEDIUM"
    },
    {
      "quarter": "2021-06 (Q2)",
      "signal": "OPERATING LEVERAGE",
      "detail": "Rev growth +39.5% vs OpEx growth +10.9% (leverage: 3.6x)",
      "severity": "MEDIUM"
    },
    {
      "quarter": "2021-06 (Q2)",
      "signal": "GROSS MARGIN INFLECTION",
      "detail": "GM: +27.4% -> +11.4% -> +22.4% (reversal +11.0%)",
      "severity": "HIGH"
    }
  ],
  "data_quality": {
    "n_quarters": 20,
    "coverage": {
      "revenue": [
        20,
        20
      ],
      "gross_profit": [
        20,
        20
      ],
      "op_income": [
        20,
        20
      ],
      "fcf": [
        20,
        20
      ]
    },
    "gaps": [],
    "warnings": []
  },
  "market_cap": null,
  "source": "SEC EDGAR",
  "last_updated": "2026-02-02T23:16:10.294787"
}