{
  "ticker": "DSGR",
  "name": "DISTRIBUTION SOLUTIONS GROUP, INC.",
  "quarters": [
    {
      "date": "2020-12-31T00:00:00",
      "quarter_label": "2020-12 (Q4)",
      "revenue": 98133000,
      "gross_profit": 52079000,
      "operating_income": -658000,
      "net_income": 223000,
      "opex": 52737000,
      "cogs": 46054000,
      "rd": null,
      "sga": null,
      "fcf": 12129000,
      "ocf": 12505000,
      "capex": -376000,
      "gross_margin": 0.5306981341648579,
      "op_margin": -0.00670518581924531,
      "fcf_margin": 0.12359756656782123
    },
    {
      "date": "2021-03-31T00:00:00",
      "quarter_label": "2021-03 (Q1)",
      "revenue": 103556000,
      "gross_profit": 54560000,
      "operating_income": 4810000,
      "net_income": 3596000,
      "opex": 49750000,
      "cogs": 48996000,
      "rd": null,
      "sga": null,
      "fcf": -2325000,
      "ocf": -1476000,
      "capex": -849000,
      "gross_margin": 0.5268646915678473,
      "op_margin": 0.04644829850515663,
      "fcf_margin": -0.022451620379311678,
      "op_leverage_ratio": Infinity,
      "fcf_margin_change": -0.1460491869471329
    },
    {
      "date": "2021-06-30T00:00:00",
      "quarter_label": "2021-06 (Q2)",
      "revenue": 106540000,
      "gross_profit": 54620000,
      "operating_income": 3382000,
      "net_income": 2935000,
      "opex": 51238000,
      "cogs": 51920000,
      "rd": null,
      "sga": 28273000,
      "fcf": 8676000,
      "ocf": 10388000,
      "capex": -1712000,
      "gross_margin": 0.5126712971653838,
      "op_margin": 0.03174394593579876,
      "fcf_margin": 0.08143420311620049,
      "op_leverage_ratio": 0.9634156699590518,
      "fcf_margin_change": 0.10388582349551218
    },
    {
      "date": "2021-09-30T00:00:00",
      "quarter_label": "2021-09 (Q3)",
      "revenue": 105570000,
      "gross_profit": 56046000,
      "operating_income": 4620000,
      "net_income": 3656000,
      "opex": 51426000,
      "cogs": 49524000,
      "rd": null,
      "sga": 29347000,
      "fcf": 7879000,
      "ocf": 8225000,
      "capex": -346000,
      "gross_margin": 0.5308894572321682,
      "op_margin": 0.04376243250923558,
      "fcf_margin": 0.07463294496542579,
      "fcf_margin_change": -0.006801258150774703
    },
    {
      "date": "2021-12-31T00:00:00",
      "quarter_label": "2021-12 (Q4)",
      "revenue": 102067000,
      "gross_profit": 54009000,
      "operating_income": -825000,
      "net_income": -781000,
      "opex": 54834000,
      "cogs": 48058000,
      "rd": null,
      "sga": 33243000,
      "fcf": -6936000,
      "ocf": -6817000,
      "capex": -119000,
      "gross_margin": 0.529152419489159,
      "op_margin": -0.008082925921208618,
      "fcf_margin": -0.067955362653943,
      "incr_op_margin_yoy": -0.04245043213014743,
      "rev_growth_yoy": 0.04008845138740281,
      "fcf_margin_change": -0.1425883076193688
    },
    {
      "date": "2022-03-31T00:00:00",
      "quarter_label": "2022-03 (Q1)",
      "revenue": 117877000,
      "gross_profit": 60498000,
      "operating_income": 12076000,
      "net_income": 8986000,
      "opex": 48422000,
      "cogs": 57379000,
      "rd": null,
      "sga": 37896000,
      "fcf": -13942000,
      "ocf": -13532000,
      "capex": -410000,
      "gross_margin": 0.5132298921757426,
      "op_margin": 0.10244576974303723,
      "fcf_margin": -0.11827582989047906,
      "incr_op_margin_yoy": 0.5073668039941345,
      "rev_growth_yoy": 0.13829232492564408,
      "rev_growth_yoy_accel": 0.09820387353824128,
      "op_leverage_ratio": Infinity,
      "fcf_margin_change": -0.05032046723653606
    },
    {
      "date": "2022-06-30T00:00:00",
      "quarter_label": "2022-06 (Q2)",
      "revenue": 321336000,
      "gross_profit": 114555000,
      "operating_income": 4113000,
      "net_income": -4715000,
      "opex": 110442000,
      "cogs": 206781000,
      "rd": null,
      "sga": 110442000,
      "fcf": -29011000,
      "ocf": -26011000,
      "capex": -3000000,
      "gross_margin": 0.3564960041825379,
      "op_margin": 0.012799686309657181,
      "fcf_margin": -0.09028244578883163,
      "incr_op_margin_yoy": 0.0034032291104117394,
      "rev_growth_yoy": 2.01610662661911,
      "rev_growth_yoy_accel": 1.877814301693466,
      "op_leverage_ratio": 1.347593143599416,
      "fcf_margin_change": 0.027993384101647437
    },
    {
      "date": "2022-09-30T00:00:00",
      "quarter_label": "2022-09 (Q3)",
      "revenue": 347151000,
      "gross_profit": 119167000,
      "operating_income": 22027000,
      "net_income": 16541000,
      "opex": 97140000,
      "cogs": 227984000,
      "rd": null,
      "sga": 97140000,
      "fcf": 18719000,
      "ocf": 20263000,
      "capex": -1544000,
      "gross_margin": 0.3432713718237885,
      "op_margin": 0.06345077502297271,
      "fcf_margin": 0.05392178043560295,
      "incr_op_margin_yoy": 0.07205450759786573,
      "rev_growth_yoy": 2.288348962773515,
      "rev_growth_yoy_accel": 0.2722423361544051,
      "op_leverage_ratio": Infinity,
      "fcf_margin_change": 0.14420422622443457
    },
    {
      "date": "2022-12-31T00:00:00",
      "quarter_label": "2022-12 (Q4)",
      "revenue": 328850000,
      "gross_profit": 116292000,
      "operating_income": 12658000,
      "net_income": -1883000,
      "opex": 103634000,
      "cogs": 212558000,
      "rd": null,
      "sga": 103634000,
      "fcf": 4898000,
      "ocf": 8251000,
      "capex": -3353000,
      "gross_margin": 0.35363235517713243,
      "op_margin": 0.038491713547209976,
      "fcf_margin": 0.014894328721301505,
      "incr_op_margin_yoy": 0.05945330999237156,
      "rev_growth_yoy": 2.2219032596235806,
      "rev_growth_yoy_accel": -0.06644570314993459,
      "fcf_margin_change": -0.03902745171430145
    },
    {
      "date": "2023-03-31T00:00:00",
      "quarter_label": "2023-03 (Q1)",
      "revenue": 348270000,
      "gross_profit": 132871000,
      "operating_income": 16721000,
      "net_income": 5907000,
      "opex": 116150000,
      "cogs": 215399000,
      "rd": null,
      "sga": 116150000,
      "fcf": 9368000,
      "ocf": 13858000,
      "capex": -4490000,
      "gross_margin": 0.38151721365607144,
      "op_margin": 0.04801160019525081,
      "fcf_margin": 0.026898670571682888,
      "incr_op_margin_yoy": 0.020161202814321617,
      "rev_growth_yoy": 1.9545203898979444,
      "rev_growth_yoy_accel": -0.2673828697256362,
      "op_leverage_ratio": 0.48897661077445626,
      "fcf_margin_change": 0.012004341850381383
    },
    {
      "date": "2023-06-30T00:00:00",
      "quarter_label": "2023-06 (Q2)",
      "revenue": 377984000,
      "gross_profit": 136023000,
      "operating_income": 13776000,
      "net_income": 3024000,
      "opex": 122247000,
      "cogs": 241961000,
      "rd": null,
      "sga": 122247000,
      "fcf": 10300000,
      "ocf": 13606000,
      "capex": -3306000,
      "gross_margin": 0.3598644387064003,
      "op_margin": 0.036445987131730445,
      "fcf_margin": 0.027249830680663733,
      "incr_op_margin_yoy": 0.17057972037847763,
      "rev_growth_yoy": 0.1762889934523365,
      "rev_growth_yoy_accel": -1.7782313964456078,
      "op_leverage_ratio": 1.6253544035385967,
      "fcf_margin_change": 0.00035116010898084485
    },
    {
      "date": "2023-09-30T00:00:00",
      "quarter_label": "2023-09 (Q3)",
      "revenue": 438909000,
      "gross_profit": 145297000,
      "operating_income": 12783000,
      "net_income": -1568000,
      "opex": 132514000,
      "cogs": 293612000,
      "rd": null,
      "sga": 132514000,
      "fcf": 43205000,
      "ocf": 46589000,
      "capex": -3384000,
      "gross_margin": 0.3310412864625697,
      "op_margin": 0.029124488219653733,
      "fcf_margin": 0.09843726148244852,
      "incr_op_margin_yoy": -0.1007432594433183,
      "rev_growth_yoy": 0.2643172567557057,
      "rev_growth_yoy_accel": 0.08802826330336921,
      "op_leverage_ratio": 1.9191846851258163,
      "fcf_margin_change": 0.07118743080178479
    },
    {
      "date": "2023-12-31T00:00:00",
      "quarter_label": "2023-12 (Q4)",
      "revenue": 405239000,
      "gross_profit": 137684000,
      "operating_income": -289000,
      "net_income": -16330000,
      "opex": 137973000,
      "cogs": 267555000,
      "rd": null,
      "sga": 137973000,
      "fcf": 24076000,
      "ocf": 28233000,
      "capex": -4157000,
      "gross_margin": 0.33975999348532593,
      "op_margin": -0.000713159394826263,
      "fcf_margin": 0.059411853252031514,
      "incr_op_margin_yoy": -0.1694877534723586,
      "rev_growth_yoy": 0.23229131823019614,
      "rev_growth_yoy_accel": -0.032025938525509584,
      "fcf_margin_change": -0.03902540823041701
    },
    {
      "date": "2024-03-31T00:00:00",
      "quarter_label": "2024-03 (Q1)",
      "revenue": 416086000,
      "gross_profit": 143409000,
      "operating_income": 2783000,
      "net_income": -5224000,
      "opex": 140626000,
      "cogs": 272677000,
      "rd": null,
      "sga": 140626000,
      "fcf": 4161000,
      "ocf": 6615000,
      "capex": -2454000,
      "gross_margin": 0.3446619208529006,
      "op_margin": 0.006688521123037064,
      "fcf_margin": 0.010000336468903063,
      "incr_op_margin_yoy": -0.20552671935826353,
      "rev_growth_yoy": 0.19472248542797255,
      "rev_growth_yoy_accel": -0.03756883280222359,
      "op_leverage_ratio": 1.3920513717644218,
      "fcf_margin_change": -0.049411516783128454
    },
    {
      "date": "2024-06-30T00:00:00",
      "quarter_label": "2024-06 (Q2)",
      "revenue": 439536000,
      "gross_profit": 151527000,
      "operating_income": 14158000,
      "net_income": 1896000,
      "opex": 137369000,
      "cogs": 288009000,
      "rd": null,
      "sga": 137369000,
      "fcf": 18019000,
      "ocf": 21394000,
      "capex": -3375000,
      "gross_margin": 0.344743092715955,
      "op_margin": 0.03221124094499654,
      "fcf_margin": 0.040995504350041866,
      "incr_op_margin_yoy": 0.006206134650376917,
      "rev_growth_yoy": 0.1628428716559431,
      "rev_growth_yoy_accel": -0.03187961377202944,
      "op_leverage_ratio": Infinity,
      "fcf_margin_change": 0.030995167881138805
    },
    {
      "date": "2024-09-30T00:00:00",
      "quarter_label": "2024-09 (Q3)",
      "revenue": 468019000,
      "gross_profit": 158848000,
      "operating_income": 18947000,
      "net_income": 21921000,
      "opex": 139901000,
      "cogs": 309171000,
      "rd": null,
      "sga": 139901000,
      "fcf": -20535000,
      "ocf": -17273000,
      "capex": -3262000,
      "gross_margin": 0.33940502415500223,
      "op_margin": 0.04048339917823849,
      "fcf_margin": -0.043876423820400454,
      "incr_op_margin_yoy": 0.21174854002061147,
      "rev_growth_yoy": 0.06632354314903545,
      "rev_growth_yoy_accel": -0.09651932850690766,
      "op_leverage_ratio": 3.5157364668215685,
      "fcf_margin_change": -0.08487192817044231
    },
    {
      "date": "2024-12-31T00:00:00",
      "quarter_label": "2024-12 (Q4)",
      "revenue": 480463000,
      "gross_profit": 159991000,
      "operating_income": 20067000,
      "net_income": -25925000,
      "opex": 139924000,
      "cogs": 320472000,
      "rd": null,
      "sga": 139924000,
      "fcf": 41124000,
      "ocf": 45717000,
      "capex": -4593000,
      "gross_margin": 0.3329933834655322,
      "op_margin": 0.04176596324795041,
      "fcf_margin": 0.08559243895991991,
      "incr_op_margin_yoy": 0.2706051260236095,
      "rev_growth_yoy": 0.18562872773844571,
      "rev_growth_yoy_accel": 0.11930518458941027,
      "op_leverage_ratio": Infinity,
      "fcf_margin_change": 0.12946886278032038
    },
    {
      "date": "2025-03-31T00:00:00",
      "quarter_label": "2025-03 (Q1)",
      "revenue": 478029000,
      "gross_profit": 163980000,
      "operating_income": 20097000,
      "net_income": 3261000,
      "opex": 143883000,
      "cogs": 314049000,
      "rd": null,
      "sga": 143883000,
      "fcf": -10408000,
      "ocf": -4762000,
      "capex": -5646000,
      "gross_margin": 0.34303358164462827,
      "op_margin": 0.04204138242658918,
      "fcf_margin": -0.021772737637256317,
      "incr_op_margin_yoy": 0.27951503801882377,
      "rev_growth_yoy": 0.14887066616036107,
      "rev_growth_yoy_accel": -0.036758061578084644,
      "fcf_margin_change": -0.10736517659717623
    },
    {
      "date": "2025-06-30T00:00:00",
      "quarter_label": "2025-06 (Q2)",
      "revenue": 502437000,
      "gross_profit": 170084000,
      "operating_income": 26826000,
      "net_income": 5003000,
      "opex": 143258000,
      "cogs": 332353000,
      "rd": null,
      "sga": 143258000,
      "fcf": 28655000,
      "ocf": 33298000,
      "capex": -4643000,
      "gross_margin": 0.33851806296112746,
      "op_margin": 0.053391768520232384,
      "fcf_margin": 0.057032025905735445,
      "incr_op_margin_yoy": 0.20139584426320725,
      "rev_growth_yoy": 0.1431077317898875,
      "rev_growth_yoy_accel": -0.005762934370473566,
      "op_leverage_ratio": Infinity,
      "fcf_margin_change": 0.07880476354299176
    },
    {
      "date": "2025-09-30T00:00:00",
      "quarter_label": "2025-09 (Q3)",
      "revenue": 517958000,
      "gross_profit": 170326000,
      "operating_income": 23619000,
      "net_income": 6452000,
      "opex": 146707000,
      "cogs": 347632000,
      "rd": null,
      "sga": 146707000,
      "fcf": 32863000,
      "ocf": 38370000,
      "capex": -5507000,
      "gross_margin": 0.3288413346255874,
      "op_margin": 0.04560022241185579,
      "fcf_margin": 0.06344722931202916,
      "incr_op_margin_yoy": 0.0935541360459761,
      "rev_growth_yoy": 0.10670293300058331,
      "rev_growth_yoy_accel": -0.036404798789304194,
      "op_leverage_ratio": 1.283109659616449,
      "fcf_margin_change": 0.006415203406293715
    }
  ],
  "signals": [
    {
      "quarter": "2025-06 (Q2)",
      "signal": "FCF TURNED POSITIVE",
      "detail": "FCF margin: -2.2% -> +5.7%",
      "severity": "HIGH"
    },
    {
      "quarter": "2025-06 (Q2)",
      "signal": "INCREMENTAL MARGIN (YoY)",
      "detail": "YoY Incr OPM: +20.1% vs year-ago OPM: +3.2%",
      "severity": "MEDIUM"
    },
    {
      "quarter": "2025-03 (Q1)",
      "signal": "INCREMENTAL MARGIN (YoY)",
      "detail": "YoY Incr OPM: +28.0% vs year-ago OPM: +0.7%",
      "severity": "HIGH"
    },
    {
      "quarter": "2024-12 (Q4)",
      "signal": "FCF TURNED POSITIVE",
      "detail": "FCF margin: -4.4% -> +8.6%",
      "severity": "HIGH"
    },
    {
      "quarter": "2024-12 (Q4)",
      "signal": "OPERATING LEVERAGE",
      "detail": "Rev growth +2.7% vs OpEx growth +0.0% (leverage: 161.7x)",
      "severity": "MEDIUM"
    },
    {
      "quarter": "2024-12 (Q4)",
      "signal": "YoY REVENUE GROWTH ACCELERATION",
      "detail": "YoY growth: +18.6% vs prior quarter YoY: +6.6% (accel: +11.9%)",
      "severity": "MEDIUM"
    },
    {
      "quarter": "2024-12 (Q4)",
      "signal": "OP MARGIN TURNED POSITIVE (YoY)",
      "detail": "Op margin: -0.1% (year-ago) -> +4.2%",
      "severity": "HIGH"
    },
    {
      "quarter": "2024-09 (Q3)",
      "signal": "OPERATING LEVERAGE",
      "detail": "Rev growth +6.5% vs OpEx growth +1.8% (leverage: 3.5x)",
      "severity": "MEDIUM"
    },
    {
      "quarter": "2024-09 (Q3)",
      "signal": "YoY REVENUE GROWTH DECELERATION",
      "detail": "YoY growth: +6.6% vs prior quarter YoY: +16.3% (decel: -9.7%)",
      "severity": "WARNING"
    },
    {
      "quarter": "2024-09 (Q3)",
      "signal": "INCREMENTAL MARGIN (YoY)",
      "detail": "YoY Incr OPM: +21.2% vs year-ago OPM: +2.9%",
      "severity": "MEDIUM"
    },
    {
      "quarter": "2024-03 (Q1)",
      "signal": "OP MARGIN TURNED POSITIVE (QoQ)",
      "detail": "Op margin: -0.1% -> +0.7%",
      "severity": "HIGH"
    },
    {
      "quarter": "2023-09 (Q3)",
      "signal": "FCF MARGIN EXPANSION",
      "detail": "FCF margin: +2.7% -> +9.8% (+7.1%)",
      "severity": "MEDIUM"
    },
    {
      "quarter": "2023-09 (Q3)",
      "signal": "OPERATING LEVERAGE",
      "detail": "Rev growth +16.1% vs OpEx growth +8.4% (leverage: 1.9x)",
      "severity": "MEDIUM"
    },
    {
      "quarter": "2023-09 (Q3)",
      "signal": "YoY REVENUE GROWTH ACCELERATION",
      "detail": "YoY growth: +26.4% vs prior quarter YoY: +17.6% (accel: +8.8%)",
      "severity": "MEDIUM"
    },
    {
      "quarter": "2023-06 (Q2)",
      "signal": "OPERATING LEVERAGE",
      "detail": "Rev growth +8.5% vs OpEx growth +5.2% (leverage: 1.6x)",
      "severity": "MEDIUM"
    },
    {
      "quarter": "2023-06 (Q2)",
      "signal": "YoY REVENUE GROWTH DECELERATION",
      "detail": "YoY growth: +17.6% vs prior quarter YoY: +195.5% (decel: -177.8%)",
      "severity": "WARNING"
    },
    {
      "quarter": "2023-06 (Q2)",
      "signal": "INCREMENTAL MARGIN (YoY)",
      "detail": "YoY Incr OPM: +17.1% vs year-ago OPM: +1.3%",
      "severity": "MEDIUM"
    },
    {
      "quarter": "2023-03 (Q1)",
      "signal": "YoY REVENUE GROWTH DECELERATION",
      "detail": "YoY growth: +195.5% vs prior quarter YoY: +222.2% (decel: -26.7%)",
      "severity": "WARNING"
    },
    {
      "quarter": "2022-12 (Q4)",
      "signal": "YoY REVENUE GROWTH DECELERATION",
      "detail": "YoY growth: +222.2% vs prior quarter YoY: +228.8% (decel: -6.6%)",
      "severity": "WARNING"
    },
    {
      "quarter": "2022-12 (Q4)",
      "signal": "OP MARGIN TURNED POSITIVE (YoY)",
      "detail": "Op margin: -0.8% (year-ago) -> +3.8%",
      "severity": "HIGH"
    },
    {
      "quarter": "2022-09 (Q3)",
      "signal": "FCF TURNED POSITIVE",
      "detail": "FCF margin: -9.0% -> +5.4%",
      "severity": "HIGH"
    },
    {
      "quarter": "2022-09 (Q3)",
      "signal": "YoY REVENUE GROWTH ACCELERATION",
      "detail": "YoY growth: +228.8% vs prior quarter YoY: +201.6% (accel: +27.2%)",
      "severity": "HIGH"
    },
    {
      "quarter": "2022-06 (Q2)",
      "signal": "YoY REVENUE GROWTH ACCELERATION",
      "detail": "YoY growth: +201.6% vs prior quarter YoY: +13.8% (accel: +187.8%)",
      "severity": "HIGH"
    },
    {
      "quarter": "2022-03 (Q1)",
      "signal": "YoY REVENUE GROWTH ACCELERATION",
      "detail": "YoY growth: +13.8% vs prior quarter YoY: +4.0% (accel: +9.8%)",
      "severity": "MEDIUM"
    },
    {
      "quarter": "2022-03 (Q1)",
      "signal": "INCREMENTAL MARGIN (YoY)",
      "detail": "YoY Incr OPM: +50.7% vs year-ago OPM: +4.6%",
      "severity": "HIGH"
    },
    {
      "quarter": "2022-03 (Q1)",
      "signal": "OP MARGIN TURNED POSITIVE (QoQ)",
      "detail": "Op margin: -0.8% -> +10.2%",
      "severity": "HIGH"
    },
    {
      "quarter": "2021-06 (Q2)",
      "signal": "FCF TURNED POSITIVE",
      "detail": "FCF margin: -2.2% -> +8.1%",
      "severity": "HIGH"
    },
    {
      "quarter": "2021-03 (Q1)",
      "signal": "OP MARGIN TURNED POSITIVE (QoQ)",
      "detail": "Op margin: -0.7% -> +4.6%",
      "severity": "HIGH"
    }
  ],
  "data_quality": {
    "n_quarters": 20,
    "coverage": {
      "revenue": [
        20,
        20
      ],
      "gross_profit": [
        20,
        20
      ],
      "op_income": [
        20,
        20
      ],
      "fcf": [
        20,
        20
      ]
    },
    "gaps": [],
    "warnings": []
  },
  "market_cap": null,
  "source": "SEC EDGAR",
  "last_updated": "2026-02-02T21:53:16.951472",
  "sector": "Industrials",
  "industry": "Industrial Distribution"
}