{
  "ticker": "DT",
  "name": "Dynatrace, Inc.",
  "quarters": [
    {
      "date": "2020-12-31T00:00:00",
      "quarter_label": "2020-12 (Q4)",
      "revenue": 182911000,
      "gross_profit": 149791000,
      "operating_income": 24107000,
      "net_income": 18416000,
      "opex": 125684000,
      "cogs": 33120000,
      "rd": 28730000,
      "sga": null,
      "fcf": 71248000,
      "ocf": 73716000,
      "capex": -2468000,
      "gross_margin": 0.8189283312649321,
      "op_margin": 0.1317963381097911,
      "fcf_margin": 0.38952277337065566
    },
    {
      "date": "2021-03-31T00:00:00",
      "quarter_label": "2021-03 (Q1)",
      "revenue": 196504000,
      "gross_profit": 161169000,
      "operating_income": 20852000,
      "net_income": 26954000,
      "opex": 140317000,
      "cogs": 35335000,
      "rd": 31668000,
      "sga": null,
      "fcf": 80663000,
      "ocf": 85871000,
      "capex": -5208000,
      "gross_margin": 0.8201817774701787,
      "op_margin": 0.10611488824654969,
      "fcf_margin": 0.41049037169726826,
      "op_leverage_ratio": 0.6382959873544614,
      "fcf_margin_change": 0.020967598326612602
    },
    {
      "date": "2021-06-30T00:00:00",
      "quarter_label": "2021-06 (Q2)",
      "revenue": 209740000,
      "gross_profit": 170907000,
      "operating_income": 21212000,
      "net_income": 13294000,
      "opex": 149695000,
      "cogs": 38833000,
      "rd": 34725000,
      "sga": null,
      "fcf": 80518000,
      "ocf": 83472000,
      "capex": -2954000,
      "gross_margin": 0.814851721178602,
      "op_margin": 0.10113473824735386,
      "fcf_margin": 0.3838943453799943,
      "op_leverage_ratio": 1.0078256926598375,
      "fcf_margin_change": -0.02659602631727398
    },
    {
      "date": "2021-09-30T00:00:00",
      "quarter_label": "2021-09 (Q3)",
      "revenue": 226354000,
      "gross_profit": 184687000,
      "operating_income": 21251000,
      "net_income": 23641000,
      "opex": 163436000,
      "cogs": 41667000,
      "rd": 37908000,
      "sga": null,
      "fcf": 13638000,
      "ocf": 18296000,
      "capex": -4658000,
      "gross_margin": 0.8159210793712504,
      "op_margin": 0.09388391634342667,
      "fcf_margin": 0.060250757662776,
      "op_leverage_ratio": 0.8629425772811119,
      "fcf_margin_change": -0.3236435877172183
    },
    {
      "date": "2021-12-31T00:00:00",
      "quarter_label": "2021-12 (Q4)",
      "revenue": 240766000,
      "gross_profit": 196306000,
      "operating_income": 21215000,
      "net_income": 14587000,
      "opex": 175091000,
      "cogs": 44460000,
      "rd": 40876000,
      "sga": null,
      "fcf": 56688000,
      "ocf": 60844000,
      "capex": -4156000,
      "gross_margin": 0.8153393751609447,
      "op_margin": 0.08811460089879801,
      "fcf_margin": 0.23544852678534345,
      "incr_op_margin_yoy": -0.04998703655690952,
      "rev_growth_yoy": 0.31630137061193697,
      "op_leverage_ratio": 0.892835657962848,
      "fcf_margin_change": 0.17519776912256746
    },
    {
      "date": "2022-03-31T00:00:00",
      "quarter_label": "2022-03 (Q1)",
      "revenue": 252585000,
      "gross_profit": 204669000,
      "operating_income": 17629000,
      "net_income": 929000,
      "opex": 187040000,
      "cogs": 47916000,
      "rd": 42833000,
      "sga": null,
      "fcf": 82378000,
      "ocf": 88305000,
      "capex": -5927000,
      "gross_margin": 0.8102975236059149,
      "op_margin": 0.0697943266623117,
      "fcf_margin": 0.3261397153433498,
      "incr_op_margin_yoy": -0.05747044453558246,
      "rev_growth_yoy": 0.28539368155355616,
      "rev_growth_yoy_accel": -0.030907689058380816,
      "op_leverage_ratio": 0.7193128803250742,
      "fcf_margin_change": 0.09069118855800634
    },
    {
      "date": "2022-06-30T00:00:00",
      "quarter_label": "2022-06 (Q2)",
      "revenue": 267273000,
      "gross_profit": 215475000,
      "operating_income": 19094000,
      "net_income": 2114000,
      "opex": 196381000,
      "cogs": 51798000,
      "rd": 48482000,
      "sga": null,
      "fcf": 136192000,
      "ocf": 143098000,
      "capex": -6906000,
      "gross_margin": 0.8061981569406562,
      "op_margin": 0.07144006315639814,
      "fcf_margin": 0.509561384801308,
      "incr_op_margin_yoy": -0.03681365477204387,
      "rev_growth_yoy": 0.2743062839706303,
      "rev_growth_yoy_accel": -0.011087397582925873,
      "op_leverage_ratio": 1.1643840013604159,
      "fcf_margin_change": 0.18342166945795818
    },
    {
      "date": "2022-09-30T00:00:00",
      "quarter_label": "2022-09 (Q3)",
      "revenue": 279326000,
      "gross_profit": 223622000,
      "operating_income": 20399000,
      "net_income": 10526000,
      "opex": 203223000,
      "cogs": 55704000,
      "rd": 51907000,
      "sga": null,
      "fcf": 25067000,
      "ocf": 29398000,
      "capex": -4331000,
      "gross_margin": 0.8005771034561766,
      "op_margin": 0.07302936353937693,
      "fcf_margin": 0.08974101945397135,
      "incr_op_margin_yoy": -0.016083968889224497,
      "rev_growth_yoy": 0.23402281382259646,
      "rev_growth_yoy_accel": -0.04028347014803382,
      "op_leverage_ratio": 1.2943641193191555,
      "fcf_margin_change": -0.41982036534733663
    },
    {
      "date": "2022-12-31T00:00:00",
      "quarter_label": "2022-12 (Q4)",
      "revenue": 297456000,
      "gross_profit": 241632000,
      "operating_income": 33887000,
      "net_income": 15026000,
      "opex": 207745000,
      "cogs": 55824000,
      "rd": 53411000,
      "sga": null,
      "fcf": 57574000,
      "ocf": 61962000,
      "capex": -4388000,
      "gross_margin": 0.8123285460706794,
      "op_margin": 0.11392273142918617,
      "fcf_margin": 0.19355467699424453,
      "incr_op_margin_yoy": 0.2235314870347504,
      "rev_growth_yoy": 0.23545683360607395,
      "rev_growth_yoy_accel": 0.001434019783477486,
      "op_leverage_ratio": 2.9169483690162714,
      "fcf_margin_change": 0.10381365754027318
    },
    {
      "date": "2023-03-31T00:00:00",
      "quarter_label": "2023-03 (Q1)",
      "revenue": 314475000,
      "gross_profit": 254910000,
      "operating_income": 19431000,
      "net_income": 80293000,
      "opex": 235479000,
      "cogs": 59565000,
      "rd": 64549000,
      "sga": null,
      "fcf": 114512000,
      "ocf": 120427000,
      "capex": -5915000,
      "gross_margin": 0.8105890770331505,
      "op_margin": 0.06178869544478893,
      "fcf_margin": 0.3641370538198585,
      "incr_op_margin_yoy": 0.029116173856842786,
      "rev_growth_yoy": 0.24502642674743155,
      "rev_growth_yoy_accel": 0.009569593141357607,
      "op_leverage_ratio": 0.428577506287718,
      "fcf_margin_change": 0.17058237682561397
    },
    {
      "date": "2023-06-30T00:00:00",
      "quarter_label": "2023-06 (Q2)",
      "revenue": 332886000,
      "gross_profit": 270542000,
      "operating_income": 34288000,
      "net_income": 38188000,
      "opex": 236254000,
      "cogs": 62344000,
      "rd": 66282000,
      "sga": null,
      "fcf": 123636000,
      "ocf": 133903000,
      "capex": -10267000,
      "gross_margin": 0.8127166657654572,
      "op_margin": 0.10300222899130633,
      "fcf_margin": 0.37140642742560515,
      "incr_op_margin_yoy": 0.23156996326947404,
      "rev_growth_yoy": 0.24549056582595324,
      "rev_growth_yoy_accel": 0.00046413907852169145,
      "op_leverage_ratio": 17.788598484417193,
      "fcf_margin_change": 0.007269373605746643
    },
    {
      "date": "2023-09-30T00:00:00",
      "quarter_label": "2023-09 (Q3)",
      "revenue": 351700000,
      "gross_profit": 287333000,
      "operating_income": 35269000,
      "net_income": 35809000,
      "opex": 252064000,
      "cogs": 64367000,
      "rd": 74084000,
      "sga": null,
      "fcf": 34127000,
      "ocf": 36877000,
      "capex": -2750000,
      "gross_margin": 0.8169832243389252,
      "op_margin": 0.10028148990617003,
      "fcf_margin": 0.09703440432186522,
      "incr_op_margin_yoy": 0.20546052449774782,
      "rev_growth_yoy": 0.2591022676012974,
      "rev_growth_yoy_accel": 0.013611701775344154,
      "op_leverage_ratio": 0.8445646687836101,
      "fcf_margin_change": -0.2743720231037399
    },
    {
      "date": "2023-12-31T00:00:00",
      "quarter_label": "2023-12 (Q4)",
      "revenue": 365096000,
      "gross_profit": 297227000,
      "operating_income": 35720000,
      "net_income": 42691000,
      "opex": 261507000,
      "cogs": 67869000,
      "rd": 80102000,
      "sga": null,
      "fcf": 72012000,
      "ocf": 75657000,
      "capex": -3645000,
      "gross_margin": 0.8141064268028135,
      "op_margin": 0.09783728115345006,
      "fcf_margin": 0.19724127352805837,
      "incr_op_margin_yoy": 0.027099349497338852,
      "rev_growth_yoy": 0.22739497606368672,
      "rev_growth_yoy_accel": -0.03170729153761068,
      "op_leverage_ratio": 1.0167252392736619,
      "fcf_margin_change": 0.10020686920619315
    },
    {
      "date": "2024-03-31T00:00:00",
      "quarter_label": "2024-03 (Q1)",
      "revenue": 380848000,
      "gross_profit": 308975000,
      "operating_income": 23123000,
      "net_income": 37944000,
      "opex": 285852000,
      "cogs": 71873000,
      "rd": 84271000,
      "sga": null,
      "fcf": 121875000,
      "ocf": 131672000,
      "capex": -9797000,
      "gross_margin": 0.8112816661765324,
      "op_margin": 0.060714510775952614,
      "fcf_margin": 0.3200095576187875,
      "incr_op_margin_yoy": 0.055625028249438775,
      "rev_growth_yoy": 0.2110597026790683,
      "rev_growth_yoy_accel": -0.01633527338461843,
      "op_leverage_ratio": 0.4634492332006068,
      "fcf_margin_change": 0.12276828409072915
    },
    {
      "date": "2024-06-30T00:00:00",
      "quarter_label": "2024-06 (Q2)",
      "revenue": 399220000,
      "gross_profit": 324467000,
      "operating_income": 42029000,
      "net_income": 38620000,
      "opex": 282438000,
      "cogs": 74753000,
      "rd": 87578000,
      "sga": null,
      "fcf": 227382000,
      "ocf": 230741000,
      "capex": -3359000,
      "gross_margin": 0.812752367115876,
      "op_margin": 0.10527779169380291,
      "fcf_margin": 0.5695656530233956,
      "incr_op_margin_yoy": 0.1166973196249284,
      "rev_growth_yoy": 0.19926941956105093,
      "rev_growth_yoy_accel": -0.011790283118017358,
      "op_leverage_ratio": Infinity,
      "fcf_margin_change": 0.24955609540460805
    },
    {
      "date": "2024-09-30T00:00:00",
      "quarter_label": "2024-09 (Q3)",
      "revenue": 418129000,
      "gross_profit": 340345000,
      "operating_income": 47026000,
      "net_income": 44008000,
      "opex": 293319000,
      "cogs": 77784000,
      "rd": 95366000,
      "sga": null,
      "fcf": 20138000,
      "ocf": 23650000,
      "capex": -3512000,
      "gross_margin": 0.8139712863733441,
      "op_margin": 0.11246768341827522,
      "fcf_margin": 0.04816217004799954,
      "incr_op_margin_yoy": 0.17698595492932304,
      "rev_growth_yoy": 0.18887972704009098,
      "rev_growth_yoy_accel": -0.010389692520959948,
      "op_leverage_ratio": 1.2294492001338093,
      "fcf_margin_change": -0.5214034829753961
    },
    {
      "date": "2024-12-31T00:00:00",
      "quarter_label": "2024-12 (Q4)",
      "revenue": 436169000,
      "gross_profit": 353608000,
      "operating_income": 47464000,
      "net_income": 361752000,
      "opex": 306144000,
      "cogs": 82561000,
      "rd": 98343000,
      "sga": null,
      "fcf": 37569000,
      "ocf": 42238000,
      "capex": -4669000,
      "gross_margin": 0.8107132785686282,
      "op_margin": 0.10882020501227735,
      "fcf_margin": 0.08613404437270875,
      "incr_op_margin_yoy": 0.16523855753943129,
      "rev_growth_yoy": 0.19466934724017793,
      "rev_growth_yoy_accel": 0.005789620200086942,
      "op_leverage_ratio": 0.9867543857551222,
      "fcf_margin_change": 0.03797187432470921
    },
    {
      "date": "2025-03-31T00:00:00",
      "quarter_label": "2025-03 (Q1)",
      "revenue": 445165000,
      "gross_profit": 360071000,
      "operating_income": 42914000,
      "net_income": 39304000,
      "opex": 317157000,
      "cogs": 85094000,
      "rd": 103285000,
      "sga": null,
      "fcf": 148224000,
      "ocf": 162790000,
      "capex": -14566000,
      "gross_margin": 0.8088484045241652,
      "op_margin": 0.09640021115766065,
      "fcf_margin": 0.33296418182022397,
      "incr_op_margin_yoy": 0.30771024767946265,
      "rev_growth_yoy": 0.16887839768096458,
      "rev_growth_yoy_accel": -0.02579094955921335,
      "op_leverage_ratio": 0.5733433296751959,
      "fcf_margin_change": 0.24683013744751522
    },
    {
      "date": "2025-06-30T00:00:00",
      "quarter_label": "2025-06 (Q2)",
      "revenue": 477349000,
      "gross_profit": 392140000,
      "operating_income": 62338000,
      "net_income": 47955000,
      "opex": 329802000,
      "cogs": 85209000,
      "rd": 108172000,
      "sga": null,
      "fcf": 262210000,
      "ocf": 269692000,
      "capex": -7482000,
      "gross_margin": 0.821495383880557,
      "op_margin": 0.13059208252243118,
      "fcf_margin": 0.5493045968463326,
      "incr_op_margin_yoy": 0.25994189097518206,
      "rev_growth_yoy": 0.19570412303992785,
      "rev_growth_yoy_accel": 0.02682572535896327,
      "op_leverage_ratio": 1.8133200992730394,
      "fcf_margin_change": 0.21634041502610862
    },
    {
      "date": "2025-09-30T00:00:00",
      "quarter_label": "2025-09 (Q3)",
      "revenue": 493849000,
      "gross_profit": 404085000,
      "operating_income": 72969000,
      "net_income": 57243000,
      "opex": 331116000,
      "cogs": 89764000,
      "rd": 114992000,
      "sga": null,
      "fcf": 27830000,
      "ocf": 32017000,
      "capex": -4187000,
      "gross_margin": 0.8182359385156192,
      "op_margin": 0.14775569050458742,
      "fcf_margin": 0.05635325777717481,
      "incr_op_margin_yoy": 0.3426175382989963,
      "rev_growth_yoy": 0.18109243797966657,
      "rev_growth_yoy_accel": -0.014611685060261281,
      "op_leverage_ratio": 8.675726386917104,
      "fcf_margin_change": -0.4929513390691578
    }
  ],
  "signals": [
    {
      "quarter": "2025-09 (Q3)",
      "signal": "OPERATING LEVERAGE",
      "detail": "Rev growth +3.5% vs OpEx growth +0.4% (leverage: 8.7x)",
      "severity": "MEDIUM"
    },
    {
      "quarter": "2025-09 (Q3)",
      "signal": "INCREMENTAL MARGIN (YoY)",
      "detail": "YoY Incr OPM: +34.3% vs year-ago OPM: +11.2%",
      "severity": "HIGH"
    },
    {
      "quarter": "2025-06 (Q2)",
      "signal": "FCF MARGIN EXPANSION",
      "detail": "FCF margin: +33.3% -> +54.9% (+21.6%)",
      "severity": "MEDIUM"
    },
    {
      "quarter": "2025-06 (Q2)",
      "signal": "OPERATING LEVERAGE",
      "detail": "Rev growth +7.2% vs OpEx growth +4.0% (leverage: 1.8x)",
      "severity": "MEDIUM"
    },
    {
      "quarter": "2025-06 (Q2)",
      "signal": "INCREMENTAL MARGIN (YoY)",
      "detail": "YoY Incr OPM: +26.0% vs year-ago OPM: +10.5%",
      "severity": "MEDIUM"
    },
    {
      "quarter": "2025-03 (Q1)",
      "signal": "FCF MARGIN EXPANSION",
      "detail": "FCF margin: +8.6% -> +33.3% (+24.7%)",
      "severity": "MEDIUM"
    },
    {
      "quarter": "2025-03 (Q1)",
      "signal": "INCREMENTAL MARGIN (YoY)",
      "detail": "YoY Incr OPM: +30.8% vs year-ago OPM: +6.1%",
      "severity": "HIGH"
    },
    {
      "quarter": "2024-06 (Q2)",
      "signal": "FCF MARGIN EXPANSION",
      "detail": "FCF margin: +32.0% -> +57.0% (+25.0%)",
      "severity": "MEDIUM"
    },
    {
      "quarter": "2024-03 (Q1)",
      "signal": "FCF MARGIN EXPANSION",
      "detail": "FCF margin: +19.7% -> +32.0% (+12.3%)",
      "severity": "MEDIUM"
    },
    {
      "quarter": "2023-12 (Q4)",
      "signal": "FCF MARGIN EXPANSION",
      "detail": "FCF margin: +9.7% -> +19.7% (+10.0%)",
      "severity": "MEDIUM"
    },
    {
      "quarter": "2023-09 (Q3)",
      "signal": "INCREMENTAL MARGIN (YoY)",
      "detail": "YoY Incr OPM: +20.5% vs year-ago OPM: +7.3%",
      "severity": "MEDIUM"
    },
    {
      "quarter": "2023-06 (Q2)",
      "signal": "OPERATING LEVERAGE",
      "detail": "Rev growth +5.9% vs OpEx growth +0.3% (leverage: 17.8x)",
      "severity": "MEDIUM"
    },
    {
      "quarter": "2023-06 (Q2)",
      "signal": "INCREMENTAL MARGIN (YoY)",
      "detail": "YoY Incr OPM: +23.2% vs year-ago OPM: +7.1%",
      "severity": "MEDIUM"
    },
    {
      "quarter": "2023-03 (Q1)",
      "signal": "FCF MARGIN EXPANSION",
      "detail": "FCF margin: +19.4% -> +36.4% (+17.1%)",
      "severity": "MEDIUM"
    },
    {
      "quarter": "2022-12 (Q4)",
      "signal": "FCF MARGIN EXPANSION",
      "detail": "FCF margin: +9.0% -> +19.4% (+10.4%)",
      "severity": "MEDIUM"
    },
    {
      "quarter": "2022-12 (Q4)",
      "signal": "OPERATING LEVERAGE",
      "detail": "Rev growth +6.5% vs OpEx growth +2.2% (leverage: 2.9x)",
      "severity": "MEDIUM"
    },
    {
      "quarter": "2022-12 (Q4)",
      "signal": "INCREMENTAL MARGIN (YoY)",
      "detail": "YoY Incr OPM: +22.4% vs year-ago OPM: +8.8%",
      "severity": "MEDIUM"
    },
    {
      "quarter": "2022-06 (Q2)",
      "signal": "FCF MARGIN EXPANSION",
      "detail": "FCF margin: +32.6% -> +51.0% (+18.3%)",
      "severity": "MEDIUM"
    },
    {
      "quarter": "2022-03 (Q1)",
      "signal": "FCF MARGIN EXPANSION",
      "detail": "FCF margin: +23.5% -> +32.6% (+9.1%)",
      "severity": "MEDIUM"
    },
    {
      "quarter": "2021-12 (Q4)",
      "signal": "FCF MARGIN EXPANSION",
      "detail": "FCF margin: +6.0% -> +23.5% (+17.5%)",
      "severity": "MEDIUM"
    }
  ],
  "data_quality": {
    "n_quarters": 20,
    "coverage": {
      "revenue": [
        20,
        20
      ],
      "gross_profit": [
        20,
        20
      ],
      "op_income": [
        20,
        20
      ],
      "fcf": [
        20,
        20
      ]
    },
    "gaps": [],
    "warnings": []
  },
  "market_cap": null,
  "source": "SEC EDGAR",
  "last_updated": "2026-02-02T20:32:35.053930"
}