{
  "ticker": "DTSS",
  "name": "DATASEA INC.",
  "quarters": [
    {
      "date": "2020-12-31T00:00:00",
      "quarter_label": "2020-12 (Q4)",
      "revenue": 126184,
      "gross_profit": 86070,
      "operating_income": -980946,
      "net_income": -964037,
      "opex": 1067016,
      "cogs": 40114,
      "rd": 134509,
      "sga": null,
      "fcf": -936762,
      "ocf": -936762,
      "capex": null,
      "gross_margin": 0.6820991567869144,
      "op_margin": -7.773933303746909,
      "fcf_margin": -7.423777975020605
    },
    {
      "date": "2021-03-31T00:00:00",
      "quarter_label": "2021-03 (Q1)",
      "revenue": 17686,
      "gross_profit": 7774,
      "operating_income": -1266501,
      "net_income": -1219000,
      "opex": 1274275,
      "cogs": 9912,
      "rd": 207774,
      "sga": null,
      "fcf": -1215663,
      "ocf": -1215663,
      "capex": null,
      "gross_margin": 0.4395567115232387,
      "op_margin": -71.61036978400995,
      "fcf_margin": -68.73589279656225,
      "fcf_margin_change": -61.31211482154165
    },
    {
      "date": "2021-06-30T00:00:00",
      "quarter_label": "2021-06 (Q2)",
      "revenue": 22213,
      "gross_profit": 8003,
      "operating_income": -1737768,
      "net_income": -1598617,
      "opex": 1745771,
      "cogs": 14210,
      "rd": 314830,
      "sga": null,
      "fcf": -886394,
      "ocf": -886394,
      "capex": null,
      "gross_margin": 0.3602845180750011,
      "op_margin": -78.23202629091072,
      "fcf_margin": -39.90429028046639,
      "op_leverage_ratio": 0.691776849104295,
      "fcf_margin_change": 28.831602516095863
    },
    {
      "date": "2021-09-30T00:00:00",
      "quarter_label": "2021-09 (Q3)",
      "revenue": 670000,
      "gross_profit": 63595,
      "operating_income": -1573891,
      "net_income": -1441234,
      "opex": 1637486,
      "cogs": 610000,
      "rd": 287216,
      "sga": null,
      "fcf": -1399969,
      "ocf": -1399969,
      "capex": null,
      "gross_margin": 0.0949179104477612,
      "op_margin": -2.3490910447761193,
      "fcf_margin": -2.0895059701492538,
      "op_leverage_ratio": Infinity,
      "fcf_margin_change": 37.81478431031714
    },
    {
      "date": "2021-12-31T00:00:00",
      "quarter_label": "2021-12 (Q4)",
      "revenue": 8950000,
      "gross_profit": 246299,
      "operating_income": -1841057,
      "net_income": -1677293,
      "opex": 2087356,
      "cogs": 8733180,
      "rd": 432355,
      "sga": null,
      "fcf": -2424653,
      "ocf": -2424653,
      "capex": null,
      "gross_margin": 0.027519441340782123,
      "op_margin": -0.20570469273743017,
      "fcf_margin": -0.27091094972067037,
      "incr_op_margin_yoy": -0.09747608064356736,
      "rev_growth_yoy": 69.9281683890192,
      "op_leverage_ratio": 44.98275979561591,
      "fcf_margin_change": 1.8185950204285835
    },
    {
      "date": "2022-03-31T00:00:00",
      "quarter_label": "2022-03 (Q1)",
      "revenue": 5540000,
      "gross_profit": 588404,
      "operating_income": -1258199,
      "net_income": -1277412,
      "opex": 1846603,
      "cogs": 6055134,
      "rd": 248832,
      "sga": null,
      "fcf": -391866,
      "ocf": -391866,
      "capex": null,
      "gross_margin": 0.1062101083032491,
      "op_margin": -0.22711173285198555,
      "fcf_margin": -0.07073393501805054,
      "incr_op_margin_yoy": 0.001503355296348596,
      "rev_growth_yoy": 312.24211240529235,
      "rev_growth_yoy_accel": 242.31394401627313,
      "fcf_margin_change": 0.20017701470261984
    },
    {
      "date": "2022-06-30T00:00:00",
      "quarter_label": "2022-06 (Q2)",
      "revenue": 1930911,
      "gross_profit": 57375,
      "operating_income": -2564107,
      "net_income": -2125769,
      "opex": 2621482,
      "cogs": 729389,
      "rd": 291336,
      "sga": null,
      "fcf": -923224,
      "ocf": -923224,
      "capex": null,
      "gross_margin": 0.029713953672644674,
      "op_margin": -1.3279260411277372,
      "fcf_margin": -0.4781287174810232,
      "incr_op_margin_yoy": -0.4329333398997641,
      "rev_growth_yoy": 85.92706973393959,
      "rev_growth_yoy_accel": -226.31504267135276,
      "fcf_margin_change": -0.40739478246297267
    },
    {
      "date": "2022-09-30T00:00:00",
      "quarter_label": "2022-09 (Q3)",
      "revenue": 1164305,
      "gross_profit": 150197,
      "operating_income": -1456644,
      "net_income": -1337323,
      "opex": 1606841,
      "cogs": 1014108,
      "rd": 263332,
      "sga": null,
      "fcf": -752697,
      "ocf": -752697,
      "capex": null,
      "gross_margin": 0.12900142144884716,
      "op_margin": -1.2510845525871657,
      "fcf_margin": -0.6464775123356853,
      "rev_growth_yoy": 0.7377686567164179,
      "rev_growth_yoy_accel": -85.18930107722318,
      "fcf_margin_change": -0.1683487948546621
    },
    {
      "date": "2022-12-31T00:00:00",
      "quarter_label": "2022-12 (Q4)",
      "revenue": 410000,
      "gross_profit": 54330,
      "operating_income": -1374734,
      "net_income": -1290990,
      "opex": 1429064,
      "cogs": 371380,
      "rd": 149058,
      "sga": null,
      "fcf": -1013793,
      "ocf": -1013793,
      "capex": null,
      "gross_margin": 0.13251219512195123,
      "op_margin": -3.353009756097561,
      "fcf_margin": -2.4726658536585364,
      "incr_op_margin_yoy": -0.05460456674473068,
      "rev_growth_yoy": -0.9541899441340782,
      "rev_growth_yoy_accel": -1.691958600850496,
      "fcf_margin_change": -1.826188341322851
    },
    {
      "date": "2023-03-31T00:00:00",
      "quarter_label": "2023-03 (Q1)",
      "revenue": 1787677,
      "gross_profit": 71641,
      "operating_income": -872749,
      "net_income": -1295159,
      "opex": 944390,
      "cogs": 12914,
      "rd": 144054,
      "sga": null,
      "fcf": -561879,
      "ocf": -561879,
      "capex": null,
      "gross_margin": 0.040074912861775364,
      "op_margin": -0.4882028464873688,
      "fcf_margin": -0.31430677913291943,
      "incr_op_margin_yoy": -0.1027230331717179,
      "rev_growth_yoy": -0.6773146209386282,
      "rev_growth_yoy_accel": 0.27687532319545005,
      "op_leverage_ratio": Infinity,
      "fcf_margin_change": 2.158359074525617
    },
    {
      "date": "2023-06-30T00:00:00",
      "quarter_label": "2023-06 (Q2)",
      "revenue": 3667619,
      "gross_profit": 39876,
      "operating_income": -5547173,
      "net_income": null,
      "opex": 5587049,
      "cogs": 3627743,
      "rd": 202430,
      "sga": null,
      "fcf": -807712,
      "ocf": -807712,
      "capex": null,
      "gross_margin": 0.010872448855783548,
      "op_margin": -1.5124725332702225,
      "fcf_margin": -0.22022789171939616,
      "incr_op_margin_yoy": -1.717655472307377,
      "rev_growth_yoy": 0.8994241578198063,
      "rev_growth_yoy_accel": 1.5767387787584344,
      "op_leverage_ratio": 0.2139143855851461,
      "fcf_margin_change": 0.09407888741352327
    },
    {
      "date": "2023-09-30T00:00:00",
      "quarter_label": "2023-09 (Q3)",
      "revenue": 6880743,
      "gross_profit": 74735,
      "operating_income": -857776,
      "net_income": -22056,
      "opex": 932511,
      "cogs": 6806008,
      "rd": 155004,
      "sga": null,
      "fcf": -6744743,
      "ocf": -6744413,
      "capex": -330,
      "gross_margin": 0.010861472372969024,
      "op_margin": -0.12466328127645518,
      "fcf_margin": -0.980234692677811,
      "incr_op_margin_yoy": 0.10476244122651203,
      "rev_growth_yoy": 4.90974272205307,
      "rev_growth_yoy_accel": 4.010318564233264,
      "op_leverage_ratio": Infinity,
      "fcf_margin_change": -0.7600068009584149
    },
    {
      "date": "2023-12-31T00:00:00",
      "quarter_label": "2023-12 (Q4)",
      "revenue": 11348469,
      "gross_profit": 102235,
      "operating_income": -1788536,
      "net_income": -1833039,
      "opex": 1890771,
      "cogs": 11246234,
      "rd": 117371,
      "sga": null,
      "fcf": 1107777,
      "ocf": 1111130,
      "capex": -3353,
      "gross_margin": 0.009008704169699015,
      "op_margin": -0.15760152316581205,
      "fcf_margin": 0.09761466502662165,
      "incr_op_margin_yoy": -0.03782997419474334,
      "rev_growth_yoy": 26.67919268292683,
      "rev_growth_yoy_accel": 21.769449960873757,
      "op_leverage_ratio": 0.6318613586324457,
      "fcf_margin_change": 1.0778493577044328
    },
    {
      "date": "2024-03-31T00:00:00",
      "quarter_label": "2024-03 (Q1)",
      "revenue": 1383001,
      "gross_profit": 9871,
      "operating_income": -4107691,
      "net_income": -4141720,
      "opex": 4117562,
      "cogs": 1373130,
      "rd": 71178,
      "sga": null,
      "fcf": -321078,
      "ocf": -321069,
      "capex": -9,
      "gross_margin": 0.007137377341014215,
      "op_margin": -2.9701287273111157,
      "fcf_margin": -0.23216035274016433,
      "rev_growth_yoy": -0.22636975247765675,
      "rev_growth_yoy_accel": -26.905562435404484,
      "fcf_margin_change": -0.32977501776678597
    },
    {
      "date": "2024-06-30T00:00:00",
      "quarter_label": "2024-06 (Q2)",
      "revenue": 4363654,
      "gross_profit": 287264,
      "operating_income": -5371384,
      "net_income": -5380249,
      "opex": 5658648,
      "cogs": 4076390,
      "rd": 15789,
      "sga": null,
      "fcf": -447707,
      "ocf": -444531,
      "capex": -3176,
      "gross_margin": 0.06583106726610313,
      "op_margin": -1.2309371916288505,
      "fcf_margin": -0.10259910616194592,
      "rev_growth_yoy": 0.18977843663695712,
      "rev_growth_yoy_accel": 0.4161481891146139,
      "op_leverage_ratio": 5.758404882420374,
      "fcf_margin_change": 0.1295612465782184
    },
    {
      "date": "2024-09-30T00:00:00",
      "quarter_label": "2024-09 (Q3)",
      "revenue": 21081094,
      "gross_profit": 196981,
      "operating_income": -2030550,
      "net_income": -1961989,
      "opex": 2227531,
      "cogs": 20884113,
      "rd": 103079,
      "sga": null,
      "fcf": -735407,
      "ocf": -732655,
      "capex": -2752,
      "gross_margin": 0.009343964786647221,
      "op_margin": -0.09632090251103667,
      "fcf_margin": -0.034884669647599884,
      "incr_op_margin_yoy": -0.08258767688207144,
      "rev_growth_yoy": 2.063781629396709,
      "rev_growth_yoy_accel": 1.874003192759752,
      "op_leverage_ratio": Infinity,
      "fcf_margin_change": 0.06771443651434604
    },
    {
      "date": "2024-12-31T00:00:00",
      "quarter_label": "2024-12 (Q4)",
      "revenue": 20456404,
      "gross_profit": 417452,
      "operating_income": -1238352,
      "net_income": -1136278,
      "opex": 1655804,
      "cogs": 20038952,
      "rd": 74402,
      "sga": null,
      "fcf": -859420,
      "ocf": -854917,
      "capex": -4503,
      "gross_margin": 0.020406910227232507,
      "op_margin": -0.060536152883957514,
      "fcf_margin": -0.042012271560534296,
      "incr_op_margin_yoy": 0.0604071065504969,
      "rev_growth_yoy": 0.802569491972882,
      "rev_growth_yoy_accel": -1.261212137423827,
      "fcf_margin_change": -0.007127601912934413
    },
    {
      "date": "2025-03-31T00:00:00",
      "quarter_label": "2025-03 (Q1)",
      "revenue": 10353977,
      "gross_profit": 297790,
      "operating_income": -1769479,
      "net_income": -1782998,
      "opex": 2067269,
      "cogs": 10056187,
      "rd": 347532,
      "sga": null,
      "fcf": -197872,
      "ocf": -197884,
      "capex": 12,
      "gross_margin": 0.02876092925452703,
      "op_margin": -0.17089848663948162,
      "fcf_margin": -0.01911072431395202,
      "incr_op_margin_yoy": 0.26064187441812353,
      "rev_growth_yoy": 6.486601238900044,
      "rev_growth_yoy_accel": 5.684031746927162,
      "fcf_margin_change": 0.022901547246582277
    },
    {
      "date": "2025-06-30T00:00:00",
      "quarter_label": "2025-06 (Q2)",
      "revenue": 19725345,
      "gross_profit": 1531725,
      "operating_income": -116334,
      "net_income": -204429,
      "opex": 1648059,
      "cogs": 18193620,
      "rd": 389983,
      "sga": null,
      "fcf": -590110,
      "ocf": -589224,
      "capex": -886,
      "gross_margin": 0.07765263421248146,
      "op_margin": -0.005897691523266133,
      "fcf_margin": -0.029916333529274138,
      "incr_op_margin_yoy": 0.34208799018285163,
      "rev_growth_yoy": 3.520373292657942,
      "rev_growth_yoy_accel": -2.966227946242102,
      "op_leverage_ratio": Infinity,
      "fcf_margin_change": -0.010805609215322119
    },
    {
      "date": "2025-09-30T00:00:00",
      "quarter_label": "2025-09 (Q3)",
      "revenue": 13813551,
      "gross_profit": 1169092,
      "operating_income": -288623,
      "net_income": -201026,
      "opex": 1457715,
      "cogs": 12644459,
      "rd": 512924,
      "sga": null,
      "fcf": 879299,
      "ocf": 879299,
      "capex": null,
      "gross_margin": 0.08463370497564313,
      "op_margin": -0.020894192955888027,
      "fcf_margin": 0.06365481258222451,
      "incr_op_margin_yoy": -0.23968581954038662,
      "rev_growth_yoy": -0.34474221309387454,
      "rev_growth_yoy_accel": -3.8651155057518167,
      "fcf_margin_change": 0.09357114611149865
    }
  ],
  "signals": [
    {
      "quarter": "2025-09 (Q3)",
      "signal": "FCF TURNED POSITIVE",
      "detail": "FCF margin: -3.0% -> +6.4%",
      "severity": "HIGH"
    },
    {
      "quarter": "2025-09 (Q3)",
      "signal": "YoY REVENUE GROWTH DECELERATION",
      "detail": "YoY growth: -34.5% vs prior quarter YoY: +352.0% (decel: -386.5%)",
      "severity": "WARNING"
    },
    {
      "quarter": "2025-06 (Q2)",
      "signal": "YoY REVENUE GROWTH DECELERATION",
      "detail": "YoY growth: +352.0% vs prior quarter YoY: +648.7% (decel: -296.6%)",
      "severity": "WARNING"
    },
    {
      "quarter": "2025-03 (Q1)",
      "signal": "YoY REVENUE GROWTH ACCELERATION",
      "detail": "YoY growth: +648.7% vs prior quarter YoY: +80.3% (accel: +568.4%)",
      "severity": "HIGH"
    },
    {
      "quarter": "2024-12 (Q4)",
      "signal": "YoY REVENUE GROWTH DECELERATION",
      "detail": "YoY growth: +80.3% vs prior quarter YoY: +206.4% (decel: -126.1%)",
      "severity": "WARNING"
    },
    {
      "quarter": "2024-09 (Q3)",
      "signal": "FCF MARGIN EXPANSION",
      "detail": "FCF margin: -10.3% -> -3.5% (+6.8%)",
      "severity": "MEDIUM"
    },
    {
      "quarter": "2024-09 (Q3)",
      "signal": "YoY REVENUE GROWTH ACCELERATION",
      "detail": "YoY growth: +206.4% vs prior quarter YoY: +19.0% (accel: +187.4%)",
      "severity": "HIGH"
    },
    {
      "quarter": "2024-06 (Q2)",
      "signal": "FCF MARGIN EXPANSION",
      "detail": "FCF margin: -23.2% -> -10.3% (+13.0%)",
      "severity": "MEDIUM"
    },
    {
      "quarter": "2024-06 (Q2)",
      "signal": "OPERATING LEVERAGE",
      "detail": "Rev growth +215.5% vs OpEx growth +37.4% (leverage: 5.8x)",
      "severity": "MEDIUM"
    },
    {
      "quarter": "2024-06 (Q2)",
      "signal": "GROSS MARGIN INFLECTION",
      "detail": "GM: +0.9% -> +0.7% -> +6.6% (reversal +5.9%)",
      "severity": "HIGH"
    },
    {
      "quarter": "2024-06 (Q2)",
      "signal": "YoY REVENUE GROWTH ACCELERATION",
      "detail": "YoY growth: +19.0% vs prior quarter YoY: -22.6% (accel: +41.6%)",
      "severity": "HIGH"
    },
    {
      "quarter": "2024-03 (Q1)",
      "signal": "YoY REVENUE GROWTH DECELERATION",
      "detail": "YoY growth: -22.6% vs prior quarter YoY: +2667.9% (decel: -2690.6%)",
      "severity": "WARNING"
    },
    {
      "quarter": "2023-12 (Q4)",
      "signal": "FCF TURNED POSITIVE",
      "detail": "FCF margin: -98.0% -> +9.8%",
      "severity": "HIGH"
    },
    {
      "quarter": "2023-12 (Q4)",
      "signal": "YoY REVENUE GROWTH ACCELERATION",
      "detail": "YoY growth: +2667.9% vs prior quarter YoY: +491.0% (accel: +2176.9%)",
      "severity": "HIGH"
    },
    {
      "quarter": "2023-09 (Q3)",
      "signal": "YoY REVENUE GROWTH ACCELERATION",
      "detail": "YoY growth: +491.0% vs prior quarter YoY: +89.9% (accel: +401.0%)",
      "severity": "HIGH"
    },
    {
      "quarter": "2023-06 (Q2)",
      "signal": "FCF MARGIN EXPANSION",
      "detail": "FCF margin: -31.4% -> -22.0% (+9.4%)",
      "severity": "MEDIUM"
    },
    {
      "quarter": "2023-06 (Q2)",
      "signal": "YoY REVENUE GROWTH ACCELERATION",
      "detail": "YoY growth: +89.9% vs prior quarter YoY: -67.7% (accel: +157.7%)",
      "severity": "HIGH"
    },
    {
      "quarter": "2023-03 (Q1)",
      "signal": "FCF MARGIN EXPANSION",
      "detail": "FCF margin: -247.3% -> -31.4% (+215.8%)",
      "severity": "MEDIUM"
    },
    {
      "quarter": "2023-03 (Q1)",
      "signal": "YoY REVENUE GROWTH ACCELERATION",
      "detail": "YoY growth: -67.7% vs prior quarter YoY: -95.4% (accel: +27.7%)",
      "severity": "HIGH"
    },
    {
      "quarter": "2022-12 (Q4)",
      "signal": "YoY REVENUE GROWTH DECELERATION",
      "detail": "YoY growth: -95.4% vs prior quarter YoY: +73.8% (decel: -169.2%)",
      "severity": "WARNING"
    },
    {
      "quarter": "2022-09 (Q3)",
      "signal": "GROSS MARGIN INFLECTION",
      "detail": "GM: +10.6% -> +3.0% -> +12.9% (reversal +9.9%)",
      "severity": "HIGH"
    },
    {
      "quarter": "2022-09 (Q3)",
      "signal": "YoY REVENUE GROWTH DECELERATION",
      "detail": "YoY growth: +73.8% vs prior quarter YoY: +8592.7% (decel: -8518.9%)",
      "severity": "WARNING"
    },
    {
      "quarter": "2022-06 (Q2)",
      "signal": "YoY REVENUE GROWTH DECELERATION",
      "detail": "YoY growth: +8592.7% vs prior quarter YoY: +31224.2% (decel: -22631.5%)",
      "severity": "WARNING"
    },
    {
      "quarter": "2022-03 (Q1)",
      "signal": "FCF MARGIN EXPANSION",
      "detail": "FCF margin: -27.1% -> -7.1% (+20.0%)",
      "severity": "MEDIUM"
    },
    {
      "quarter": "2022-03 (Q1)",
      "signal": "GROSS MARGIN INFLECTION",
      "detail": "GM: +9.5% -> +2.8% -> +10.6% (reversal +7.9%)",
      "severity": "HIGH"
    },
    {
      "quarter": "2022-03 (Q1)",
      "signal": "YoY REVENUE GROWTH ACCELERATION",
      "detail": "YoY growth: +31224.2% vs prior quarter YoY: +6992.8% (accel: +24231.4%)",
      "severity": "HIGH"
    },
    {
      "quarter": "2021-12 (Q4)",
      "signal": "FCF MARGIN EXPANSION",
      "detail": "FCF margin: -209.0% -> -27.1% (+181.9%)",
      "severity": "MEDIUM"
    },
    {
      "quarter": "2021-12 (Q4)",
      "signal": "OPERATING LEVERAGE",
      "detail": "Rev growth +1235.8% vs OpEx growth +27.5% (leverage: 45.0x)",
      "severity": "MEDIUM"
    },
    {
      "quarter": "2021-09 (Q3)",
      "signal": "FCF MARGIN EXPANSION",
      "detail": "FCF margin: -3990.4% -> -209.0% (+3781.5%)",
      "severity": "MEDIUM"
    },
    {
      "quarter": "2021-06 (Q2)",
      "signal": "FCF MARGIN EXPANSION",
      "detail": "FCF margin: -6873.6% -> -3990.4% (+2883.2%)",
      "severity": "MEDIUM"
    }
  ],
  "data_quality": {
    "n_quarters": 20,
    "coverage": {
      "revenue": [
        20,
        20
      ],
      "gross_profit": [
        20,
        20
      ],
      "op_income": [
        20,
        20
      ],
      "fcf": [
        20,
        20
      ]
    },
    "gaps": [],
    "warnings": []
  },
  "market_cap": null,
  "source": "SEC EDGAR",
  "last_updated": "2026-02-03T00:10:25.439728",
  "sector": "Technology",
  "industry": "Software - Infrastructure"
}