{
  "ticker": "DUOL",
  "name": "Duolingo, Inc.",
  "quarters": [
    {
      "date": "2020-12-31T00:00:00",
      "quarter_label": "2020-12 (Q4)",
      "revenue": 48268000,
      "gross_profit": 35405000,
      "operating_income": -10571000,
      "net_income": -10407000,
      "opex": 45976000,
      "cogs": 12863000,
      "rd": 15443000,
      "sga": null,
      "fcf": 2862000,
      "ocf": 3681000,
      "capex": -819000,
      "gross_margin": 0.7335087428524074,
      "op_margin": -0.2190063810391978,
      "fcf_margin": 0.05929394215629402
    },
    {
      "date": "2021-03-31T00:00:00",
      "quarter_label": "2021-03 (Q1)",
      "revenue": 55360000,
      "gross_profit": 40341000,
      "operating_income": -13414000,
      "net_income": -13472000,
      "opex": 53755000,
      "cogs": 15019000,
      "rd": 22529000,
      "sga": null,
      "fcf": 4284000,
      "ocf": 5123000,
      "capex": -839000,
      "gross_margin": 0.728703034682081,
      "op_margin": -0.2423049132947977,
      "fcf_margin": 0.07738439306358381,
      "op_leverage_ratio": 0.8683940427611857,
      "fcf_margin_change": 0.018090450907289793
    },
    {
      "date": "2021-06-30T00:00:00",
      "quarter_label": "2021-06 (Q2)",
      "revenue": 58803000,
      "gross_profit": 42666000,
      "operating_income": -478000,
      "net_income": -176000,
      "opex": 43144000,
      "cogs": 16137000,
      "rd": 21940000,
      "sga": null,
      "fcf": -2035000,
      "ocf": -896000,
      "capex": -1139000,
      "gross_margin": 0.7255752257537881,
      "op_margin": -0.008128836964100472,
      "fcf_margin": -0.034607077870176695,
      "op_leverage_ratio": Infinity,
      "fcf_margin_change": -0.11199147093376051
    },
    {
      "date": "2021-09-30T00:00:00",
      "quarter_label": "2021-09 (Q3)",
      "revenue": 63595000,
      "gross_profit": 45517000,
      "operating_income": -28700000,
      "net_income": -28970000,
      "opex": 74217000,
      "cogs": 18078000,
      "rd": 29345000,
      "sga": null,
      "fcf": 3426000,
      "ocf": 4511000,
      "capex": -1085000,
      "gross_margin": 0.7157323688969258,
      "op_margin": -0.45129334067143645,
      "fcf_margin": 0.0538721597609875,
      "op_leverage_ratio": 0.11314999737856409,
      "fcf_margin_change": 0.08847923763116419
    },
    {
      "date": "2021-12-31T00:00:00",
      "quarter_label": "2021-12 (Q4)",
      "revenue": 73014000,
      "gross_profit": 53062000,
      "operating_income": -17415000,
      "net_income": -17517000,
      "opex": 70477000,
      "cogs": 19952000,
      "rd": 30019000,
      "sga": null,
      "fcf": -91000,
      "ocf": 432000,
      "capex": -523000,
      "gross_margin": 0.7267373380447585,
      "op_margin": -0.23851590106007067,
      "fcf_margin": -0.0012463363190620977,
      "incr_op_margin_yoy": -0.2765699506991029,
      "rev_growth_yoy": 0.5126792077566918,
      "op_leverage_ratio": Infinity,
      "fcf_margin_change": -0.055118496080049595
    },
    {
      "date": "2022-03-31T00:00:00",
      "quarter_label": "2022-03 (Q1)",
      "revenue": 81220000,
      "gross_profit": 59730000,
      "operating_income": -11847000,
      "net_income": -12154000,
      "opex": 71577000,
      "cogs": 21490000,
      "rd": 29781000,
      "sga": null,
      "fcf": 19300000,
      "ocf": 20627000,
      "capex": -1327000,
      "gross_margin": 0.7354099975375523,
      "op_margin": -0.14586308790938193,
      "fcf_margin": 0.2376262004432406,
      "incr_op_margin_yoy": 0.06059551430781129,
      "rev_growth_yoy": 0.4671242774566474,
      "rev_growth_yoy_accel": -0.04555493030004443,
      "op_leverage_ratio": 7.200789163722026,
      "fcf_margin_change": 0.2388725367623027
    },
    {
      "date": "2022-06-30T00:00:00",
      "quarter_label": "2022-06 (Q2)",
      "revenue": 88386000,
      "gross_profit": 64517000,
      "operating_income": -15034000,
      "net_income": -15045000,
      "opex": 79551000,
      "cogs": 23869000,
      "rd": 34217000,
      "sga": null,
      "fcf": 10798000,
      "ocf": 12662000,
      "capex": -1864000,
      "gross_margin": 0.7299459190369516,
      "op_margin": -0.17009481139546986,
      "fcf_margin": 0.12216866924626071,
      "incr_op_margin_yoy": -0.49203934692221885,
      "rev_growth_yoy": 0.5030865772154481,
      "rev_growth_yoy_accel": 0.03596229975880072,
      "op_leverage_ratio": 0.791974282707892,
      "fcf_margin_change": -0.11545753119697988
    },
    {
      "date": "2022-09-30T00:00:00",
      "quarter_label": "2022-09 (Q3)",
      "revenue": 96065000,
      "gross_profit": 69763000,
      "operating_income": -20162000,
      "net_income": -18445000,
      "opex": 89925000,
      "cogs": 26302000,
      "rd": 41976000,
      "sga": null,
      "fcf": 6680000,
      "ocf": 8759000,
      "capex": -2079000,
      "gross_margin": 0.726206214542237,
      "op_margin": -0.20987872794462084,
      "fcf_margin": 0.06953625149638266,
      "incr_op_margin_yoy": 0.2629504157684016,
      "rev_growth_yoy": 0.5105747307178238,
      "rev_growth_yoy_accel": 0.0074881535023756385,
      "op_leverage_ratio": 0.6662244812984928,
      "fcf_margin_change": -0.05263241774987805
    },
    {
      "date": "2022-12-31T00:00:00",
      "quarter_label": "2022-12 (Q4)",
      "revenue": 103824000,
      "gross_profit": 76054000,
      "operating_income": -18152000,
      "net_income": -13930000,
      "opex": 94206000,
      "cogs": 27770000,
      "rd": 44470000,
      "sga": null,
      "fcf": 11316000,
      "ocf": 11608000,
      "capex": -292000,
      "gross_margin": 0.7325281245184158,
      "op_margin": -0.17483433502850979,
      "fcf_margin": 0.1089921405455386,
      "incr_op_margin_yoy": -0.02392080493346316,
      "rev_growth_yoy": 0.42197386802531023,
      "rev_growth_yoy_accel": -0.08860086269251355,
      "op_leverage_ratio": 1.6965856268992128,
      "fcf_margin_change": 0.03945588904915594
    },
    {
      "date": "2023-03-31T00:00:00",
      "quarter_label": "2023-03 (Q1)",
      "revenue": 115661000,
      "gross_profit": 84169000,
      "operating_income": -8519000,
      "net_income": -2582000,
      "opex": 92688000,
      "cogs": 31492000,
      "rd": 45844000,
      "sga": null,
      "fcf": 28923000,
      "ocf": 29604000,
      "capex": -681000,
      "gross_margin": 0.7277215310260157,
      "op_margin": -0.07365490528354415,
      "fcf_margin": 0.2500670061645671,
      "incr_op_margin_yoy": 0.09662901774048373,
      "rev_growth_yoy": 0.42404580152671756,
      "rev_growth_yoy_accel": 0.0020719335014073303,
      "op_leverage_ratio": Infinity,
      "fcf_margin_change": 0.14107486561902852
    },
    {
      "date": "2023-06-30T00:00:00",
      "quarter_label": "2023-06 (Q2)",
      "revenue": 126839000,
      "gross_profit": 93051000,
      "operating_income": -4865000,
      "net_income": 3725000,
      "opex": 97916000,
      "cogs": 33788000,
      "rd": 47947000,
      "sga": null,
      "fcf": 36340000,
      "ocf": 37167000,
      "capex": -827000,
      "gross_margin": 0.7336150553063332,
      "op_margin": -0.03835571078296108,
      "fcf_margin": 0.2865049393325397,
      "incr_op_margin_yoy": 0.26445270850128727,
      "rev_growth_yoy": 0.4350575883058403,
      "rev_growth_yoy_accel": 0.011011786779122734,
      "op_leverage_ratio": 1.7134249818416716,
      "fcf_margin_change": 0.03643793316797256
    },
    {
      "date": "2023-09-30T00:00:00",
      "quarter_label": "2023-09 (Q3)",
      "revenue": 137624000,
      "gross_profit": 101370000,
      "operating_income": -4670000,
      "net_income": 2807000,
      "opex": 106040000,
      "cogs": 36254000,
      "rd": 50305000,
      "sga": null,
      "fcf": 36891000,
      "ocf": 37650000,
      "capex": -759000,
      "gross_margin": 0.7365721095157821,
      "op_margin": -0.03393303493576702,
      "fcf_margin": 0.2680564436435505,
      "incr_op_margin_yoy": 0.3727712408864506,
      "rev_growth_yoy": 0.43261333472128244,
      "rev_growth_yoy_accel": -0.002444253584557854,
      "op_leverage_ratio": 1.0248282511414377,
      "fcf_margin_change": -0.018448495688989153
    },
    {
      "date": "2023-12-31T00:00:00",
      "quarter_label": "2023-12 (Q4)",
      "revenue": 150985000,
      "gross_profit": 110414000,
      "operating_income": 4795000,
      "net_income": 12117000,
      "opex": 105619000,
      "cogs": 40571000,
      "rd": 50256000,
      "sga": null,
      "fcf": 48269000,
      "ocf": 49193000,
      "capex": -924000,
      "gross_margin": 0.7312911878663444,
      "op_margin": 0.031758121667715335,
      "fcf_margin": 0.31969400933867603,
      "incr_op_margin_yoy": 0.48656729076991584,
      "rev_growth_yoy": 0.4542398674680228,
      "rev_growth_yoy_accel": 0.021626532746740368,
      "op_leverage_ratio": Infinity,
      "fcf_margin_change": 0.05163756569512551
    },
    {
      "date": "2024-03-31T00:00:00",
      "quarter_label": "2024-03 (Q1)",
      "revenue": 167553000,
      "gross_profit": 122362000,
      "operating_income": 16439000,
      "net_income": 26956000,
      "opex": 105923000,
      "cogs": 45191000,
      "rd": 50878000,
      "sga": null,
      "fcf": 82100000,
      "ocf": 83514000,
      "capex": -1414000,
      "gross_margin": 0.7302883266787226,
      "op_margin": 0.09811223911240026,
      "fcf_margin": 0.48999421078703453,
      "incr_op_margin_yoy": 0.48096045633238266,
      "rev_growth_yoy": 0.44865598602813395,
      "rev_growth_yoy_accel": -0.00558388143988886,
      "op_leverage_ratio": 38.12455210782528,
      "fcf_margin_change": 0.1703002014483585
    },
    {
      "date": "2024-06-30T00:00:00",
      "quarter_label": "2024-06 (Q2)",
      "revenue": 178327000,
      "gross_profit": 130978000,
      "operating_income": 18700000,
      "net_income": 24351000,
      "opex": 112278000,
      "cogs": 47349000,
      "rd": 55147000,
      "sga": null,
      "fcf": 56825000,
      "ocf": 62388000,
      "capex": -5563000,
      "gross_margin": 0.7344821591794849,
      "op_margin": 0.10486353720973268,
      "fcf_margin": 0.3186561765744952,
      "incr_op_margin_yoy": 0.4576794592914854,
      "rev_growth_yoy": 0.4059319294538746,
      "rev_growth_yoy_accel": -0.04272405657425937,
      "op_leverage_ratio": 1.0717647785113384,
      "fcf_margin_change": -0.17133803421253935
    },
    {
      "date": "2024-09-30T00:00:00",
      "quarter_label": "2024-09 (Q3)",
      "revenue": 192594000,
      "gross_profit": 140414000,
      "operating_income": 13574000,
      "net_income": 23360000,
      "opex": 126840000,
      "cogs": 52180000,
      "rd": 62878000,
      "sga": null,
      "fcf": 53089000,
      "ocf": 56267000,
      "capex": -3178000,
      "gross_margin": 0.7290673645077209,
      "op_margin": 0.07047986957018391,
      "fcf_margin": 0.2756524086939365,
      "incr_op_margin_yoy": 0.3318901218846644,
      "rev_growth_yoy": 0.399421612509446,
      "rev_growth_yoy_accel": -0.006510316944428551,
      "op_leverage_ratio": 0.6168636780416464,
      "fcf_margin_change": -0.04300376788055871
    },
    {
      "date": "2024-12-31T00:00:00",
      "quarter_label": "2024-12 (Q4)",
      "revenue": 209550000,
      "gross_profit": 150625000,
      "operating_income": 13882000,
      "net_income": 13907000,
      "opex": 136743000,
      "cogs": 58925000,
      "rd": 66395000,
      "sga": null,
      "fcf": 81383000,
      "ocf": 83344000,
      "capex": -1961000,
      "gross_margin": 0.718802195180148,
      "op_margin": 0.06624671916010498,
      "fcf_margin": 0.3883703173466953,
      "incr_op_margin_yoy": 0.1551609322974473,
      "rev_growth_yoy": 0.3878862138623042,
      "rev_growth_yoy_accel": -0.011535398647141815,
      "op_leverage_ratio": 1.1276390552520326,
      "fcf_margin_change": 0.11271790865275882
    },
    {
      "date": "2025-03-31T00:00:00",
      "quarter_label": "2025-03 (Q1)",
      "revenue": 230743000,
      "gross_profit": 164096000,
      "operating_income": 23594000,
      "net_income": 35135000,
      "opex": 140502000,
      "cogs": 66647000,
      "rd": 70390000,
      "sga": null,
      "fcf": 104322000,
      "ocf": 105631000,
      "capex": -1309000,
      "gross_margin": 0.7111635022514226,
      "op_margin": 0.10225228934355539,
      "fcf_margin": 0.4521133902220219,
      "incr_op_margin_yoy": 0.11322994144643139,
      "rev_growth_yoy": 0.37713439926471026,
      "rev_growth_yoy_accel": -0.010751814597593945,
      "op_leverage_ratio": 3.67906576304676,
      "fcf_margin_change": 0.0637430728753266
    },
    {
      "date": "2025-06-30T00:00:00",
      "quarter_label": "2025-06 (Q2)",
      "revenue": 252265000,
      "gross_profit": 182581000,
      "operating_income": 33363000,
      "net_income": 44781000,
      "opex": 149218000,
      "cogs": 69684000,
      "rd": 73670000,
      "sga": null,
      "fcf": 89477000,
      "ocf": 90675000,
      "capex": -1198000,
      "gross_margin": 0.7237666739341565,
      "op_margin": 0.1322537807464373,
      "fcf_margin": 0.35469446811884325,
      "incr_op_margin_yoy": 0.1983148042954908,
      "rev_growth_yoy": 0.4146203323108671,
      "rev_growth_yoy_accel": 0.03748593304615683,
      "op_leverage_ratio": 1.5035552001150894,
      "fcf_margin_change": -0.09741892210317865
    },
    {
      "date": "2025-09-30T00:00:00",
      "quarter_label": "2025-09 (Q3)",
      "revenue": 271713000,
      "gross_profit": 196911000,
      "operating_income": 35159000,
      "net_income": 292195000,
      "opex": 161752000,
      "cogs": 74802000,
      "rd": 82707000,
      "sga": null,
      "fcf": 79377000,
      "ocf": 84239000,
      "capex": -4862000,
      "gross_margin": 0.7247021673604134,
      "op_margin": 0.12939756286964554,
      "fcf_margin": 0.2921354517450398,
      "incr_op_margin_yoy": 0.2728168960679483,
      "rev_growth_yoy": 0.4108071902551481,
      "rev_growth_yoy_accel": -0.0038131420557189766,
      "op_leverage_ratio": 0.9178029955891785,
      "fcf_margin_change": -0.06255901637380346
    }
  ],
  "signals": [
    {
      "quarter": "2025-09 (Q3)",
      "signal": "INCREMENTAL MARGIN (YoY)",
      "detail": "YoY Incr OPM: +27.3% vs year-ago OPM: +7.0%",
      "severity": "HIGH"
    },
    {
      "quarter": "2025-06 (Q2)",
      "signal": "OPERATING LEVERAGE",
      "detail": "Rev growth +9.3% vs OpEx growth +6.2% (leverage: 1.5x)",
      "severity": "MEDIUM"
    },
    {
      "quarter": "2025-03 (Q1)",
      "signal": "FCF MARGIN EXPANSION",
      "detail": "FCF margin: +38.8% -> +45.2% (+6.4%)",
      "severity": "MEDIUM"
    },
    {
      "quarter": "2025-03 (Q1)",
      "signal": "OPERATING LEVERAGE",
      "detail": "Rev growth +10.1% vs OpEx growth +2.7% (leverage: 3.7x)",
      "severity": "MEDIUM"
    },
    {
      "quarter": "2024-12 (Q4)",
      "signal": "FCF MARGIN EXPANSION",
      "detail": "FCF margin: +27.6% -> +38.8% (+11.3%)",
      "severity": "MEDIUM"
    },
    {
      "quarter": "2024-12 (Q4)",
      "signal": "INCREMENTAL MARGIN (YoY)",
      "detail": "YoY Incr OPM: +15.5% vs year-ago OPM: +3.2%",
      "severity": "MEDIUM"
    },
    {
      "quarter": "2024-09 (Q3)",
      "signal": "OP MARGIN TURNED POSITIVE (YoY)",
      "detail": "Op margin: -3.4% (year-ago) -> +7.0%",
      "severity": "HIGH"
    },
    {
      "quarter": "2024-06 (Q2)",
      "signal": "OP MARGIN TURNED POSITIVE (YoY)",
      "detail": "Op margin: -3.8% (year-ago) -> +10.5%",
      "severity": "HIGH"
    },
    {
      "quarter": "2024-03 (Q1)",
      "signal": "FCF MARGIN EXPANSION",
      "detail": "FCF margin: +32.0% -> +49.0% (+17.0%)",
      "severity": "MEDIUM"
    },
    {
      "quarter": "2024-03 (Q1)",
      "signal": "OPERATING LEVERAGE",
      "detail": "Rev growth +11.0% vs OpEx growth +0.3% (leverage: 38.1x)",
      "severity": "MEDIUM"
    },
    {
      "quarter": "2024-03 (Q1)",
      "signal": "OP MARGIN TURNED POSITIVE (YoY)",
      "detail": "Op margin: -7.4% (year-ago) -> +9.8%",
      "severity": "HIGH"
    },
    {
      "quarter": "2023-12 (Q4)",
      "signal": "FCF MARGIN EXPANSION",
      "detail": "FCF margin: +26.8% -> +32.0% (+5.2%)",
      "severity": "MEDIUM"
    },
    {
      "quarter": "2023-12 (Q4)",
      "signal": "OP MARGIN TURNED POSITIVE (YoY)",
      "detail": "Op margin: -17.5% (year-ago) -> +3.2%",
      "severity": "HIGH"
    },
    {
      "quarter": "2023-12 (Q4)",
      "signal": "OP MARGIN TURNED POSITIVE (QoQ)",
      "detail": "Op margin: -3.4% -> +3.2%",
      "severity": "HIGH"
    },
    {
      "quarter": "2023-06 (Q2)",
      "signal": "OPERATING LEVERAGE",
      "detail": "Rev growth +9.7% vs OpEx growth +5.6% (leverage: 1.7x)",
      "severity": "MEDIUM"
    },
    {
      "quarter": "2023-03 (Q1)",
      "signal": "FCF MARGIN EXPANSION",
      "detail": "FCF margin: +10.9% -> +25.0% (+14.1%)",
      "severity": "MEDIUM"
    },
    {
      "quarter": "2022-12 (Q4)",
      "signal": "OPERATING LEVERAGE",
      "detail": "Rev growth +8.1% vs OpEx growth +4.8% (leverage: 1.7x)",
      "severity": "MEDIUM"
    },
    {
      "quarter": "2022-12 (Q4)",
      "signal": "YoY REVENUE GROWTH DECELERATION",
      "detail": "YoY growth: +42.2% vs prior quarter YoY: +51.1% (decel: -8.9%)",
      "severity": "WARNING"
    },
    {
      "quarter": "2022-03 (Q1)",
      "signal": "FCF TURNED POSITIVE",
      "detail": "FCF margin: -0.1% -> +23.8%",
      "severity": "HIGH"
    },
    {
      "quarter": "2022-03 (Q1)",
      "signal": "OPERATING LEVERAGE",
      "detail": "Rev growth +11.2% vs OpEx growth +1.6% (leverage: 7.2x)",
      "severity": "MEDIUM"
    },
    {
      "quarter": "2021-09 (Q3)",
      "signal": "FCF TURNED POSITIVE",
      "detail": "FCF margin: -3.5% -> +5.4%",
      "severity": "HIGH"
    }
  ],
  "data_quality": {
    "n_quarters": 20,
    "coverage": {
      "revenue": [
        20,
        20
      ],
      "gross_profit": [
        20,
        20
      ],
      "op_income": [
        20,
        20
      ],
      "fcf": [
        20,
        20
      ]
    },
    "gaps": [],
    "warnings": []
  },
  "market_cap": null,
  "source": "SEC EDGAR",
  "last_updated": "2026-02-02T20:52:17.352812",
  "sector": "Technology",
  "industry": "Software - Application"
}