{
  "ticker": "DUOT",
  "name": "Duos Technologies Group, Inc.",
  "quarters": [
    {
      "date": "2020-12-31T00:00:00",
      "quarter_label": "2020-12 (Q4)",
      "revenue": 3784412,
      "gross_profit": 1649222,
      "operating_income": -412614,
      "net_income": -425918,
      "opex": 2061836,
      "cogs": 2135190,
      "rd": 250399,
      "sga": null,
      "fcf": -70273,
      "ocf": -7528,
      "capex": -62745,
      "gross_margin": 0.4357934601200926,
      "op_margin": -0.1090298836384622,
      "fcf_margin": -0.018569067004332508
    },
    {
      "date": "2021-03-31T00:00:00",
      "quarter_label": "2021-03 (Q1)",
      "revenue": 2154754,
      "gross_profit": -575708,
      "operating_income": -1822300,
      "net_income": -406023,
      "opex": 1246592,
      "cogs": 2730462,
      "rd": 61033,
      "sga": null,
      "fcf": -1347094,
      "ocf": -1296424,
      "capex": -50670,
      "gross_margin": -0.2671803834683681,
      "op_margin": -0.8457113897920598,
      "fcf_margin": -0.62517298958489,
      "fcf_margin_change": -0.6066039225805575
    },
    {
      "date": "2021-06-30T00:00:00",
      "quarter_label": "2021-06 (Q2)",
      "revenue": 648668,
      "gross_profit": -1537252,
      "operating_income": -2948468,
      "net_income": -2952880,
      "opex": 1411216,
      "cogs": 2185920,
      "rd": 79131,
      "sga": null,
      "fcf": -2056301,
      "ocf": -1922479,
      "capex": -133822,
      "gross_margin": -2.3698594658592684,
      "op_margin": -4.545419228326355,
      "fcf_margin": -3.1700361355886217,
      "fcf_margin_change": -2.5448631460037316
    },
    {
      "date": "2021-09-30T00:00:00",
      "quarter_label": "2021-09 (Q3)",
      "revenue": 1740457,
      "gross_profit": -1064316,
      "operating_income": -2446493,
      "net_income": -2450437,
      "opex": 1382177,
      "cogs": 2804773,
      "rd": 57000,
      "sga": null,
      "fcf": -2422614,
      "ocf": -2303765,
      "capex": -118849,
      "gross_margin": -0.6115152514540722,
      "op_margin": -1.4056612717234611,
      "fcf_margin": -1.3919413119657653,
      "op_leverage_ratio": Infinity,
      "fcf_margin_change": 1.7780948236228564
    },
    {
      "date": "2021-12-31T00:00:00",
      "quarter_label": "2021-12 (Q4)",
      "revenue": 3716038,
      "gross_profit": 618106,
      "operating_income": -239690,
      "net_income": -199561,
      "opex": 857796,
      "cogs": 3097932,
      "rd": 54399,
      "sga": null,
      "fcf": -1298874,
      "ocf": -1056710,
      "capex": -242164,
      "gross_margin": 0.1663346822610533,
      "op_margin": -0.06450149325706572,
      "fcf_margin": -0.3495319477357336,
      "rev_growth_yoy": -0.01806727174525395,
      "op_leverage_ratio": Infinity,
      "fcf_margin_change": 1.0424093642300316
    },
    {
      "date": "2022-03-31T00:00:00",
      "quarter_label": "2022-03 (Q1)",
      "revenue": 1439316,
      "gross_profit": 222066,
      "operating_income": -2641618,
      "net_income": -2644616,
      "opex": 2863684,
      "cogs": 1217250,
      "rd": 436717,
      "sga": null,
      "fcf": -929211,
      "ocf": -827733,
      "capex": -101478,
      "gross_margin": 0.1542857857482304,
      "op_margin": -1.8353287255890993,
      "fcf_margin": -0.6455920729012948,
      "rev_growth_yoy": -0.3320276931844656,
      "rev_growth_yoy_accel": -0.31396042143921166,
      "fcf_margin_change": -0.29606012516556124
    },
    {
      "date": "2022-06-30T00:00:00",
      "quarter_label": "2022-06 (Q2)",
      "revenue": 3617142,
      "gross_profit": 1282614,
      "operating_income": -1394475,
      "net_income": -1342672,
      "opex": 2677089,
      "cogs": 2334528,
      "rd": 530339,
      "sga": null,
      "fcf": 1076446,
      "ocf": 1115517,
      "capex": -39071,
      "gross_margin": 0.3545932119889128,
      "op_margin": -0.3855184562839944,
      "fcf_margin": 0.2975957261285291,
      "incr_op_margin_yoy": 0.5234989425543225,
      "rev_growth_yoy": 4.576260891550069,
      "rev_growth_yoy_accel": 4.908288584734534,
      "op_leverage_ratio": Infinity,
      "fcf_margin_change": 0.9431877990298239
    },
    {
      "date": "2022-09-30T00:00:00",
      "quarter_label": "2022-09 (Q3)",
      "revenue": 4022238,
      "gross_profit": 1099552,
      "operating_income": -1869018,
      "net_income": -1925068,
      "opex": 2968570,
      "cogs": 2922686,
      "rd": 329424,
      "sga": null,
      "fcf": -4309017,
      "ocf": -4138239,
      "capex": -170778,
      "gross_margin": 0.2733682094396204,
      "op_margin": -0.4646711606821874,
      "fcf_margin": -1.0712983667301637,
      "incr_op_margin_yoy": 0.2530808171336338,
      "rev_growth_yoy": 1.3110240586236834,
      "rev_growth_yoy_accel": -3.2652368329263854,
      "op_leverage_ratio": 1.0285962939974873,
      "fcf_margin_change": -1.3688940928586928
    },
    {
      "date": "2022-12-31T00:00:00",
      "quarter_label": "2022-12 (Q4)",
      "revenue": 5933670,
      "gross_profit": 2143871,
      "operating_income": -960038,
      "net_income": -952427,
      "opex": 3103909,
      "cogs": 3789799,
      "rd": 354584,
      "sga": null,
      "fcf": -4056440,
      "ocf": -4022852,
      "capex": -33588,
      "gross_margin": 0.3613060719588383,
      "op_margin": -0.1617949768018781,
      "fcf_margin": -0.6836308726302609,
      "incr_op_margin_yoy": -0.32482756381581795,
      "rev_growth_yoy": 0.5967732299831164,
      "rev_growth_yoy_accel": -0.714250828640567,
      "op_leverage_ratio": 10.423544353886665,
      "fcf_margin_change": 0.38766749409990275
    },
    {
      "date": "2023-03-31T00:00:00",
      "quarter_label": "2023-03 (Q1)",
      "revenue": 2644288,
      "gross_profit": 537172,
      "operating_income": -2146798,
      "net_income": -2143683,
      "opex": 2683970,
      "cogs": 2107116,
      "rd": 404885,
      "sga": null,
      "fcf": -48824,
      "ocf": -7086,
      "capex": -41738,
      "gross_margin": 0.2031442868552896,
      "op_margin": -0.8118623992545442,
      "fcf_margin": -0.018463949463901057,
      "incr_op_margin_yoy": 0.4106485461902849,
      "rev_growth_yoy": 0.8371837734034777,
      "rev_growth_yoy_accel": 0.24041054342036128,
      "fcf_margin_change": 0.6651669231663598
    },
    {
      "date": "2023-06-30T00:00:00",
      "quarter_label": "2023-06 (Q2)",
      "revenue": 1770059,
      "gross_profit": 241337,
      "operating_income": -3148250,
      "net_income": -2989400,
      "opex": 3389587,
      "cogs": 1528722,
      "rd": 537801,
      "sga": null,
      "fcf": -2033450,
      "ocf": -1915985,
      "capex": -117465,
      "gross_margin": 0.13634404276919582,
      "op_margin": -1.7786130292832047,
      "fcf_margin": -1.1488035144591227,
      "incr_op_margin_yoy": 0.9494835911542686,
      "rev_growth_yoy": -0.5106470799321674,
      "rev_growth_yoy_accel": -1.3478308533356451,
      "fcf_margin_change": -1.1303395649952217
    },
    {
      "date": "2023-09-30T00:00:00",
      "quarter_label": "2023-09 (Q3)",
      "revenue": 1530923,
      "gross_profit": 226588,
      "operating_income": -2970977,
      "net_income": -2947736,
      "opex": 3197565,
      "cogs": 1304335,
      "rd": 450006,
      "sga": null,
      "fcf": -3754416,
      "ocf": -3714001,
      "capex": -40415,
      "gross_margin": 0.14800744387536147,
      "op_margin": -1.940644304122415,
      "fcf_margin": -2.452387219997348,
      "incr_op_margin_yoy": 0.4423202204458288,
      "rev_growth_yoy": -0.6193852775494637,
      "rev_growth_yoy_accel": -0.1087381976172963,
      "fcf_margin_change": -1.3035837055382256
    },
    {
      "date": "2023-12-31T00:00:00",
      "quarter_label": "2023-12 (Q4)",
      "revenue": 1525928,
      "gross_profit": 303784,
      "operating_income": -3180541,
      "net_income": -3160899,
      "opex": 3484325,
      "cogs": 1222144,
      "rd": 420259,
      "sga": null,
      "fcf": -3406560,
      "ocf": -3109492,
      "capex": -297068,
      "gross_margin": 0.19908147697663323,
      "op_margin": -2.0843322882862103,
      "fcf_margin": -2.2324513345321666,
      "incr_op_margin_yoy": 0.503773360600507,
      "rev_growth_yoy": -0.7428357155015362,
      "rev_growth_yoy_accel": -0.12345043795207244,
      "fcf_margin_change": 0.2199358854651816
    },
    {
      "date": "2024-03-31T00:00:00",
      "quarter_label": "2024-03 (Q1)",
      "revenue": 1070680,
      "gross_profit": 94632,
      "operating_income": -2761046,
      "net_income": -2752309,
      "opex": 2855678,
      "cogs": 976048,
      "rd": 382142,
      "sga": null,
      "fcf": -2041549,
      "ocf": -2032719,
      "capex": -8830,
      "gross_margin": 0.08838495161953151,
      "op_margin": -2.57877797287705,
      "fcf_margin": -1.9067779355176149,
      "incr_op_margin_yoy": 0.3903437196557211,
      "rev_growth_yoy": -0.5950970544812063,
      "rev_growth_yoy_accel": 0.14773866102032984,
      "fcf_margin_change": 0.3256733990145517
    },
    {
      "date": "2024-06-30T00:00:00",
      "quarter_label": "2024-06 (Q2)",
      "revenue": 1510496,
      "gross_profit": -214564,
      "operating_income": -3216416,
      "net_income": -3204171,
      "opex": 3001852,
      "cogs": 1725060,
      "rd": 390000,
      "sga": null,
      "fcf": -2783955,
      "ocf": -1908265,
      "capex": -875690,
      "gross_margin": -0.14204870453149165,
      "op_margin": -2.12937737008241,
      "fcf_margin": -1.8430734010550176,
      "rev_growth_yoy": -0.1466408746827083,
      "rev_growth_yoy_accel": 0.448456179798498,
      "op_leverage_ratio": 8.025099735933809,
      "fcf_margin_change": 0.06370453446259727
    },
    {
      "date": "2024-09-30T00:00:00",
      "quarter_label": "2024-09 (Q3)",
      "revenue": 3238910,
      "gross_profit": 919099,
      "operating_income": -1920280,
      "net_income": -1401663,
      "opex": 2839379,
      "cogs": 2319811,
      "rd": 396610,
      "sga": null,
      "fcf": -2922082,
      "ocf": -2259163,
      "capex": -662919,
      "gross_margin": 0.2837679960233535,
      "op_margin": -0.5928784683736196,
      "fcf_margin": -0.9021806718927047,
      "incr_op_margin_yoy": 0.6151668601693104,
      "rev_growth_yoy": 1.1156583316077948,
      "rev_growth_yoy_accel": 1.2622992062905032,
      "op_leverage_ratio": Infinity,
      "fcf_margin_change": 0.9408927291623129
    },
    {
      "date": "2024-12-31T00:00:00",
      "quarter_label": "2024-12 (Q4)",
      "revenue": 1460799,
      "gross_profit": -329952,
      "operating_income": -3085784,
      "net_income": -3406314,
      "opex": 2755832,
      "cogs": 1790751,
      "rd": 362638,
      "sga": null,
      "fcf": 2427136,
      "ocf": 2711460,
      "capex": -284324,
      "gross_margin": -0.22587091037165277,
      "op_margin": -2.1123946552537345,
      "fcf_margin": 1.6615126379467675,
      "rev_growth_yoy": -0.04268156819981021,
      "rev_growth_yoy_accel": -1.158339899807605,
      "fcf_margin_change": 2.563693309839472
    },
    {
      "date": "2025-03-31T00:00:00",
      "quarter_label": "2025-03 (Q1)",
      "revenue": 4952185,
      "gross_profit": 1313659,
      "operating_income": -1789628,
      "net_income": -2079663,
      "opex": 3103287,
      "cogs": 3638526,
      "rd": 424431,
      "sga": null,
      "fcf": -5245784,
      "ocf": -4673425,
      "capex": -572359,
      "gross_margin": 0.2652685632705563,
      "op_margin": -0.36138149120034896,
      "fcf_margin": -1.059286759278985,
      "incr_op_margin_yoy": 0.2502683881638694,
      "rev_growth_yoy": 3.6252708559046587,
      "rev_growth_yoy_accel": 3.667952424104469,
      "op_leverage_ratio": 18.956649325952633,
      "fcf_margin_change": -2.7207993972257523
    },
    {
      "date": "2025-06-30T00:00:00",
      "quarter_label": "2025-06 (Q2)",
      "revenue": 5736041,
      "gross_profit": 1518956,
      "operating_income": -3440683,
      "net_income": -3518031,
      "opex": 4959639,
      "cogs": 4217085,
      "rd": 307339,
      "sga": null,
      "fcf": -3993512,
      "ocf": -3202312,
      "capex": -791200,
      "gross_margin": 0.26480912531831624,
      "op_margin": -0.599835844966938,
      "fcf_margin": -0.6962139914969228,
      "incr_op_margin_yoy": -0.053074100500645476,
      "rev_growth_yoy": 2.7974552729699385,
      "rev_growth_yoy_accel": -0.8278155829347202,
      "op_leverage_ratio": 0.264606823004121,
      "fcf_margin_change": 0.3630727677820622
    },
    {
      "date": "2025-09-30T00:00:00",
      "quarter_label": "2025-09 (Q3)",
      "revenue": 6877283,
      "gross_profit": 2516402,
      "operating_income": -1115980,
      "net_income": -1040254,
      "opex": 3632382,
      "cogs": 4360881,
      "rd": 115080,
      "sga": null,
      "fcf": -9606204,
      "ocf": -3156206,
      "capex": -6449998,
      "gross_margin": 0.3659006034796009,
      "op_margin": -0.16227047803616632,
      "fcf_margin": -1.396802196448801,
      "incr_op_margin_yoy": 0.22106034757843684,
      "rev_growth_yoy": 1.1233325408856683,
      "rev_growth_yoy_accel": -1.6741227320842702,
      "op_leverage_ratio": Infinity,
      "fcf_margin_change": -0.7005882049518783
    }
  ],
  "signals": [
    {
      "quarter": "2025-09 (Q3)",
      "signal": "GROSS MARGIN INFLECTION",
      "detail": "GM: +26.5% -> +26.5% -> +36.6% (reversal +10.1%)",
      "severity": "HIGH"
    },
    {
      "quarter": "2025-09 (Q3)",
      "signal": "YoY REVENUE GROWTH DECELERATION",
      "detail": "YoY growth: +112.3% vs prior quarter YoY: +279.7% (decel: -167.4%)",
      "severity": "WARNING"
    },
    {
      "quarter": "2025-06 (Q2)",
      "signal": "FCF MARGIN EXPANSION",
      "detail": "FCF margin: -105.9% -> -69.6% (+36.3%)",
      "severity": "MEDIUM"
    },
    {
      "quarter": "2025-06 (Q2)",
      "signal": "YoY REVENUE GROWTH DECELERATION",
      "detail": "YoY growth: +279.7% vs prior quarter YoY: +362.5% (decel: -82.8%)",
      "severity": "WARNING"
    },
    {
      "quarter": "2025-03 (Q1)",
      "signal": "OPERATING LEVERAGE",
      "detail": "Rev growth +239.0% vs OpEx growth +12.6% (leverage: 19.0x)",
      "severity": "MEDIUM"
    },
    {
      "quarter": "2025-03 (Q1)",
      "signal": "GROSS MARGIN INFLECTION",
      "detail": "GM: +28.4% -> -22.6% -> +26.5% (reversal +49.1%)",
      "severity": "HIGH"
    },
    {
      "quarter": "2025-03 (Q1)",
      "signal": "YoY REVENUE GROWTH ACCELERATION",
      "detail": "YoY growth: +362.5% vs prior quarter YoY: -4.3% (accel: +366.8%)",
      "severity": "HIGH"
    },
    {
      "quarter": "2024-12 (Q4)",
      "signal": "FCF TURNED POSITIVE",
      "detail": "FCF margin: -90.2% -> +166.2%",
      "severity": "HIGH"
    },
    {
      "quarter": "2024-12 (Q4)",
      "signal": "YoY REVENUE GROWTH DECELERATION",
      "detail": "YoY growth: -4.3% vs prior quarter YoY: +111.6% (decel: -115.8%)",
      "severity": "WARNING"
    },
    {
      "quarter": "2024-09 (Q3)",
      "signal": "FCF MARGIN EXPANSION",
      "detail": "FCF margin: -184.3% -> -90.2% (+94.1%)",
      "severity": "MEDIUM"
    },
    {
      "quarter": "2024-09 (Q3)",
      "signal": "GROSS MARGIN INFLECTION",
      "detail": "GM: +8.8% -> -14.2% -> +28.4% (reversal +42.6%)",
      "severity": "HIGH"
    },
    {
      "quarter": "2024-09 (Q3)",
      "signal": "YoY REVENUE GROWTH ACCELERATION",
      "detail": "YoY growth: +111.6% vs prior quarter YoY: -14.7% (accel: +126.2%)",
      "severity": "HIGH"
    },
    {
      "quarter": "2024-06 (Q2)",
      "signal": "FCF MARGIN EXPANSION",
      "detail": "FCF margin: -190.7% -> -184.3% (+6.4%)",
      "severity": "MEDIUM"
    },
    {
      "quarter": "2024-06 (Q2)",
      "signal": "OPERATING LEVERAGE",
      "detail": "Rev growth +41.1% vs OpEx growth +5.1% (leverage: 8.0x)",
      "severity": "MEDIUM"
    },
    {
      "quarter": "2024-06 (Q2)",
      "signal": "YoY REVENUE GROWTH ACCELERATION",
      "detail": "YoY growth: -14.7% vs prior quarter YoY: -59.5% (accel: +44.8%)",
      "severity": "HIGH"
    },
    {
      "quarter": "2024-03 (Q1)",
      "signal": "FCF MARGIN EXPANSION",
      "detail": "FCF margin: -223.2% -> -190.7% (+32.6%)",
      "severity": "MEDIUM"
    },
    {
      "quarter": "2024-03 (Q1)",
      "signal": "YoY REVENUE GROWTH ACCELERATION",
      "detail": "YoY growth: -59.5% vs prior quarter YoY: -74.3% (accel: +14.8%)",
      "severity": "MEDIUM"
    },
    {
      "quarter": "2023-12 (Q4)",
      "signal": "FCF MARGIN EXPANSION",
      "detail": "FCF margin: -245.2% -> -223.2% (+22.0%)",
      "severity": "MEDIUM"
    },
    {
      "quarter": "2023-12 (Q4)",
      "signal": "YoY REVENUE GROWTH DECELERATION",
      "detail": "YoY growth: -74.3% vs prior quarter YoY: -61.9% (decel: -12.3%)",
      "severity": "WARNING"
    },
    {
      "quarter": "2023-09 (Q3)",
      "signal": "YoY REVENUE GROWTH DECELERATION",
      "detail": "YoY growth: -61.9% vs prior quarter YoY: -51.1% (decel: -10.9%)",
      "severity": "WARNING"
    },
    {
      "quarter": "2023-06 (Q2)",
      "signal": "YoY REVENUE GROWTH DECELERATION",
      "detail": "YoY growth: -51.1% vs prior quarter YoY: +83.7% (decel: -134.8%)",
      "severity": "WARNING"
    },
    {
      "quarter": "2023-03 (Q1)",
      "signal": "FCF MARGIN EXPANSION",
      "detail": "FCF margin: -68.4% -> -1.8% (+66.5%)",
      "severity": "MEDIUM"
    },
    {
      "quarter": "2023-03 (Q1)",
      "signal": "YoY REVENUE GROWTH ACCELERATION",
      "detail": "YoY growth: +83.7% vs prior quarter YoY: +59.7% (accel: +24.0%)",
      "severity": "HIGH"
    },
    {
      "quarter": "2022-12 (Q4)",
      "signal": "FCF MARGIN EXPANSION",
      "detail": "FCF margin: -107.1% -> -68.4% (+38.8%)",
      "severity": "MEDIUM"
    },
    {
      "quarter": "2022-12 (Q4)",
      "signal": "OPERATING LEVERAGE",
      "detail": "Rev growth +47.5% vs OpEx growth +4.6% (leverage: 10.4x)",
      "severity": "MEDIUM"
    },
    {
      "quarter": "2022-12 (Q4)",
      "signal": "GROSS MARGIN INFLECTION",
      "detail": "GM: +35.5% -> +27.3% -> +36.1% (reversal +8.8%)",
      "severity": "HIGH"
    },
    {
      "quarter": "2022-12 (Q4)",
      "signal": "YoY REVENUE GROWTH DECELERATION",
      "detail": "YoY growth: +59.7% vs prior quarter YoY: +131.1% (decel: -71.4%)",
      "severity": "WARNING"
    },
    {
      "quarter": "2022-09 (Q3)",
      "signal": "YoY REVENUE GROWTH DECELERATION",
      "detail": "YoY growth: +131.1% vs prior quarter YoY: +457.6% (decel: -326.5%)",
      "severity": "WARNING"
    },
    {
      "quarter": "2022-06 (Q2)",
      "signal": "FCF TURNED POSITIVE",
      "detail": "FCF margin: -64.6% -> +29.8%",
      "severity": "HIGH"
    },
    {
      "quarter": "2022-06 (Q2)",
      "signal": "GROSS MARGIN INFLECTION",
      "detail": "GM: +16.6% -> +15.4% -> +35.5% (reversal +20.0%)",
      "severity": "HIGH"
    },
    {
      "quarter": "2022-06 (Q2)",
      "signal": "YoY REVENUE GROWTH ACCELERATION",
      "detail": "YoY growth: +457.6% vs prior quarter YoY: -33.2% (accel: +490.8%)",
      "severity": "HIGH"
    },
    {
      "quarter": "2022-03 (Q1)",
      "signal": "YoY REVENUE GROWTH DECELERATION",
      "detail": "YoY growth: -33.2% vs prior quarter YoY: -1.8% (decel: -31.4%)",
      "severity": "WARNING"
    },
    {
      "quarter": "2021-12 (Q4)",
      "signal": "FCF MARGIN EXPANSION",
      "detail": "FCF margin: -139.2% -> -35.0% (+104.2%)",
      "severity": "MEDIUM"
    },
    {
      "quarter": "2021-09 (Q3)",
      "signal": "FCF MARGIN EXPANSION",
      "detail": "FCF margin: -317.0% -> -139.2% (+177.8%)",
      "severity": "MEDIUM"
    },
    {
      "quarter": "2021-09 (Q3)",
      "signal": "GROSS MARGIN INFLECTION",
      "detail": "GM: -26.7% -> -237.0% -> -61.2% (reversal +175.8%)",
      "severity": "HIGH"
    }
  ],
  "data_quality": {
    "n_quarters": 20,
    "coverage": {
      "revenue": [
        20,
        20
      ],
      "gross_profit": [
        20,
        20
      ],
      "op_income": [
        20,
        20
      ],
      "fcf": [
        20,
        20
      ]
    },
    "gaps": [],
    "warnings": []
  },
  "market_cap": null,
  "source": "SEC EDGAR",
  "last_updated": "2026-02-02T22:56:54.325223",
  "sector": "Technology",
  "industry": "Software - Application"
}