{
  "ticker": "DV",
  "name": "DoubleVerify Holdings, Inc.",
  "quarters": [
    {
      "date": "2020-12-31T00:00:00",
      "quarter_label": "2020-12 (Q4)",
      "revenue": 78641000,
      "gross_profit": 66854000,
      "operating_income": 3740000,
      "net_income": 8130000,
      "opex": 63114000,
      "cogs": 11787000,
      "rd": 12680000,
      "sga": null,
      "fcf": 172000,
      "ocf": 3378000,
      "capex": -3206000,
      "gross_margin": 0.850116351521471,
      "op_margin": 0.047557889650436794,
      "fcf_margin": 0.002187154283389072
    },
    {
      "date": "2021-03-31T00:00:00",
      "quarter_label": "2021-03 (Q1)",
      "revenue": 67586000,
      "gross_profit": 57383000,
      "operating_income": 8778000,
      "net_income": 5644000,
      "opex": 48605000,
      "cogs": 10203000,
      "rd": 14179000,
      "sga": null,
      "fcf": 17549000,
      "ocf": 19464000,
      "capex": -1915000,
      "gross_margin": 0.8490367827656615,
      "op_margin": 0.1298789690172521,
      "fcf_margin": 0.2596543662888764,
      "fcf_margin_change": 0.25746721200548733
    },
    {
      "date": "2021-06-30T00:00:00",
      "quarter_label": "2021-06 (Q2)",
      "revenue": 76524000,
      "gross_profit": 64233000,
      "operating_income": -9924000,
      "net_income": -12568000,
      "opex": 74157000,
      "cogs": 12291000,
      "rd": 15120000,
      "sga": null,
      "fcf": 21166000,
      "ocf": 22764000,
      "capex": -1598000,
      "gross_margin": 0.8393837227536459,
      "op_margin": -0.12968480476713187,
      "fcf_margin": 0.2765929642987821,
      "op_leverage_ratio": 0.2515588814685067,
      "fcf_margin_change": 0.016938598009905714
    },
    {
      "date": "2021-09-30T00:00:00",
      "quarter_label": "2021-09 (Q3)",
      "revenue": 83098000,
      "gross_profit": 69663000,
      "operating_income": 11808000,
      "net_income": 7924000,
      "opex": 57855000,
      "cogs": 13435000,
      "rd": 16359000,
      "sga": null,
      "fcf": 14220000,
      "ocf": 16206000,
      "capex": -1986000,
      "gross_margin": 0.8383234253531975,
      "op_margin": 0.14209728272641942,
      "fcf_margin": 0.17112325206382825,
      "op_leverage_ratio": Infinity,
      "fcf_margin_change": -0.10546971223495386
    },
    {
      "date": "2021-12-31T00:00:00",
      "quarter_label": "2021-12 (Q4)",
      "revenue": 105533000,
      "gross_profit": 87080000,
      "operating_income": 16022000,
      "net_income": 28308000,
      "opex": 71058000,
      "cogs": 18453000,
      "rd": 17040000,
      "sga": null,
      "fcf": 20417000,
      "ocf": 24315000,
      "capex": -3898000,
      "gross_margin": 0.8251447414552794,
      "op_margin": 0.15181980991727706,
      "fcf_margin": 0.19346555105985805,
      "incr_op_margin_yoy": 0.4567157518964748,
      "rev_growth_yoy": 0.3419590290052263,
      "op_leverage_ratio": 1.1830518450224772,
      "fcf_margin_change": 0.022342298996029797
    },
    {
      "date": "2022-03-31T00:00:00",
      "quarter_label": "2022-03 (Q1)",
      "revenue": 96723000,
      "gross_profit": 79846000,
      "operating_income": 2859000,
      "net_income": 4579000,
      "opex": 76987000,
      "cogs": 16877000,
      "rd": 21588000,
      "sga": null,
      "fcf": -7008000,
      "ocf": -2249000,
      "capex": -4759000,
      "gross_margin": 0.8255120291967785,
      "op_margin": 0.0295586365187184,
      "fcf_margin": -0.0724543283396917,
      "incr_op_margin_yoy": -0.2031437690908467,
      "rev_growth_yoy": 0.43110999319385673,
      "rev_growth_yoy_accel": 0.08915096418863044,
      "fcf_margin_change": -0.26591987939954975
    },
    {
      "date": "2022-06-30T00:00:00",
      "quarter_label": "2022-06 (Q2)",
      "revenue": 109805000,
      "gross_profit": 90969000,
      "operating_income": 13168000,
      "net_income": 10290000,
      "opex": 77801000,
      "cogs": 18836000,
      "rd": 23222000,
      "sga": null,
      "fcf": 19951000,
      "ocf": 28798000,
      "capex": -8847000,
      "gross_margin": 0.8284595419152133,
      "op_margin": 0.11992167934064933,
      "fcf_margin": 0.18169482264013478,
      "incr_op_margin_yoy": 0.6938493434692468,
      "rev_growth_yoy": 0.4349093094976739,
      "rev_growth_yoy_accel": 0.0037993163038171907,
      "op_leverage_ratio": 12.791968406651574,
      "fcf_margin_change": 0.2541491509798265
    },
    {
      "date": "2022-09-30T00:00:00",
      "quarter_label": "2022-09 (Q3)",
      "revenue": 112254000,
      "gross_profit": 92931000,
      "operating_income": 14397000,
      "net_income": 10331000,
      "opex": 78534000,
      "cogs": 19323000,
      "rd": 23932000,
      "sga": null,
      "fcf": 17699000,
      "ocf": 31812000,
      "capex": -14113000,
      "gross_margin": 0.8278635950612004,
      "op_margin": 0.12825378160243733,
      "fcf_margin": 0.1576692144600638,
      "incr_op_margin_yoy": 0.08879818905199616,
      "rev_growth_yoy": 0.35086283665070156,
      "rev_growth_yoy_accel": -0.08404647284697236,
      "op_leverage_ratio": 2.367270430348032,
      "fcf_margin_change": -0.02402560818007099
    },
    {
      "date": "2022-12-31T00:00:00",
      "quarter_label": "2022-12 (Q4)",
      "revenue": 133636000,
      "gross_profit": 110806000,
      "operating_income": 28600000,
      "net_income": 18068000,
      "opex": 82206000,
      "cogs": 22830000,
      "rd": 26376000,
      "sga": null,
      "fcf": 24239000,
      "ocf": 36501000,
      "capex": -12262000,
      "gross_margin": 0.8291628004429944,
      "op_margin": 0.2140141877937083,
      "fcf_margin": 0.18138076566194739,
      "incr_op_margin_yoy": 0.4475678753158026,
      "rev_growth_yoy": 0.26629585058702016,
      "rev_growth_yoy_accel": -0.0845669860636814,
      "op_leverage_ratio": 4.073817274339672,
      "fcf_margin_change": 0.02371155120188359
    },
    {
      "date": "2023-03-31T00:00:00",
      "quarter_label": "2023-03 (Q1)",
      "revenue": 122594000,
      "gross_profit": 98642000,
      "operating_income": 15204000,
      "net_income": 12175000,
      "opex": 83438000,
      "cogs": 23952000,
      "rd": 28555000,
      "sga": null,
      "fcf": 17327000,
      "ocf": 21426000,
      "capex": -4099000,
      "gross_margin": 0.8046233910305561,
      "op_margin": 0.12401912002218705,
      "fcf_margin": 0.14133644387164135,
      "incr_op_margin_yoy": 0.47717521549225,
      "rev_growth_yoy": 0.2674751610268499,
      "rev_growth_yoy_accel": 0.0011793104398297172,
      "fcf_margin_change": -0.04004432179030604
    },
    {
      "date": "2023-06-30T00:00:00",
      "quarter_label": "2023-06 (Q2)",
      "revenue": 133744000,
      "gross_profit": 107553000,
      "operating_income": 14644000,
      "net_income": 12839000,
      "opex": 92909000,
      "cogs": 26191000,
      "rd": 31941000,
      "sga": null,
      "fcf": 7166000,
      "ocf": 10738000,
      "capex": -3572000,
      "gross_margin": 0.8041706543844958,
      "op_margin": 0.10949276229214021,
      "fcf_margin": 0.05357997368106233,
      "incr_op_margin_yoy": 0.06165671080663353,
      "rev_growth_yoy": 0.21801375165065343,
      "rev_growth_yoy_accel": -0.04946140937619645,
      "op_leverage_ratio": 0.8012604394196299,
      "fcf_margin_change": -0.08775647019057903
    },
    {
      "date": "2023-09-30T00:00:00",
      "quarter_label": "2023-09 (Q3)",
      "revenue": 143974000,
      "gross_profit": 117508000,
      "operating_income": 18236000,
      "net_income": 13347000,
      "opex": 99272000,
      "cogs": 26466000,
      "rd": 32315000,
      "sga": null,
      "fcf": 30884000,
      "ocf": 35522000,
      "capex": -4638000,
      "gross_margin": 0.8161751427341047,
      "op_margin": 0.12666175837303958,
      "fcf_margin": 0.21451095336658008,
      "incr_op_margin_yoy": 0.12102774274905423,
      "rev_growth_yoy": 0.28257344949845886,
      "rev_growth_yoy_accel": 0.06455969784780544,
      "op_leverage_ratio": 1.1168560169895958,
      "fcf_margin_change": 0.16093097968551776
    },
    {
      "date": "2023-12-31T00:00:00",
      "quarter_label": "2023-12 (Q4)",
      "revenue": 172231000,
      "gross_profit": 142209000,
      "operating_income": 37643000,
      "net_income": 33105000,
      "opex": 104566000,
      "cogs": 30022000,
      "rd": 32565000,
      "sga": null,
      "fcf": 47355000,
      "ocf": 52055000,
      "capex": -4700000,
      "gross_margin": 0.8256875939871452,
      "op_margin": 0.2185611184978314,
      "fcf_margin": 0.27495050252277464,
      "incr_op_margin_yoy": 0.23430496178261434,
      "rev_growth_yoy": 0.2888069083181179,
      "rev_growth_yoy_accel": 0.006233458819659032,
      "op_leverage_ratio": 3.6803135062128107,
      "fcf_margin_change": 0.060439549156194566
    },
    {
      "date": "2024-03-31T00:00:00",
      "quarter_label": "2024-03 (Q1)",
      "revenue": 140782000,
      "gross_profit": 114164000,
      "operating_income": 6895000,
      "net_income": 7156000,
      "opex": 107269000,
      "cogs": 26618000,
      "rd": 36394000,
      "sga": null,
      "fcf": 25381000,
      "ocf": 31774000,
      "capex": -6393000,
      "gross_margin": 0.8109275333494339,
      "op_margin": 0.04897643164609112,
      "fcf_margin": 0.1802858319955676,
      "incr_op_margin_yoy": -0.45683967451066637,
      "rev_growth_yoy": 0.14835962608284256,
      "rev_growth_yoy_accel": -0.14044728223527533,
      "fcf_margin_change": -0.09466467052720703
    },
    {
      "date": "2024-06-30T00:00:00",
      "quarter_label": "2024-06 (Q2)",
      "revenue": 155890000,
      "gross_profit": 129788000,
      "operating_income": 11049000,
      "net_income": 7474000,
      "opex": 118739000,
      "cogs": 26102000,
      "rd": 39806000,
      "sga": null,
      "fcf": 28716000,
      "ocf": 35881000,
      "capex": -7165000,
      "gross_margin": 0.832561421515171,
      "op_margin": 0.070876900378472,
      "fcf_margin": 0.18420681249599077,
      "incr_op_margin_yoy": -0.16233179806737108,
      "rev_growth_yoy": 0.16558499820552697,
      "rev_growth_yoy_accel": 0.017225372122684407,
      "op_leverage_ratio": 1.0036231250683612,
      "fcf_margin_change": 0.003920980500423166
    },
    {
      "date": "2024-09-30T00:00:00",
      "quarter_label": "2024-09 (Q3)",
      "revenue": 169556000,
      "gross_profit": 140077000,
      "operating_income": 25724000,
      "net_income": 18201000,
      "opex": 114353000,
      "cogs": 29479000,
      "rd": 39306000,
      "sga": null,
      "fcf": 48391000,
      "ocf": 54625000,
      "capex": -6234000,
      "gross_margin": 0.82614003633018,
      "op_margin": 0.15171388803699073,
      "fcf_margin": 0.2853983344735663,
      "incr_op_margin_yoy": 0.29270580877179264,
      "rev_growth_yoy": 0.1776848597663467,
      "rev_growth_yoy_accel": 0.012099861560819741,
      "op_leverage_ratio": Infinity,
      "fcf_margin_change": 0.1011915219775755
    },
    {
      "date": "2024-12-31T00:00:00",
      "quarter_label": "2024-12 (Q4)",
      "revenue": 190621000,
      "gross_profit": 156305000,
      "operating_income": 38752000,
      "net_income": 23400000,
      "opex": 117553000,
      "cogs": 34316000,
      "rd": 37540000,
      "sga": null,
      "fcf": 30027000,
      "ocf": 37384000,
      "capex": -7357000,
      "gross_margin": 0.8199778618305433,
      "op_margin": 0.2032934461575587,
      "fcf_margin": 0.15752199390413438,
      "incr_op_margin_yoy": 0.060304513322457856,
      "rev_growth_yoy": 0.10677520307029513,
      "rev_growth_yoy_accel": -0.07090965669605158,
      "op_leverage_ratio": 4.43962087931126,
      "fcf_margin_change": -0.1278763405694319
    },
    {
      "date": "2025-03-31T00:00:00",
      "quarter_label": "2025-03 (Q1)",
      "revenue": 165061000,
      "gross_profit": 134095000,
      "operating_income": 6763000,
      "net_income": 2361000,
      "opex": 127332000,
      "cogs": 30966000,
      "rd": 44717000,
      "sga": null,
      "fcf": 31377000,
      "ocf": 37663000,
      "capex": -6286000,
      "gross_margin": 0.8123966291249901,
      "op_margin": 0.040972731293279455,
      "fcf_margin": 0.19009335942469754,
      "incr_op_margin_yoy": -0.005436797232175955,
      "rev_growth_yoy": 0.17245812674915828,
      "rev_growth_yoy_accel": 0.06568292367886315,
      "fcf_margin_change": 0.03257136552056317
    },
    {
      "date": "2025-06-30T00:00:00",
      "quarter_label": "2025-06 (Q2)",
      "revenue": 189021000,
      "gross_profit": 155895000,
      "operating_income": 13548000,
      "net_income": 8758000,
      "opex": 142347000,
      "cogs": 33126000,
      "rd": 47203000,
      "sga": null,
      "fcf": 40086000,
      "ocf": 49613000,
      "capex": -9527000,
      "gross_margin": 0.8247496309933817,
      "op_margin": 0.07167457584077959,
      "fcf_margin": 0.21207167457584078,
      "incr_op_margin_yoy": 0.07542784703148109,
      "rev_growth_yoy": 0.2125280646609789,
      "rev_growth_yoy_accel": 0.04006993791182062,
      "op_leverage_ratio": 1.2309901160204988,
      "fcf_margin_change": 0.021978315151143235
    },
    {
      "date": "2025-09-30T00:00:00",
      "quarter_label": "2025-09 (Q3)",
      "revenue": 188621000,
      "gross_profit": 155156000,
      "operating_income": 21104000,
      "net_income": 10202000,
      "opex": 134052000,
      "cogs": 33465000,
      "rd": 44842000,
      "sga": null,
      "fcf": 39042000,
      "ocf": 51181000,
      "capex": -12139000,
      "gross_margin": 0.8225807306715583,
      "op_margin": 0.1118857391276687,
      "fcf_margin": 0.20698649673154101,
      "incr_op_margin_yoy": -0.24232887490165225,
      "rev_growth_yoy": 0.11244072754724103,
      "rev_growth_yoy_accel": -0.10008733711373786,
      "fcf_margin_change": -0.005085177844299765
    }
  ],
  "signals": [
    {
      "quarter": "2025-09 (Q3)",
      "signal": "YoY REVENUE GROWTH DECELERATION",
      "detail": "YoY growth: +11.2% vs prior quarter YoY: +21.3% (decel: -10.0%)",
      "severity": "WARNING"
    },
    {
      "quarter": "2025-03 (Q1)",
      "signal": "YoY REVENUE GROWTH ACCELERATION",
      "detail": "YoY growth: +17.2% vs prior quarter YoY: +10.7% (accel: +6.6%)",
      "severity": "MEDIUM"
    },
    {
      "quarter": "2024-12 (Q4)",
      "signal": "OPERATING LEVERAGE",
      "detail": "Rev growth +12.4% vs OpEx growth +2.8% (leverage: 4.4x)",
      "severity": "MEDIUM"
    },
    {
      "quarter": "2024-12 (Q4)",
      "signal": "YoY REVENUE GROWTH DECELERATION",
      "detail": "YoY growth: +10.7% vs prior quarter YoY: +17.8% (decel: -7.1%)",
      "severity": "WARNING"
    },
    {
      "quarter": "2024-09 (Q3)",
      "signal": "FCF MARGIN EXPANSION",
      "detail": "FCF margin: +18.4% -> +28.5% (+10.1%)",
      "severity": "MEDIUM"
    },
    {
      "quarter": "2024-09 (Q3)",
      "signal": "INCREMENTAL MARGIN (YoY)",
      "detail": "YoY Incr OPM: +29.3% vs year-ago OPM: +12.7%",
      "severity": "MEDIUM"
    },
    {
      "quarter": "2024-06 (Q2)",
      "signal": "GROSS MARGIN INFLECTION",
      "detail": "GM: +82.6% -> +81.1% -> +83.3% (reversal +2.2%)",
      "severity": "MEDIUM"
    },
    {
      "quarter": "2024-03 (Q1)",
      "signal": "YoY REVENUE GROWTH DECELERATION",
      "detail": "YoY growth: +14.8% vs prior quarter YoY: +28.9% (decel: -14.0%)",
      "severity": "WARNING"
    },
    {
      "quarter": "2023-12 (Q4)",
      "signal": "FCF MARGIN EXPANSION",
      "detail": "FCF margin: +21.5% -> +27.5% (+6.0%)",
      "severity": "MEDIUM"
    },
    {
      "quarter": "2023-12 (Q4)",
      "signal": "OPERATING LEVERAGE",
      "detail": "Rev growth +19.6% vs OpEx growth +5.3% (leverage: 3.7x)",
      "severity": "MEDIUM"
    },
    {
      "quarter": "2023-09 (Q3)",
      "signal": "FCF MARGIN EXPANSION",
      "detail": "FCF margin: +5.4% -> +21.5% (+16.1%)",
      "severity": "MEDIUM"
    },
    {
      "quarter": "2023-09 (Q3)",
      "signal": "YoY REVENUE GROWTH ACCELERATION",
      "detail": "YoY growth: +28.3% vs prior quarter YoY: +21.8% (accel: +6.5%)",
      "severity": "MEDIUM"
    },
    {
      "quarter": "2023-03 (Q1)",
      "signal": "INCREMENTAL MARGIN (YoY)",
      "detail": "YoY Incr OPM: +47.7% vs year-ago OPM: +3.0%",
      "severity": "HIGH"
    },
    {
      "quarter": "2022-12 (Q4)",
      "signal": "OPERATING LEVERAGE",
      "detail": "Rev growth +19.0% vs OpEx growth +4.7% (leverage: 4.1x)",
      "severity": "MEDIUM"
    },
    {
      "quarter": "2022-12 (Q4)",
      "signal": "YoY REVENUE GROWTH DECELERATION",
      "detail": "YoY growth: +26.6% vs prior quarter YoY: +35.1% (decel: -8.5%)",
      "severity": "WARNING"
    },
    {
      "quarter": "2022-12 (Q4)",
      "signal": "INCREMENTAL MARGIN (YoY)",
      "detail": "YoY Incr OPM: +44.8% vs year-ago OPM: +15.2%",
      "severity": "HIGH"
    },
    {
      "quarter": "2022-09 (Q3)",
      "signal": "OPERATING LEVERAGE",
      "detail": "Rev growth +2.2% vs OpEx growth +0.9% (leverage: 2.4x)",
      "severity": "MEDIUM"
    },
    {
      "quarter": "2022-09 (Q3)",
      "signal": "YoY REVENUE GROWTH DECELERATION",
      "detail": "YoY growth: +35.1% vs prior quarter YoY: +43.5% (decel: -8.4%)",
      "severity": "WARNING"
    },
    {
      "quarter": "2022-06 (Q2)",
      "signal": "FCF TURNED POSITIVE",
      "detail": "FCF margin: -7.2% -> +18.2%",
      "severity": "HIGH"
    },
    {
      "quarter": "2022-06 (Q2)",
      "signal": "OPERATING LEVERAGE",
      "detail": "Rev growth +13.5% vs OpEx growth +1.1% (leverage: 12.8x)",
      "severity": "MEDIUM"
    },
    {
      "quarter": "2022-06 (Q2)",
      "signal": "OP MARGIN TURNED POSITIVE (YoY)",
      "detail": "Op margin: -13.0% (year-ago) -> +12.0%",
      "severity": "HIGH"
    },
    {
      "quarter": "2022-03 (Q1)",
      "signal": "YoY REVENUE GROWTH ACCELERATION",
      "detail": "YoY growth: +43.1% vs prior quarter YoY: +34.2% (accel: +8.9%)",
      "severity": "MEDIUM"
    },
    {
      "quarter": "2021-12 (Q4)",
      "signal": "INCREMENTAL MARGIN (YoY)",
      "detail": "YoY Incr OPM: +45.7% vs year-ago OPM: +4.8%",
      "severity": "HIGH"
    },
    {
      "quarter": "2021-09 (Q3)",
      "signal": "OP MARGIN TURNED POSITIVE (QoQ)",
      "detail": "Op margin: -13.0% -> +14.2%",
      "severity": "HIGH"
    },
    {
      "quarter": "2021-03 (Q1)",
      "signal": "FCF MARGIN EXPANSION",
      "detail": "FCF margin: +0.2% -> +26.0% (+25.7%)",
      "severity": "MEDIUM"
    }
  ],
  "data_quality": {
    "n_quarters": 20,
    "coverage": {
      "revenue": [
        20,
        20
      ],
      "gross_profit": [
        20,
        20
      ],
      "op_income": [
        20,
        20
      ],
      "fcf": [
        20,
        20
      ]
    },
    "gaps": [],
    "warnings": []
  },
  "market_cap": null,
  "source": "SEC EDGAR",
  "last_updated": "2026-02-02T21:41:07.762892",
  "sector": "Communication Services",
  "industry": "Advertising Agencies"
}