{
  "ticker": "DWSN",
  "name": "DAWSON GEOPHYSICAL COMPANY",
  "quarters": [
    {
      "date": "2020-12-31T00:00:00",
      "quarter_label": "2020-12 (Q4)",
      "revenue": 8884000,
      "gross_profit": -1925000,
      "operating_income": -8402000,
      "net_income": -7849000,
      "opex": 17286000,
      "cogs": 10809000,
      "rd": null,
      "sga": null,
      "fcf": -4832000,
      "ocf": -4807000,
      "capex": -25000,
      "gross_margin": -0.21668167492120666,
      "op_margin": -0.9457451598379109,
      "fcf_margin": -0.5438991445294912
    },
    {
      "date": "2021-03-31T00:00:00",
      "quarter_label": "2021-03 (Q1)",
      "revenue": 11748000,
      "gross_profit": 806000,
      "operating_income": -5435000,
      "net_income": -5228000,
      "opex": 17183000,
      "cogs": 10942000,
      "rd": null,
      "sga": null,
      "fcf": -172000,
      "ocf": -172000,
      "capex": null,
      "gross_margin": 0.0686074225400068,
      "op_margin": -0.46263193735103847,
      "fcf_margin": -0.014640789921688798,
      "op_leverage_ratio": Infinity,
      "fcf_margin_change": 0.5292583546078024
    },
    {
      "date": "2021-06-30T00:00:00",
      "quarter_label": "2021-06 (Q2)",
      "revenue": 193000,
      "gross_profit": -3137000,
      "operating_income": -9283000,
      "net_income": -9017000,
      "opex": 9476000,
      "cogs": 3330000,
      "rd": null,
      "sga": null,
      "fcf": -1126000,
      "ocf": -1126000,
      "capex": null,
      "gross_margin": -16.253886010362695,
      "op_margin": -48.09844559585492,
      "fcf_margin": -5.83419689119171,
      "fcf_margin_change": -5.819556101270021
    },
    {
      "date": "2021-09-30T00:00:00",
      "quarter_label": "2021-09 (Q3)",
      "revenue": 1914000,
      "gross_profit": -2061000,
      "operating_income": -7753000,
      "net_income": -7865000,
      "opex": 9667000,
      "cogs": 3975000,
      "rd": null,
      "sga": null,
      "fcf": -4075000,
      "ocf": -4075000,
      "capex": null,
      "gross_margin": -1.0768025078369905,
      "op_margin": -4.05067920585162,
      "fcf_margin": -2.1290491118077326,
      "op_leverage_ratio": 442.40013021186553,
      "fcf_margin_change": 3.7051477793839775
    },
    {
      "date": "2021-12-31T00:00:00",
      "quarter_label": "2021-12 (Q4)",
      "revenue": 10840000,
      "gross_profit": 71000,
      "operating_income": -6759000,
      "net_income": -6981000,
      "opex": 17599000,
      "cogs": 10769000,
      "rd": null,
      "sga": null,
      "fcf": -11171000,
      "ocf": -10677000,
      "capex": -494000,
      "gross_margin": 0.006549815498154981,
      "op_margin": -0.6235239852398524,
      "fcf_margin": -1.0305350553505535,
      "incr_op_margin_yoy": 0.8399795501022495,
      "rev_growth_yoy": 0.22017109410175598,
      "op_leverage_ratio": 5.6836059747140135,
      "fcf_margin_change": 1.0985140564571791
    },
    {
      "date": "2022-03-31T00:00:00",
      "quarter_label": "2022-03 (Q1)",
      "revenue": 18359000,
      "gross_profit": 5721000,
      "operating_income": -2444000,
      "net_income": -2391000,
      "opex": 20803000,
      "cogs": 12638000,
      "rd": null,
      "sga": null,
      "fcf": -9177000,
      "ocf": -9149000,
      "capex": -28000,
      "gross_margin": 0.3116182798627376,
      "op_margin": -0.13312271910234763,
      "fcf_margin": -0.4998638270058282,
      "incr_op_margin_yoy": 0.45242777189532596,
      "rev_growth_yoy": 0.5627340823970037,
      "rev_growth_yoy_accel": 0.3425629882952478,
      "op_leverage_ratio": 3.810011499693648,
      "fcf_margin_change": 0.5306712283447252
    },
    {
      "date": "2022-06-30T00:00:00",
      "quarter_label": "2022-06 (Q2)",
      "revenue": 921000,
      "gross_profit": -3092000,
      "operating_income": -7958000,
      "net_income": -7678000,
      "opex": 8879000,
      "cogs": 4013000,
      "rd": null,
      "sga": null,
      "fcf": 10769000,
      "ocf": 10883000,
      "capex": -114000,
      "gross_margin": -3.3572204125950056,
      "op_margin": -8.640608034744842,
      "fcf_margin": 11.69272529858849,
      "rev_growth_yoy": 3.772020725388601,
      "rev_growth_yoy_accel": 3.2092866429915974,
      "fcf_margin_change": 12.192589125594319
    },
    {
      "date": "2022-09-30T00:00:00",
      "quarter_label": "2022-09 (Q3)",
      "revenue": 3538000,
      "gross_profit": -2819000,
      "operating_income": -7748000,
      "net_income": -7603000,
      "opex": 11286000,
      "cogs": 6357000,
      "rd": null,
      "sga": null,
      "fcf": -3827000,
      "ocf": -3332000,
      "capex": -495000,
      "gross_margin": -0.7967778405879028,
      "op_margin": -2.189937817976258,
      "fcf_margin": -1.0816845675522895,
      "incr_op_margin_yoy": 0.003078817733990148,
      "rev_growth_yoy": 0.8484848484848485,
      "rev_growth_yoy_accel": -2.9235358769037525,
      "op_leverage_ratio": 10.481708029467077,
      "fcf_margin_change": -12.774409866140779
    },
    {
      "date": "2022-12-31T00:00:00",
      "quarter_label": "2022-12 (Q4)",
      "revenue": 14662000,
      "gross_profit": -240000,
      "operating_income": -5860000,
      "net_income": -2779000,
      "opex": 20522000,
      "cogs": 14902000,
      "rd": null,
      "sga": null,
      "fcf": -2463000,
      "ocf": -1671000,
      "capex": -792000,
      "gross_margin": -0.016368844632383032,
      "op_margin": -0.39967262310735235,
      "fcf_margin": -0.16798526803983085,
      "incr_op_margin_yoy": 0.23521716378859236,
      "rev_growth_yoy": 0.3525830258302583,
      "rev_growth_yoy_accel": -0.4959018226545902,
      "op_leverage_ratio": 3.8420169215209925,
      "fcf_margin_change": 0.9136992995124587
    },
    {
      "date": "2023-03-31T00:00:00",
      "quarter_label": "2023-03 (Q1)",
      "revenue": 29408000,
      "gross_profit": 5626000,
      "operating_income": -573000,
      "net_income": -413000,
      "opex": 29981000,
      "cogs": 23782000,
      "rd": null,
      "sga": null,
      "fcf": -3426000,
      "ocf": -1820000,
      "capex": -1606000,
      "gross_margin": 0.19130848748639825,
      "op_margin": -0.01948449401523395,
      "fcf_margin": -0.11649891186071817,
      "incr_op_margin_yoy": 0.16933659154674632,
      "rev_growth_yoy": 0.601830165041669,
      "rev_growth_yoy_accel": 0.24924713921141067,
      "op_leverage_ratio": 2.182003647356065,
      "fcf_margin_change": 0.05148635617911268
    },
    {
      "date": "2023-06-30T00:00:00",
      "quarter_label": "2023-06 (Q2)",
      "revenue": 20219000,
      "gross_profit": 313000,
      "operating_income": -4777000,
      "net_income": -4430000,
      "opex": 24996000,
      "cogs": 19906000,
      "rd": null,
      "sga": null,
      "fcf": 7156000,
      "ocf": 7571000,
      "capex": -415000,
      "gross_margin": 0.015480488649290271,
      "op_margin": -0.236262921014887,
      "fcf_margin": 0.35392452643553096,
      "incr_op_margin_yoy": 0.16483573427298165,
      "rev_growth_yoy": 20.953311617806733,
      "rev_growth_yoy_accel": 20.351481452765064,
      "fcf_margin_change": 0.4704234382962491
    },
    {
      "date": "2023-09-30T00:00:00",
      "quarter_label": "2023-09 (Q3)",
      "revenue": 22961000,
      "gross_profit": -1183000,
      "operating_income": -5692000,
      "net_income": -5198000,
      "opex": 28653000,
      "cogs": 24144000,
      "rd": null,
      "sga": null,
      "fcf": -3891000,
      "ocf": -3289000,
      "capex": -602000,
      "gross_margin": -0.05152214624798571,
      "op_margin": -0.24789861068768781,
      "fcf_margin": -0.16946126039806628,
      "incr_op_margin_yoy": 0.10585388456983988,
      "rev_growth_yoy": 5.489824759751272,
      "rev_growth_yoy_accel": -15.463486858055461,
      "op_leverage_ratio": 0.9269436503753952,
      "fcf_margin_change": -0.5233857868335973
    },
    {
      "date": "2023-12-31T00:00:00",
      "quarter_label": "2023-12 (Q4)",
      "revenue": 24258000,
      "gross_profit": 4046000,
      "operating_income": -2286000,
      "net_income": -2106000,
      "opex": 26544000,
      "cogs": 20212000,
      "rd": null,
      "sga": null,
      "fcf": -2746000,
      "ocf": -1648000,
      "capex": -1098000,
      "gross_margin": 0.16679033720834363,
      "op_margin": -0.09423695275785308,
      "fcf_margin": -0.11319976914832221,
      "incr_op_margin_yoy": 0.3724468528553564,
      "rev_growth_yoy": 0.6544809712181149,
      "rev_growth_yoy_accel": -4.835343788533157,
      "op_leverage_ratio": Infinity,
      "fcf_margin_change": 0.05626149124974407
    },
    {
      "date": "2024-03-31T00:00:00",
      "quarter_label": "2024-03 (Q1)",
      "revenue": 31584000,
      "gross_profit": 9242000,
      "operating_income": 5742000,
      "net_income": 5846000,
      "opex": 25842000,
      "cogs": 22342000,
      "rd": null,
      "sga": null,
      "fcf": 1186000,
      "ocf": 1870000,
      "capex": -684000,
      "gross_margin": 0.29261651469098277,
      "op_margin": 0.18180091185410335,
      "fcf_margin": 0.03755065856129686,
      "incr_op_margin_yoy": 2.9021139705882355,
      "rev_growth_yoy": 0.07399347116430903,
      "rev_growth_yoy_accel": -0.5804875000538059,
      "op_leverage_ratio": Infinity,
      "fcf_margin_change": 0.15075042770961905
    },
    {
      "date": "2024-06-30T00:00:00",
      "quarter_label": "2024-06 (Q2)",
      "revenue": 12512000,
      "gross_profit": -173000,
      "operating_income": -3836000,
      "net_income": -3546000,
      "opex": 16348000,
      "cogs": 12685000,
      "rd": null,
      "sga": null,
      "fcf": 5116000,
      "ocf": 5920000,
      "capex": -804000,
      "gross_margin": -0.013826726342710998,
      "op_margin": -0.30658567774936063,
      "fcf_margin": 0.40888746803069054,
      "incr_op_margin_yoy": -0.12209679512131828,
      "rev_growth_yoy": -0.38117612146990454,
      "rev_growth_yoy_accel": -0.4551695926342136,
      "fcf_margin_change": 0.3713368094693937
    },
    {
      "date": "2024-09-30T00:00:00",
      "quarter_label": "2024-09 (Q3)",
      "revenue": 14421000,
      "gross_profit": -1874000,
      "operating_income": -5791000,
      "net_income": -5617000,
      "opex": 20212000,
      "cogs": 16295000,
      "rd": null,
      "sga": null,
      "fcf": -4300000,
      "ocf": -4231000,
      "capex": -69000,
      "gross_margin": -0.129949379377297,
      "op_margin": -0.40156715900422996,
      "fcf_margin": -0.29817627071631647,
      "incr_op_margin_yoy": 0.011592505854800936,
      "rev_growth_yoy": -0.3719350202517312,
      "rev_growth_yoy_accel": 0.009241101218173342,
      "op_leverage_ratio": 0.6455155431737913,
      "fcf_margin_change": -0.707063738747007
    },
    {
      "date": "2024-12-31T00:00:00",
      "quarter_label": "2024-12 (Q4)",
      "revenue": 74132000,
      "gross_profit": 62433000,
      "operating_income": -664000,
      "net_income": -802000,
      "opex": 16301000,
      "cogs": 11699000,
      "rd": null,
      "sga": null,
      "fcf": -5733000,
      "ocf": -5425000,
      "capex": -308000,
      "gross_margin": 0.8421869098365079,
      "op_margin": -0.008956995629417795,
      "fcf_margin": -0.07733502401122322,
      "incr_op_margin_yoy": 0.03252195532742511,
      "rev_growth_yoy": 2.0559815318657764,
      "rev_growth_yoy_accel": 2.4279165521175075,
      "op_leverage_ratio": Infinity,
      "fcf_margin_change": 0.22084124670509325
    },
    {
      "date": "2025-03-31T00:00:00",
      "quarter_label": "2025-03 (Q1)",
      "revenue": 16078000,
      "gross_profit": 4299000,
      "operating_income": 1034000,
      "net_income": 992000,
      "opex": 15044000,
      "cogs": 11779000,
      "rd": null,
      "sga": null,
      "fcf": 1752000,
      "ocf": 1752000,
      "capex": null,
      "gross_margin": 0.26738400298544596,
      "op_margin": 0.06431148152755317,
      "fcf_margin": 0.10896877721109591,
      "incr_op_margin_yoy": 0.3036244034567264,
      "rev_growth_yoy": -0.49094478216818643,
      "rev_growth_yoy_accel": -2.546926314033963,
      "fcf_margin_change": 0.18630380122231913
    },
    {
      "date": "2025-06-30T00:00:00",
      "quarter_label": "2025-06 (Q2)",
      "revenue": 9851000,
      "gross_profit": 1134000,
      "operating_income": -2371000,
      "net_income": -2349000,
      "opex": 12222000,
      "cogs": 8717000,
      "rd": null,
      "sga": null,
      "fcf": 14875000,
      "ocf": 14875000,
      "capex": null,
      "gross_margin": 0.11511521672926607,
      "op_margin": -0.24068622474875648,
      "fcf_margin": 1.509998984874632,
      "incr_op_margin_yoy": -0.5505449079293498,
      "rev_growth_yoy": -0.21267583120204603,
      "rev_growth_yoy_accel": 0.2782689509661404,
      "fcf_margin_change": 1.4010302076635361
    },
    {
      "date": "2025-09-30T00:00:00",
      "quarter_label": "2025-09 (Q3)",
      "revenue": 22746000,
      "gross_profit": 2287000,
      "operating_income": -1172000,
      "net_income": -1153000,
      "opex": 23918000,
      "cogs": 20459000,
      "rd": null,
      "sga": null,
      "fcf": -10170000,
      "ocf": -4736000,
      "capex": -5434000,
      "gross_margin": 0.1005451507957443,
      "op_margin": -0.05152554295260705,
      "fcf_margin": -0.4471115800580322,
      "incr_op_margin_yoy": 0.5548348348348349,
      "rev_growth_yoy": 0.577283128770543,
      "rev_growth_yoy_accel": 0.789958959972589,
      "op_leverage_ratio": 1.3678735352372788,
      "fcf_margin_change": -1.9571105649326643
    }
  ],
  "signals": [
    {
      "quarter": "2025-09 (Q3)",
      "signal": "YoY REVENUE GROWTH ACCELERATION",
      "detail": "YoY growth: +57.7% vs prior quarter YoY: -21.3% (accel: +79.0%)",
      "severity": "HIGH"
    },
    {
      "quarter": "2025-06 (Q2)",
      "signal": "FCF MARGIN EXPANSION",
      "detail": "FCF margin: +10.9% -> +151.0% (+140.1%)",
      "severity": "MEDIUM"
    },
    {
      "quarter": "2025-06 (Q2)",
      "signal": "YoY REVENUE GROWTH ACCELERATION",
      "detail": "YoY growth: -21.3% vs prior quarter YoY: -49.1% (accel: +27.8%)",
      "severity": "HIGH"
    },
    {
      "quarter": "2025-03 (Q1)",
      "signal": "FCF TURNED POSITIVE",
      "detail": "FCF margin: -7.7% -> +10.9%",
      "severity": "HIGH"
    },
    {
      "quarter": "2025-03 (Q1)",
      "signal": "YoY REVENUE GROWTH DECELERATION",
      "detail": "YoY growth: -49.1% vs prior quarter YoY: +205.6% (decel: -254.7%)",
      "severity": "WARNING"
    },
    {
      "quarter": "2025-03 (Q1)",
      "signal": "INCREMENTAL MARGIN (YoY)",
      "detail": "YoY Incr OPM: +30.4% vs year-ago OPM: +18.2%",
      "severity": "MEDIUM"
    },
    {
      "quarter": "2025-03 (Q1)",
      "signal": "OP MARGIN TURNED POSITIVE (QoQ)",
      "detail": "Op margin: -0.9% -> +6.4%",
      "severity": "HIGH"
    },
    {
      "quarter": "2024-12 (Q4)",
      "signal": "FCF MARGIN EXPANSION",
      "detail": "FCF margin: -29.8% -> -7.7% (+22.1%)",
      "severity": "MEDIUM"
    },
    {
      "quarter": "2024-12 (Q4)",
      "signal": "GROSS MARGIN INFLECTION",
      "detail": "GM: -1.4% -> -13.0% -> +84.2% (reversal +97.2%)",
      "severity": "HIGH"
    },
    {
      "quarter": "2024-12 (Q4)",
      "signal": "YoY REVENUE GROWTH ACCELERATION",
      "detail": "YoY growth: +205.6% vs prior quarter YoY: -37.2% (accel: +242.8%)",
      "severity": "HIGH"
    },
    {
      "quarter": "2024-06 (Q2)",
      "signal": "FCF MARGIN EXPANSION",
      "detail": "FCF margin: +3.8% -> +40.9% (+37.1%)",
      "severity": "MEDIUM"
    },
    {
      "quarter": "2024-06 (Q2)",
      "signal": "YoY REVENUE GROWTH DECELERATION",
      "detail": "YoY growth: -38.1% vs prior quarter YoY: +7.4% (decel: -45.5%)",
      "severity": "WARNING"
    },
    {
      "quarter": "2024-03 (Q1)",
      "signal": "FCF TURNED POSITIVE",
      "detail": "FCF margin: -11.3% -> +3.8%",
      "severity": "HIGH"
    },
    {
      "quarter": "2024-03 (Q1)",
      "signal": "YoY REVENUE GROWTH DECELERATION",
      "detail": "YoY growth: +7.4% vs prior quarter YoY: +65.4% (decel: -58.0%)",
      "severity": "WARNING"
    },
    {
      "quarter": "2024-03 (Q1)",
      "signal": "OP MARGIN TURNED POSITIVE (YoY)",
      "detail": "Op margin: -1.9% (year-ago) -> +18.2%",
      "severity": "HIGH"
    },
    {
      "quarter": "2024-03 (Q1)",
      "signal": "OP MARGIN TURNED POSITIVE (QoQ)",
      "detail": "Op margin: -9.4% -> +18.2%",
      "severity": "HIGH"
    },
    {
      "quarter": "2023-12 (Q4)",
      "signal": "FCF MARGIN EXPANSION",
      "detail": "FCF margin: -16.9% -> -11.3% (+5.6%)",
      "severity": "MEDIUM"
    },
    {
      "quarter": "2023-12 (Q4)",
      "signal": "GROSS MARGIN INFLECTION",
      "detail": "GM: +1.5% -> -5.2% -> +16.7% (reversal +21.8%)",
      "severity": "HIGH"
    },
    {
      "quarter": "2023-12 (Q4)",
      "signal": "YoY REVENUE GROWTH DECELERATION",
      "detail": "YoY growth: +65.4% vs prior quarter YoY: +549.0% (decel: -483.5%)",
      "severity": "WARNING"
    },
    {
      "quarter": "2023-09 (Q3)",
      "signal": "YoY REVENUE GROWTH DECELERATION",
      "detail": "YoY growth: +549.0% vs prior quarter YoY: +2095.3% (decel: -1546.3%)",
      "severity": "WARNING"
    },
    {
      "quarter": "2023-06 (Q2)",
      "signal": "FCF TURNED POSITIVE",
      "detail": "FCF margin: -11.6% -> +35.4%",
      "severity": "HIGH"
    },
    {
      "quarter": "2023-06 (Q2)",
      "signal": "YoY REVENUE GROWTH ACCELERATION",
      "detail": "YoY growth: +2095.3% vs prior quarter YoY: +60.2% (accel: +2035.1%)",
      "severity": "HIGH"
    },
    {
      "quarter": "2023-03 (Q1)",
      "signal": "FCF MARGIN EXPANSION",
      "detail": "FCF margin: -16.8% -> -11.6% (+5.1%)",
      "severity": "MEDIUM"
    },
    {
      "quarter": "2023-03 (Q1)",
      "signal": "OPERATING LEVERAGE",
      "detail": "Rev growth +100.6% vs OpEx growth +46.1% (leverage: 2.2x)",
      "severity": "MEDIUM"
    },
    {
      "quarter": "2023-03 (Q1)",
      "signal": "YoY REVENUE GROWTH ACCELERATION",
      "detail": "YoY growth: +60.2% vs prior quarter YoY: +35.3% (accel: +24.9%)",
      "severity": "HIGH"
    },
    {
      "quarter": "2022-12 (Q4)",
      "signal": "FCF MARGIN EXPANSION",
      "detail": "FCF margin: -108.2% -> -16.8% (+91.4%)",
      "severity": "MEDIUM"
    },
    {
      "quarter": "2022-12 (Q4)",
      "signal": "OPERATING LEVERAGE",
      "detail": "Rev growth +314.4% vs OpEx growth +81.8% (leverage: 3.8x)",
      "severity": "MEDIUM"
    },
    {
      "quarter": "2022-12 (Q4)",
      "signal": "YoY REVENUE GROWTH DECELERATION",
      "detail": "YoY growth: +35.3% vs prior quarter YoY: +84.8% (decel: -49.6%)",
      "severity": "WARNING"
    },
    {
      "quarter": "2022-09 (Q3)",
      "signal": "OPERATING LEVERAGE",
      "detail": "Rev growth +284.1% vs OpEx growth +27.1% (leverage: 10.5x)",
      "severity": "MEDIUM"
    },
    {
      "quarter": "2022-09 (Q3)",
      "signal": "GROSS MARGIN INFLECTION",
      "detail": "GM: +31.2% -> -335.7% -> -79.7% (reversal +256.0%)",
      "severity": "HIGH"
    },
    {
      "quarter": "2022-09 (Q3)",
      "signal": "YoY REVENUE GROWTH DECELERATION",
      "detail": "YoY growth: +84.8% vs prior quarter YoY: +377.2% (decel: -292.4%)",
      "severity": "WARNING"
    },
    {
      "quarter": "2022-06 (Q2)",
      "signal": "FCF TURNED POSITIVE",
      "detail": "FCF margin: -50.0% -> +1169.3%",
      "severity": "HIGH"
    },
    {
      "quarter": "2022-06 (Q2)",
      "signal": "YoY REVENUE GROWTH ACCELERATION",
      "detail": "YoY growth: +377.2% vs prior quarter YoY: +56.3% (accel: +320.9%)",
      "severity": "HIGH"
    },
    {
      "quarter": "2022-03 (Q1)",
      "signal": "FCF MARGIN EXPANSION",
      "detail": "FCF margin: -103.1% -> -50.0% (+53.1%)",
      "severity": "MEDIUM"
    },
    {
      "quarter": "2022-03 (Q1)",
      "signal": "OPERATING LEVERAGE",
      "detail": "Rev growth +69.4% vs OpEx growth +18.2% (leverage: 3.8x)",
      "severity": "MEDIUM"
    },
    {
      "quarter": "2022-03 (Q1)",
      "signal": "YoY REVENUE GROWTH ACCELERATION",
      "detail": "YoY growth: +56.3% vs prior quarter YoY: +22.0% (accel: +34.3%)",
      "severity": "HIGH"
    },
    {
      "quarter": "2021-12 (Q4)",
      "signal": "FCF MARGIN EXPANSION",
      "detail": "FCF margin: -212.9% -> -103.1% (+109.9%)",
      "severity": "MEDIUM"
    },
    {
      "quarter": "2021-12 (Q4)",
      "signal": "OPERATING LEVERAGE",
      "detail": "Rev growth +466.4% vs OpEx growth +82.1% (leverage: 5.7x)",
      "severity": "MEDIUM"
    },
    {
      "quarter": "2021-09 (Q3)",
      "signal": "FCF MARGIN EXPANSION",
      "detail": "FCF margin: -583.4% -> -212.9% (+370.5%)",
      "severity": "MEDIUM"
    },
    {
      "quarter": "2021-09 (Q3)",
      "signal": "OPERATING LEVERAGE",
      "detail": "Rev growth +891.7% vs OpEx growth +2.0% (leverage: 442.4x)",
      "severity": "MEDIUM"
    },
    {
      "quarter": "2021-09 (Q3)",
      "signal": "GROSS MARGIN INFLECTION",
      "detail": "GM: +6.9% -> -1625.4% -> -107.7% (reversal +1517.7%)",
      "severity": "HIGH"
    },
    {
      "quarter": "2021-03 (Q1)",
      "signal": "FCF MARGIN EXPANSION",
      "detail": "FCF margin: -54.4% -> -1.5% (+52.9%)",
      "severity": "MEDIUM"
    }
  ],
  "data_quality": {
    "n_quarters": 20,
    "coverage": {
      "revenue": [
        20,
        20
      ],
      "gross_profit": [
        20,
        20
      ],
      "op_income": [
        20,
        20
      ],
      "fcf": [
        20,
        20
      ]
    },
    "gaps": [],
    "warnings": []
  },
  "market_cap": null,
  "source": "SEC EDGAR",
  "last_updated": "2026-02-02T23:30:55.774604"
}