{
  "ticker": "DXCM",
  "name": "DEXCOM, INC.",
  "quarters": [
    {
      "date": "2020-12-31T00:00:00",
      "quarter_label": "2020-12 (Q4)",
      "revenue": 568900000,
      "gross_profit": 399100000,
      "operating_income": 104000000,
      "net_income": 355200000,
      "opex": 295100000,
      "cogs": 169800000,
      "rd": 119200000,
      "sga": 175900000,
      "fcf": 111800000,
      "ocf": 172000000,
      "capex": -60200000,
      "gross_margin": 0.7015292670065038,
      "op_margin": 0.18280892951309544,
      "fcf_margin": 0.1965195992265776
    },
    {
      "date": "2021-03-31T00:00:00",
      "quarter_label": "2021-03 (Q1)",
      "revenue": 505000000,
      "gross_profit": 343900000,
      "operating_income": 45900000,
      "net_income": 40300000,
      "opex": 298000000,
      "cogs": 161100000,
      "rd": 109400000,
      "sga": 188600000,
      "fcf": -71900000,
      "ocf": 27800000,
      "capex": -99700000,
      "gross_margin": 0.680990099009901,
      "op_margin": 0.09089108910891089,
      "fcf_margin": -0.14237623762376236,
      "fcf_margin_change": -0.33889583685033997
    },
    {
      "date": "2021-06-30T00:00:00",
      "quarter_label": "2021-06 (Q2)",
      "revenue": 595100000,
      "gross_profit": 417100000,
      "operating_income": 101000000,
      "net_income": 62900000,
      "opex": 316100000,
      "cogs": 178000000,
      "rd": 129100000,
      "sga": 187000000,
      "fcf": -39600000,
      "ocf": 61600000,
      "capex": -101200000,
      "gross_margin": 0.700890606620736,
      "op_margin": 0.16971937489497563,
      "fcf_margin": -0.066543438077634,
      "op_leverage_ratio": 2.937454187407691,
      "fcf_margin_change": 0.07583279954612836
    },
    {
      "date": "2021-09-30T00:00:00",
      "quarter_label": "2021-09 (Q3)",
      "revenue": 650200000,
      "gross_profit": 446900000,
      "operating_income": 118300000,
      "net_income": 70900000,
      "opex": 328600000,
      "cogs": 203300000,
      "rd": 128800000,
      "sga": 199800000,
      "fcf": 139200000,
      "ocf": 247300000,
      "capex": -108100000,
      "gross_margin": 0.68732697631498,
      "op_margin": 0.18194401722546907,
      "fcf_margin": 0.21408797293140572,
      "op_leverage_ratio": 2.3414027894471516,
      "fcf_margin_change": 0.2806314110090397
    },
    {
      "date": "2021-12-31T00:00:00",
      "quarter_label": "2021-12 (Q4)",
      "revenue": 698200000,
      "gross_profit": 472600000,
      "operating_income": 600000,
      "net_income": -19400000,
      "opex": 472000000,
      "cogs": 225600000,
      "rd": 149800000,
      "sga": 235100000,
      "fcf": 25600000,
      "ocf": 105800000,
      "capex": -80200000,
      "gross_margin": 0.6768834144944142,
      "op_margin": 0.0008593526210254941,
      "fcf_margin": 0.03666571183042108,
      "incr_op_margin_yoy": -0.7996906419180201,
      "rev_growth_yoy": 0.2272807171734927,
      "op_leverage_ratio": 0.1691658440466982,
      "fcf_margin_change": -0.17742226110098464
    },
    {
      "date": "2022-03-31T00:00:00",
      "quarter_label": "2022-03 (Q1)",
      "revenue": 628800000,
      "gross_profit": 398100000,
      "operating_income": 41300000,
      "net_income": 97300000,
      "opex": 356800000,
      "cogs": 230700000,
      "rd": 135900000,
      "sga": 220900000,
      "fcf": -30600000,
      "ocf": 71000000,
      "capex": -101600000,
      "gross_margin": 0.6331106870229007,
      "op_margin": 0.06568066157760814,
      "fcf_margin": -0.04866412213740458,
      "incr_op_margin_yoy": -0.03715670436187399,
      "rev_growth_yoy": 0.24514851485148514,
      "rev_growth_yoy_accel": 0.01786779767799243,
      "fcf_margin_change": -0.08532983396782566
    },
    {
      "date": "2022-06-30T00:00:00",
      "quarter_label": "2022-06 (Q2)",
      "revenue": 696200000,
      "gross_profit": 449500000,
      "operating_income": 77000000,
      "net_income": 50900000,
      "opex": 372500000,
      "cogs": 246700000,
      "rd": 121700000,
      "sga": 248900000,
      "fcf": 81300000,
      "ocf": 172800000,
      "capex": -91500000,
      "gross_margin": 0.6456478023556449,
      "op_margin": 0.11060040218328067,
      "fcf_margin": 0.1167767882792301,
      "incr_op_margin_yoy": -0.23738872403560832,
      "rev_growth_yoy": 0.16988741388002015,
      "rev_growth_yoy_accel": -0.07526110097146499,
      "op_leverage_ratio": 2.4359734850326573,
      "fcf_margin_change": 0.16544091041663467
    },
    {
      "date": "2022-09-30T00:00:00",
      "quarter_label": "2022-09 (Q3)",
      "revenue": 769600000,
      "gross_profit": 494200000,
      "operating_income": 147500000,
      "net_income": 101200000,
      "opex": 346700000,
      "cogs": 275400000,
      "rd": 110300000,
      "sga": 234600000,
      "fcf": 185000000,
      "ocf": 293200000,
      "capex": -108200000,
      "gross_margin": 0.6421517671517671,
      "op_margin": 0.19165800415800416,
      "fcf_margin": 0.2403846153846154,
      "incr_op_margin_yoy": 0.24455611390284757,
      "rev_growth_yoy": 0.18363580436788682,
      "rev_growth_yoy_accel": 0.013748390487866663,
      "op_leverage_ratio": Infinity,
      "fcf_margin_change": 0.12360782710538529
    },
    {
      "date": "2022-12-31T00:00:00",
      "quarter_label": "2022-12 (Q4)",
      "revenue": 815200000,
      "gross_profit": 541300000,
      "operating_income": 125400000,
      "net_income": 91800000,
      "opex": 415900000,
      "cogs": 273900000,
      "rd": 116300000,
      "sga": 297800000,
      "fcf": 69000000,
      "ocf": 132500000,
      "capex": -63500000,
      "gross_margin": 0.66400883218842,
      "op_margin": 0.15382728164867518,
      "fcf_margin": 0.08464180569185475,
      "incr_op_margin_yoy": 1.0666666666666667,
      "rev_growth_yoy": 0.16757376109997135,
      "rev_growth_yoy_accel": -0.016062043267915466,
      "op_leverage_ratio": 0.2968571617415548,
      "fcf_margin_change": -0.15574280969276064
    },
    {
      "date": "2023-03-31T00:00:00",
      "quarter_label": "2023-03 (Q1)",
      "revenue": 741500000,
      "gross_profit": 462600000,
      "operating_income": 47200000,
      "net_income": 48600000,
      "opex": 415400000,
      "cogs": 278900000,
      "rd": 119000000,
      "sga": 294600000,
      "fcf": 80700000,
      "ocf": 155400000,
      "capex": -74700000,
      "gross_margin": 0.6238705327039784,
      "op_margin": 0.06365475387727579,
      "fcf_margin": 0.10883344571813891,
      "incr_op_margin_yoy": 0.05235137533274179,
      "rev_growth_yoy": 0.17923027989821882,
      "rev_growth_yoy_accel": 0.011656518798247473,
      "fcf_margin_change": 0.024191640026284156
    },
    {
      "date": "2023-06-30T00:00:00",
      "quarter_label": "2023-06 (Q2)",
      "revenue": 871300000,
      "gross_profit": 546400000,
      "operating_income": 128100000,
      "net_income": 115900000,
      "opex": 418300000,
      "cogs": 324900000,
      "rd": 119300000,
      "sga": 297300000,
      "fcf": 131300000,
      "ocf": 190300000,
      "capex": -59000000,
      "gross_margin": 0.6271089177091702,
      "op_margin": 0.14702169172500862,
      "fcf_margin": 0.15069436474233902,
      "incr_op_margin_yoy": 0.2918332381496288,
      "rev_growth_yoy": 0.2515081873024993,
      "rev_growth_yoy_accel": 0.07227790740428047,
      "op_leverage_ratio": 25.07448554886414,
      "fcf_margin_change": 0.04186091902420011
    },
    {
      "date": "2023-09-30T00:00:00",
      "quarter_label": "2023-09 (Q3)",
      "revenue": 975000000,
      "gross_profit": 623300000,
      "operating_income": 205500000,
      "net_income": 120700000,
      "opex": 417800000,
      "cogs": 351700000,
      "rd": 131400000,
      "sga": 284700000,
      "fcf": 218800000,
      "ocf": 269200000,
      "capex": -50400000,
      "gross_margin": 0.6392820512820513,
      "op_margin": 0.21076923076923076,
      "fcf_margin": 0.22441025641025641,
      "incr_op_margin_yoy": 0.28237585199610515,
      "rev_growth_yoy": 0.2668918918918919,
      "rev_growth_yoy_accel": 0.015383704589392588,
      "op_leverage_ratio": Infinity,
      "fcf_margin_change": 0.0737158916679174
    },
    {
      "date": "2023-12-31T00:00:00",
      "quarter_label": "2023-12 (Q4)",
      "revenue": 1034500000,
      "gross_profit": 656600000,
      "operating_income": 216900000,
      "net_income": 256300000,
      "opex": 439700000,
      "cogs": 377900000,
      "rd": 136100000,
      "sga": 308800000,
      "fcf": 81100000,
      "ocf": 133600000,
      "capex": -52500000,
      "gross_margin": 0.6347027549540841,
      "op_margin": 0.2096665055582407,
      "fcf_margin": 0.07839536007733204,
      "incr_op_margin_yoy": 0.4172366621067031,
      "rev_growth_yoy": 0.2690137389597645,
      "rev_growth_yoy_accel": 0.0021218470678726065,
      "op_leverage_ratio": 1.1642243297037818,
      "fcf_margin_change": -0.14601489633292436
    },
    {
      "date": "2024-03-31T00:00:00",
      "quarter_label": "2024-03 (Q1)",
      "revenue": 921000000,
      "gross_profit": 561900000,
      "operating_income": 101100000,
      "net_income": 146400000,
      "opex": 460800000,
      "cogs": 359100000,
      "rd": 141500000,
      "sga": 319300000,
      "fcf": 152300000,
      "ocf": 209200000,
      "capex": -56900000,
      "gross_margin": 0.6100977198697068,
      "op_margin": 0.10977198697068404,
      "fcf_margin": 0.16536373507057547,
      "incr_op_margin_yoy": 0.3002785515320334,
      "rev_growth_yoy": 0.24207687120701282,
      "rev_growth_yoy_accel": -0.02693686775275167,
      "fcf_margin_change": 0.08696837499324343
    },
    {
      "date": "2024-06-30T00:00:00",
      "quarter_label": "2024-06 (Q2)",
      "revenue": 1004300000,
      "gross_profit": 626700000,
      "operating_income": 158000000,
      "net_income": 143500000,
      "opex": 468700000,
      "cogs": 377600000,
      "rd": 136000000,
      "sga": 332700000,
      "fcf": 213300000,
      "ocf": 279400000,
      "capex": -66100000,
      "gross_margin": 0.624016728069302,
      "op_margin": 0.1573235089116798,
      "fcf_margin": 0.21238673703076769,
      "incr_op_margin_yoy": 0.22481203007518796,
      "rev_growth_yoy": 0.15264547228279582,
      "rev_growth_yoy_accel": -0.089431398924217,
      "op_leverage_ratio": 5.275586525378304,
      "fcf_margin_change": 0.04702300196019221
    },
    {
      "date": "2024-09-30T00:00:00",
      "quarter_label": "2024-09 (Q3)",
      "revenue": 994200000,
      "gross_profit": 593800000,
      "operating_income": 152000000,
      "net_income": 134600000,
      "opex": 441800000,
      "cogs": 400400000,
      "rd": 135400000,
      "sga": 306400000,
      "fcf": 88300000,
      "ocf": 199500000,
      "capex": -111200000,
      "gross_margin": 0.5972641319653993,
      "op_margin": 0.15288674311003822,
      "fcf_margin": 0.0888151277408972,
      "incr_op_margin_yoy": -2.7864583333333335,
      "rev_growth_yoy": 0.019692307692307693,
      "rev_growth_yoy_accel": -0.13295316459048812,
      "fcf_margin_change": -0.12357160928987049
    },
    {
      "date": "2024-12-31T00:00:00",
      "quarter_label": "2024-12 (Q4)",
      "revenue": 1113500000,
      "gross_profit": 655800000,
      "operating_income": 188900000,
      "net_income": 151700000,
      "opex": 466900000,
      "cogs": 457700000,
      "rd": 139500000,
      "sga": 327400000,
      "fcf": 176800000,
      "ocf": 301400000,
      "capex": -124600000,
      "gross_margin": 0.5889537494387068,
      "op_margin": 0.16964526268522676,
      "fcf_margin": 0.15877862595419848,
      "incr_op_margin_yoy": -0.35443037974683544,
      "rev_growth_yoy": 0.0763653939101015,
      "rev_growth_yoy_accel": 0.05667308621779381,
      "op_leverage_ratio": 2.112120417945999,
      "fcf_margin_change": 0.06996349821330128
    },
    {
      "date": "2025-03-31T00:00:00",
      "quarter_label": "2025-03 (Q1)",
      "revenue": 1036000000,
      "gross_profit": 589000000,
      "operating_income": 133700000,
      "net_income": 105400000,
      "opex": 455300000,
      "cogs": 447000000,
      "rd": 145200000,
      "sga": 310100000,
      "fcf": 96800000,
      "ocf": 183800000,
      "capex": -87000000,
      "gross_margin": 0.5685328185328186,
      "op_margin": 0.12905405405405404,
      "fcf_margin": 0.09343629343629344,
      "incr_op_margin_yoy": 0.28347826086956524,
      "rev_growth_yoy": 0.1248642779587405,
      "rev_growth_yoy_accel": 0.048498884048639,
      "fcf_margin_change": -0.06534233251790504
    },
    {
      "date": "2025-06-30T00:00:00",
      "quarter_label": "2025-06 (Q2)",
      "revenue": 1157100000,
      "gross_profit": 688800000,
      "operating_income": 212600000,
      "net_income": 179800000,
      "opex": 476200000,
      "cogs": 468300000,
      "rd": 148200000,
      "sga": 328000000,
      "fcf": 208900000,
      "ocf": 303000000,
      "capex": -94100000,
      "gross_margin": 0.5952813067150635,
      "op_margin": 0.18373520006913838,
      "fcf_margin": 0.18053755077348543,
      "incr_op_margin_yoy": 0.35732984293193715,
      "rev_growth_yoy": 0.152145773175346,
      "rev_growth_yoy_accel": 0.0272814952166055,
      "op_leverage_ratio": 2.5464535109271953,
      "fcf_margin_change": 0.087101257337192
    },
    {
      "date": "2025-09-30T00:00:00",
      "quarter_label": "2025-09 (Q3)",
      "revenue": 1209300000,
      "gross_profit": 731400000,
      "operating_income": 242500000,
      "net_income": 283800000,
      "opex": 488900000,
      "cogs": 477900000,
      "rd": 157500000,
      "sga": 331400000,
      "fcf": 579400000,
      "ocf": 659900000,
      "capex": -80500000,
      "gross_margin": 0.6048127015628876,
      "op_margin": 0.2005292317869842,
      "fcf_margin": 0.4791201521541388,
      "incr_op_margin_yoy": 0.42073454207345423,
      "rev_growth_yoy": 0.21635485817742908,
      "rev_growth_yoy_accel": 0.06420908500208308,
      "op_leverage_ratio": 1.6915517139304954,
      "fcf_margin_change": 0.29858260138065335
    }
  ],
  "signals": [
    {
      "quarter": "2025-09 (Q3)",
      "signal": "FCF MARGIN EXPANSION",
      "detail": "FCF margin: +18.1% -> +47.9% (+29.9%)",
      "severity": "MEDIUM"
    },
    {
      "quarter": "2025-09 (Q3)",
      "signal": "OPERATING LEVERAGE",
      "detail": "Rev growth +4.5% vs OpEx growth +2.7% (leverage: 1.7x)",
      "severity": "MEDIUM"
    },
    {
      "quarter": "2025-09 (Q3)",
      "signal": "YoY REVENUE GROWTH ACCELERATION",
      "detail": "YoY growth: +21.6% vs prior quarter YoY: +15.2% (accel: +6.4%)",
      "severity": "MEDIUM"
    },
    {
      "quarter": "2025-09 (Q3)",
      "signal": "INCREMENTAL MARGIN (YoY)",
      "detail": "YoY Incr OPM: +42.1% vs year-ago OPM: +15.3%",
      "severity": "HIGH"
    },
    {
      "quarter": "2025-06 (Q2)",
      "signal": "FCF MARGIN EXPANSION",
      "detail": "FCF margin: +9.3% -> +18.1% (+8.7%)",
      "severity": "MEDIUM"
    },
    {
      "quarter": "2025-06 (Q2)",
      "signal": "OPERATING LEVERAGE",
      "detail": "Rev growth +11.7% vs OpEx growth +4.6% (leverage: 2.5x)",
      "severity": "MEDIUM"
    },
    {
      "quarter": "2025-06 (Q2)",
      "signal": "GROSS MARGIN INFLECTION",
      "detail": "GM: +58.9% -> +56.9% -> +59.5% (reversal +2.7%)",
      "severity": "MEDIUM"
    },
    {
      "quarter": "2025-06 (Q2)",
      "signal": "INCREMENTAL MARGIN (YoY)",
      "detail": "YoY Incr OPM: +35.7% vs year-ago OPM: +15.7%",
      "severity": "HIGH"
    },
    {
      "quarter": "2025-03 (Q1)",
      "signal": "INCREMENTAL MARGIN (YoY)",
      "detail": "YoY Incr OPM: +28.3% vs year-ago OPM: +11.0%",
      "severity": "MEDIUM"
    },
    {
      "quarter": "2024-12 (Q4)",
      "signal": "FCF MARGIN EXPANSION",
      "detail": "FCF margin: +8.9% -> +15.9% (+7.0%)",
      "severity": "MEDIUM"
    },
    {
      "quarter": "2024-12 (Q4)",
      "signal": "OPERATING LEVERAGE",
      "detail": "Rev growth +12.0% vs OpEx growth +5.7% (leverage: 2.1x)",
      "severity": "MEDIUM"
    },
    {
      "quarter": "2024-12 (Q4)",
      "signal": "YoY REVENUE GROWTH ACCELERATION",
      "detail": "YoY growth: +7.6% vs prior quarter YoY: +2.0% (accel: +5.7%)",
      "severity": "MEDIUM"
    },
    {
      "quarter": "2024-09 (Q3)",
      "signal": "YoY REVENUE GROWTH DECELERATION",
      "detail": "YoY growth: +2.0% vs prior quarter YoY: +15.3% (decel: -13.3%)",
      "severity": "WARNING"
    },
    {
      "quarter": "2024-06 (Q2)",
      "signal": "OPERATING LEVERAGE",
      "detail": "Rev growth +9.0% vs OpEx growth +1.7% (leverage: 5.3x)",
      "severity": "MEDIUM"
    },
    {
      "quarter": "2024-06 (Q2)",
      "signal": "YoY REVENUE GROWTH DECELERATION",
      "detail": "YoY growth: +15.3% vs prior quarter YoY: +24.2% (decel: -8.9%)",
      "severity": "WARNING"
    },
    {
      "quarter": "2024-03 (Q1)",
      "signal": "FCF MARGIN EXPANSION",
      "detail": "FCF margin: +7.8% -> +16.5% (+8.7%)",
      "severity": "MEDIUM"
    },
    {
      "quarter": "2024-03 (Q1)",
      "signal": "INCREMENTAL MARGIN (YoY)",
      "detail": "YoY Incr OPM: +30.0% vs year-ago OPM: +6.4%",
      "severity": "HIGH"
    },
    {
      "quarter": "2023-12 (Q4)",
      "signal": "INCREMENTAL MARGIN (YoY)",
      "detail": "YoY Incr OPM: +41.7% vs year-ago OPM: +15.4%",
      "severity": "HIGH"
    },
    {
      "quarter": "2023-09 (Q3)",
      "signal": "FCF MARGIN EXPANSION",
      "detail": "FCF margin: +15.1% -> +22.4% (+7.4%)",
      "severity": "MEDIUM"
    },
    {
      "quarter": "2023-06 (Q2)",
      "signal": "OPERATING LEVERAGE",
      "detail": "Rev growth +17.5% vs OpEx growth +0.7% (leverage: 25.1x)",
      "severity": "MEDIUM"
    },
    {
      "quarter": "2023-06 (Q2)",
      "signal": "YoY REVENUE GROWTH ACCELERATION",
      "detail": "YoY growth: +25.2% vs prior quarter YoY: +17.9% (accel: +7.2%)",
      "severity": "MEDIUM"
    },
    {
      "quarter": "2023-06 (Q2)",
      "signal": "INCREMENTAL MARGIN (YoY)",
      "detail": "YoY Incr OPM: +29.2% vs year-ago OPM: +11.1%",
      "severity": "MEDIUM"
    },
    {
      "quarter": "2022-12 (Q4)",
      "signal": "GROSS MARGIN INFLECTION",
      "detail": "GM: +64.6% -> +64.2% -> +66.4% (reversal +2.2%)",
      "severity": "MEDIUM"
    },
    {
      "quarter": "2022-12 (Q4)",
      "signal": "INCREMENTAL MARGIN (YoY)",
      "detail": "YoY Incr OPM: +106.7% vs year-ago OPM: +0.1%",
      "severity": "HIGH"
    },
    {
      "quarter": "2022-09 (Q3)",
      "signal": "FCF MARGIN EXPANSION",
      "detail": "FCF margin: +11.7% -> +24.0% (+12.4%)",
      "severity": "MEDIUM"
    },
    {
      "quarter": "2022-06 (Q2)",
      "signal": "FCF TURNED POSITIVE",
      "detail": "FCF margin: -4.9% -> +11.7%",
      "severity": "HIGH"
    },
    {
      "quarter": "2022-06 (Q2)",
      "signal": "OPERATING LEVERAGE",
      "detail": "Rev growth +10.7% vs OpEx growth +4.4% (leverage: 2.4x)",
      "severity": "MEDIUM"
    },
    {
      "quarter": "2022-06 (Q2)",
      "signal": "YoY REVENUE GROWTH DECELERATION",
      "detail": "YoY growth: +17.0% vs prior quarter YoY: +24.5% (decel: -7.5%)",
      "severity": "WARNING"
    },
    {
      "quarter": "2021-09 (Q3)",
      "signal": "FCF TURNED POSITIVE",
      "detail": "FCF margin: -6.7% -> +21.4%",
      "severity": "HIGH"
    },
    {
      "quarter": "2021-09 (Q3)",
      "signal": "OPERATING LEVERAGE",
      "detail": "Rev growth +9.3% vs OpEx growth +4.0% (leverage: 2.3x)",
      "severity": "MEDIUM"
    },
    {
      "quarter": "2021-06 (Q2)",
      "signal": "FCF MARGIN EXPANSION",
      "detail": "FCF margin: -14.2% -> -6.7% (+7.6%)",
      "severity": "MEDIUM"
    },
    {
      "quarter": "2021-06 (Q2)",
      "signal": "OPERATING LEVERAGE",
      "detail": "Rev growth +17.8% vs OpEx growth +6.1% (leverage: 2.9x)",
      "severity": "MEDIUM"
    }
  ],
  "data_quality": {
    "n_quarters": 20,
    "coverage": {
      "revenue": [
        20,
        20
      ],
      "gross_profit": [
        20,
        20
      ],
      "op_income": [
        20,
        20
      ],
      "fcf": [
        20,
        20
      ]
    },
    "gaps": [],
    "warnings": []
  },
  "market_cap": null,
  "source": "SEC EDGAR",
  "last_updated": "2026-02-02T20:09:50.908593",
  "sector": "Healthcare",
  "industry": "Medical Devices"
}