{
  "ticker": "DXLG",
  "name": "DESTINATION XL GROUP, INC.",
  "quarters": [
    {
      "date": "2021-01-30T00:00:00",
      "quarter_label": "2021-01 (Q1)",
      "revenue": 100106000,
      "gross_profit": 39082000,
      "operating_income": -3997000,
      "net_income": -5076000,
      "opex": 43079000,
      "cogs": 61024000,
      "rd": null,
      "sga": 38335000,
      "fcf": 6102000,
      "ocf": 7407000,
      "capex": -1305000,
      "gross_margin": 0.390406169460372,
      "op_margin": -0.0399276766627375,
      "fcf_margin": 0.06095538728947316
    },
    {
      "date": "2021-05-01T00:00:00",
      "quarter_label": "2021-05 (Q2)",
      "revenue": 111494000,
      "gross_profit": 50833000,
      "operating_income": 9867000,
      "net_income": 8697000,
      "opex": 40966000,
      "cogs": 60661000,
      "rd": null,
      "sga": 37118000,
      "fcf": 6962000,
      "ocf": 7765000,
      "capex": -803000,
      "gross_margin": 0.45592587941952034,
      "op_margin": 0.08849803576874092,
      "fcf_margin": 0.06244282203526647,
      "op_leverage_ratio": Infinity,
      "fcf_margin_change": 0.0014874347457933118
    },
    {
      "date": "2021-07-31T00:00:00",
      "quarter_label": "2021-07 (Q3)",
      "revenue": 138590000,
      "gross_profit": 71602000,
      "operating_income": 25802000,
      "net_income": 24451000,
      "opex": 45800000,
      "cogs": 66988000,
      "rd": null,
      "sga": 41776000,
      "fcf": 33558000,
      "ocf": 34478000,
      "capex": -920000,
      "gross_margin": 0.5166462226711884,
      "op_margin": 0.18617504870481275,
      "fcf_margin": 0.24213868244462083,
      "op_leverage_ratio": 2.059541756632503,
      "fcf_margin_change": 0.17969586040935437
    },
    {
      "date": "2021-10-30T00:00:00",
      "quarter_label": "2021-10 (Q4)",
      "revenue": 121486000,
      "gross_profit": 60957000,
      "operating_income": 15939000,
      "net_income": 13656000,
      "opex": 45018000,
      "cogs": 60529000,
      "rd": null,
      "sga": 41962000,
      "fcf": 20828000,
      "ocf": 21907000,
      "capex": -1079000,
      "gross_margin": 0.5017615198459082,
      "op_margin": 0.13120030291556228,
      "fcf_margin": 0.1714436231335298,
      "fcf_margin_change": -0.07069505931109105
    },
    {
      "date": "2022-01-29T00:00:00",
      "quarter_label": "2022-01 (Q1)",
      "revenue": 133451000,
      "gross_profit": 66432000,
      "operating_income": 10372000,
      "net_income": 9909000,
      "opex": 56060000,
      "cogs": 67019000,
      "rd": null,
      "sga": 52106000,
      "fcf": 8921000,
      "ocf": 11391000,
      "capex": -2470000,
      "gross_margin": 0.49780069089028933,
      "op_margin": 0.07772141085492053,
      "fcf_margin": 0.06684850619328443,
      "incr_op_margin_yoy": 0.43091917828759935,
      "rev_growth_yoy": 0.33309691726769625,
      "op_leverage_ratio": 0.40153640287734005,
      "fcf_margin_change": -0.10459511694024536
    },
    {
      "date": "2022-04-30T00:00:00",
      "quarter_label": "2022-04 (Q2)",
      "revenue": 127655000,
      "gross_profit": 63867000,
      "operating_income": 13634000,
      "net_income": 13388000,
      "opex": 50233000,
      "cogs": 63788000,
      "rd": null,
      "sga": 46597000,
      "fcf": -2727000,
      "ocf": -1543000,
      "capex": -1184000,
      "gross_margin": 0.5003094277544945,
      "op_margin": 0.10680349379186088,
      "fcf_margin": -0.021362265481179744,
      "incr_op_margin_yoy": 0.23309201163294352,
      "rev_growth_yoy": 0.14494950400918435,
      "rev_growth_yoy_accel": -0.1881474132585119,
      "fcf_margin_change": -0.08821077167446417
    },
    {
      "date": "2022-07-30T00:00:00",
      "quarter_label": "2022-07 (Q3)",
      "revenue": 144634000,
      "gross_profit": 75318000,
      "operating_income": 21912000,
      "net_income": 56942000,
      "opex": 53406000,
      "cogs": 69316000,
      "rd": null,
      "sga": 49461000,
      "fcf": 22520000,
      "ocf": 25392000,
      "capex": -2872000,
      "gross_margin": 0.5207489248724366,
      "op_margin": 0.15149964738581523,
      "fcf_margin": 0.15570336158856146,
      "incr_op_margin_yoy": -0.6436135009927201,
      "rev_growth_yoy": 0.04361065011905621,
      "rev_growth_yoy_accel": -0.10133885389012814,
      "op_leverage_ratio": 2.1056846053424385,
      "fcf_margin_change": 0.17706562706974122
    },
    {
      "date": "2022-10-29T00:00:00",
      "quarter_label": "2022-10 (Q4)",
      "revenue": 129671000,
      "gross_profit": 64815000,
      "operating_income": 12663000,
      "net_income": 10473000,
      "opex": 52152000,
      "cogs": 64856000,
      "rd": null,
      "sga": 48383000,
      "fcf": 2523000,
      "ocf": 6320000,
      "capex": -3797000,
      "gross_margin": 0.4998419075969184,
      "op_margin": 0.09765483415721325,
      "fcf_margin": 0.019456933315853197,
      "incr_op_margin_yoy": -0.40024434941967013,
      "rev_growth_yoy": 0.06737401840541297,
      "rev_growth_yoy_accel": 0.023763368286356765,
      "fcf_margin_change": -0.13624642827270828
    },
    {
      "date": "2023-01-28T00:00:00",
      "quarter_label": "2023-01 (Q1)",
      "revenue": 143878000,
      "gross_profit": 68598000,
      "operating_income": 10377000,
      "net_income": 8320000,
      "opex": 58221000,
      "cogs": 75280000,
      "rd": null,
      "sga": 54349000,
      "fcf": 27986000,
      "ocf": 29775000,
      "capex": -1789000,
      "gross_margin": 0.47677893771111635,
      "op_margin": 0.07212360472066612,
      "fcf_margin": 0.19451201712562033,
      "incr_op_margin_yoy": 0.00047952431188261245,
      "rev_growth_yoy": 0.07813354714464485,
      "rev_growth_yoy_accel": 0.010759528739231874,
      "op_leverage_ratio": 0.9414848825766832,
      "fcf_margin_change": 0.17505508380976714
    },
    {
      "date": "2023-04-29T00:00:00",
      "quarter_label": "2023-04 (Q2)",
      "revenue": 125442000,
      "gross_profit": 60916000,
      "operating_income": 9158000,
      "net_income": 6967000,
      "opex": 51758000,
      "cogs": 64526000,
      "rd": null,
      "sga": 48281000,
      "fcf": -5943000,
      "ocf": -4234000,
      "capex": -1709000,
      "gross_margin": 0.48561087992857255,
      "op_margin": 0.07300585130976865,
      "fcf_margin": -0.047376476778112596,
      "incr_op_margin_yoy": 2.0225937641211025,
      "rev_growth_yoy": -0.017335787865731856,
      "rev_growth_yoy_accel": -0.0954693350103767,
      "fcf_margin_change": -0.24188849390373293
    },
    {
      "date": "2023-07-29T00:00:00",
      "quarter_label": "2023-07 (Q3)",
      "revenue": 140043000,
      "gross_profit": 70379000,
      "operating_income": 19465000,
      "net_income": 11633000,
      "opex": 50914000,
      "cogs": 69664000,
      "rd": null,
      "sga": 47446000,
      "fcf": 27517000,
      "ocf": 30473000,
      "capex": -2956000,
      "gross_margin": 0.5025527873581686,
      "op_margin": 0.13899302357133167,
      "fcf_margin": 0.19648964960762053,
      "incr_op_margin_yoy": 0.5329993465475931,
      "rev_growth_yoy": -0.03174219063290789,
      "rev_growth_yoy_accel": -0.014406402767176033,
      "op_leverage_ratio": Infinity,
      "fcf_margin_change": 0.24386612638573313
    },
    {
      "date": "2023-10-28T00:00:00",
      "quarter_label": "2023-10 (Q4)",
      "revenue": 119188000,
      "gross_profit": 56611000,
      "operating_income": 5256000,
      "net_income": 4020000,
      "opex": 51355000,
      "cogs": 62577000,
      "rd": null,
      "sga": 47962000,
      "fcf": 1123000,
      "ocf": 6862000,
      "capex": -5739000,
      "gross_margin": 0.47497231264892437,
      "op_margin": 0.044098399167701446,
      "fcf_margin": 0.009422089472094506,
      "incr_op_margin_yoy": 0.7065725460269007,
      "rev_growth_yoy": -0.0808430566587749,
      "rev_growth_yoy_accel": -0.04910086602586702,
      "fcf_margin_change": -0.18706756013552603
    },
    {
      "date": "2024-02-03T00:00:00",
      "quarter_label": "2024-02 (Q1)",
      "revenue": 137142000,
      "gross_profit": 64516000,
      "operating_income": 8065000,
      "net_income": 5234000,
      "opex": 56451000,
      "cogs": 72626000,
      "rd": null,
      "sga": 52840000,
      "fcf": 9479000,
      "ocf": 16493000,
      "capex": -7014000,
      "gross_margin": 0.4704321068673346,
      "op_margin": 0.058807659214536755,
      "fcf_margin": 0.06911814032171035,
      "incr_op_margin_yoy": 0.34323040380047504,
      "rev_growth_yoy": -0.046817442555498405,
      "rev_growth_yoy_accel": 0.0340256141032765,
      "op_leverage_ratio": 1.5180357618998972,
      "fcf_margin_change": 0.05969605084961584
    },
    {
      "date": "2024-05-04T00:00:00",
      "quarter_label": "2024-05 (Q2)",
      "revenue": 115489000,
      "gross_profit": 55682000,
      "operating_income": 4881000,
      "net_income": 3793000,
      "opex": 50801000,
      "cogs": 59807000,
      "rd": null,
      "sga": 47523000,
      "fcf": -6988000,
      "ocf": -1125000,
      "capex": -5863000,
      "gross_margin": 0.48214115630060006,
      "op_margin": 0.042263765380252664,
      "fcf_margin": -0.06050792716189421,
      "incr_op_margin_yoy": 0.4297196825077866,
      "rev_growth_yoy": -0.07934344159053587,
      "rev_growth_yoy_accel": -0.032525999035037466,
      "fcf_margin_change": -0.12962606748360456
    },
    {
      "date": "2024-08-03T00:00:00",
      "quarter_label": "2024-08 (Q3)",
      "revenue": 124820000,
      "gross_profit": 60171000,
      "operating_income": 3124000,
      "net_income": 2383000,
      "opex": 57047000,
      "cogs": 64649000,
      "rd": null,
      "sga": 53662000,
      "fcf": 10181000,
      "ocf": 17097000,
      "capex": -6916000,
      "gross_margin": 0.48206216952411474,
      "op_margin": 0.025028040378144528,
      "fcf_margin": 0.08156545425412594,
      "incr_op_margin_yoy": 1.0734415029888984,
      "rev_growth_yoy": -0.1087023271423777,
      "rev_growth_yoy_accel": -0.029358885551841823,
      "op_leverage_ratio": 0.6571399190966637,
      "fcf_margin_change": 0.14207338141602016
    },
    {
      "date": "2024-11-02T00:00:00",
      "quarter_label": "2024-11 (Q4)",
      "revenue": 107503000,
      "gross_profit": 48439000,
      "operating_income": -2539000,
      "net_income": -1805000,
      "opex": 50978000,
      "cogs": 59064000,
      "rd": null,
      "sga": 47409000,
      "fcf": -10143000,
      "ocf": -3517000,
      "capex": -6626000,
      "gross_margin": 0.45058277443420186,
      "op_margin": -0.0236179455457057,
      "fcf_margin": -0.09435085532496768,
      "incr_op_margin_yoy": 0.6670945656824989,
      "rev_growth_yoy": -0.09803839312682484,
      "rev_growth_yoy_accel": 0.01066393401555285,
      "fcf_margin_change": -0.1759163095790936
    },
    {
      "date": "2025-02-01T00:00:00",
      "quarter_label": "2025-02 (Q1)",
      "revenue": 119203000,
      "gross_profit": 52903000,
      "operating_income": -1734000,
      "net_income": -1316000,
      "opex": 54637000,
      "cogs": 66300000,
      "rd": null,
      "sga": 49688000,
      "fcf": 8810000,
      "ocf": 17128000,
      "capex": -8318000,
      "gross_margin": 0.44380594448126304,
      "op_margin": -0.014546613759720812,
      "fcf_margin": 0.07390753588416399,
      "incr_op_margin_yoy": 0.5462400356764591,
      "rev_growth_yoy": -0.13080602587099502,
      "rev_growth_yoy_accel": -0.032767632744170175,
      "op_leverage_ratio": 1.5163018375963153,
      "fcf_margin_change": 0.16825839120913166
    },
    {
      "date": "2025-05-03T00:00:00",
      "quarter_label": "2025-05 (Q2)",
      "revenue": 105533000,
      "gross_profit": 47582000,
      "operating_income": -3497000,
      "net_income": -1939000,
      "opex": 51079000,
      "cogs": 57951000,
      "rd": null,
      "sga": 47443000,
      "fcf": -18770000,
      "ocf": -12030000,
      "capex": -6740000,
      "gross_margin": 0.4508731865861863,
      "op_margin": -0.03313655444268617,
      "fcf_margin": -0.1778590583040376,
      "incr_op_margin_yoy": 0.8415026114905585,
      "rev_growth_yoy": -0.08620734442241253,
      "rev_growth_yoy_accel": 0.04459868144858249,
      "fcf_margin_change": -0.2517665941882016
    },
    {
      "date": "2025-08-02T00:00:00",
      "quarter_label": "2025-08 (Q3)",
      "revenue": 115505000,
      "gross_profit": 52183000,
      "operating_income": 703000,
      "net_income": -265000,
      "opex": 51480000,
      "cogs": 63322000,
      "rd": null,
      "sga": 47604000,
      "fcf": 4557000,
      "ocf": 9916000,
      "capex": -5359000,
      "gross_margin": 0.45178130816847756,
      "op_margin": 0.006086316609670577,
      "fcf_margin": 0.039452837539500456,
      "incr_op_margin_yoy": 0.2599033816425121,
      "rev_growth_yoy": -0.07462746354750842,
      "rev_growth_yoy_accel": 0.011579880874904108,
      "op_leverage_ratio": 12.036272163441188,
      "fcf_margin_change": 0.21731189584353805
    },
    {
      "date": "2025-11-01T00:00:00",
      "quarter_label": "2025-11 (Q4)",
      "revenue": 101879000,
      "gross_profit": 43534000,
      "operating_income": -5719000,
      "net_income": -4120000,
      "opex": 49253000,
      "cogs": 58345000,
      "rd": null,
      "sga": 45491000,
      "fcf": -5998000,
      "ocf": -1097000,
      "capex": -4901000,
      "gross_margin": 0.4273108295134424,
      "op_margin": -0.056135219230655974,
      "fcf_margin": -0.05887376201179831,
      "incr_op_margin_yoy": 0.5654338549075392,
      "rev_growth_yoy": -0.05231481912132685,
      "rev_growth_yoy_accel": 0.02231264442618157,
      "fcf_margin_change": -0.09832659955129877
    }
  ],
  "signals": [
    {
      "quarter": "2025-08 (Q3)",
      "signal": "FCF TURNED POSITIVE",
      "detail": "FCF margin: -17.8% -> +3.9%",
      "severity": "HIGH"
    },
    {
      "quarter": "2025-08 (Q3)",
      "signal": "OPERATING LEVERAGE",
      "detail": "Rev growth +9.4% vs OpEx growth +0.8% (leverage: 12.0x)",
      "severity": "MEDIUM"
    },
    {
      "quarter": "2025-08 (Q3)",
      "signal": "INCREMENTAL MARGIN (YoY)",
      "detail": "YoY Incr OPM: +26.0% vs year-ago OPM: +2.5%",
      "severity": "HIGH"
    },
    {
      "quarter": "2025-08 (Q3)",
      "signal": "OP MARGIN TURNED POSITIVE (QoQ)",
      "detail": "Op margin: -3.3% -> +0.6%",
      "severity": "HIGH"
    },
    {
      "quarter": "2025-02 (Q1)",
      "signal": "FCF TURNED POSITIVE",
      "detail": "FCF margin: -9.4% -> +7.4%",
      "severity": "HIGH"
    },
    {
      "quarter": "2025-02 (Q1)",
      "signal": "OPERATING LEVERAGE",
      "detail": "Rev growth +10.9% vs OpEx growth +7.2% (leverage: 1.5x)",
      "severity": "MEDIUM"
    },
    {
      "quarter": "2024-08 (Q3)",
      "signal": "FCF TURNED POSITIVE",
      "detail": "FCF margin: -6.1% -> +8.2%",
      "severity": "HIGH"
    },
    {
      "quarter": "2024-08 (Q3)",
      "signal": "INCREMENTAL MARGIN (YoY)",
      "detail": "YoY Incr OPM: +107.3% vs year-ago OPM: +13.9%",
      "severity": "HIGH"
    },
    {
      "quarter": "2024-05 (Q2)",
      "signal": "INCREMENTAL MARGIN (YoY)",
      "detail": "YoY Incr OPM: +43.0% vs year-ago OPM: +7.3%",
      "severity": "HIGH"
    },
    {
      "quarter": "2024-02 (Q1)",
      "signal": "FCF MARGIN EXPANSION",
      "detail": "FCF margin: +0.9% -> +6.9% (+6.0%)",
      "severity": "MEDIUM"
    },
    {
      "quarter": "2024-02 (Q1)",
      "signal": "OPERATING LEVERAGE",
      "detail": "Rev growth +15.1% vs OpEx growth +9.9% (leverage: 1.5x)",
      "severity": "MEDIUM"
    },
    {
      "quarter": "2024-02 (Q1)",
      "signal": "INCREMENTAL MARGIN (YoY)",
      "detail": "YoY Incr OPM: +34.3% vs year-ago OPM: +7.2%",
      "severity": "HIGH"
    },
    {
      "quarter": "2023-10 (Q4)",
      "signal": "INCREMENTAL MARGIN (YoY)",
      "detail": "YoY Incr OPM: +70.7% vs year-ago OPM: +9.8%",
      "severity": "HIGH"
    },
    {
      "quarter": "2023-07 (Q3)",
      "signal": "FCF TURNED POSITIVE",
      "detail": "FCF margin: -4.7% -> +19.6%",
      "severity": "HIGH"
    },
    {
      "quarter": "2023-07 (Q3)",
      "signal": "INCREMENTAL MARGIN (YoY)",
      "detail": "YoY Incr OPM: +53.3% vs year-ago OPM: +15.1%",
      "severity": "HIGH"
    },
    {
      "quarter": "2023-04 (Q2)",
      "signal": "YoY REVENUE GROWTH DECELERATION",
      "detail": "YoY growth: -1.7% vs prior quarter YoY: +7.8% (decel: -9.5%)",
      "severity": "WARNING"
    },
    {
      "quarter": "2023-04 (Q2)",
      "signal": "INCREMENTAL MARGIN (YoY)",
      "detail": "YoY Incr OPM: +202.3% vs year-ago OPM: +10.7%",
      "severity": "HIGH"
    },
    {
      "quarter": "2023-01 (Q1)",
      "signal": "FCF MARGIN EXPANSION",
      "detail": "FCF margin: +1.9% -> +19.5% (+17.5%)",
      "severity": "MEDIUM"
    },
    {
      "quarter": "2022-07 (Q3)",
      "signal": "FCF TURNED POSITIVE",
      "detail": "FCF margin: -2.1% -> +15.6%",
      "severity": "HIGH"
    },
    {
      "quarter": "2022-07 (Q3)",
      "signal": "OPERATING LEVERAGE",
      "detail": "Rev growth +13.3% vs OpEx growth +6.3% (leverage: 2.1x)",
      "severity": "MEDIUM"
    },
    {
      "quarter": "2022-07 (Q3)",
      "signal": "YoY REVENUE GROWTH DECELERATION",
      "detail": "YoY growth: +4.4% vs prior quarter YoY: +14.5% (decel: -10.1%)",
      "severity": "WARNING"
    },
    {
      "quarter": "2022-04 (Q2)",
      "signal": "YoY REVENUE GROWTH DECELERATION",
      "detail": "YoY growth: +14.5% vs prior quarter YoY: +33.3% (decel: -18.8%)",
      "severity": "WARNING"
    },
    {
      "quarter": "2022-04 (Q2)",
      "signal": "INCREMENTAL MARGIN (YoY)",
      "detail": "YoY Incr OPM: +23.3% vs year-ago OPM: +8.8%",
      "severity": "MEDIUM"
    },
    {
      "quarter": "2022-01 (Q1)",
      "signal": "OP MARGIN TURNED POSITIVE (YoY)",
      "detail": "Op margin: -4.0% (year-ago) -> +7.8%",
      "severity": "HIGH"
    },
    {
      "quarter": "2021-07 (Q3)",
      "signal": "FCF MARGIN EXPANSION",
      "detail": "FCF margin: +6.2% -> +24.2% (+18.0%)",
      "severity": "MEDIUM"
    },
    {
      "quarter": "2021-07 (Q3)",
      "signal": "OPERATING LEVERAGE",
      "detail": "Rev growth +24.3% vs OpEx growth +11.8% (leverage: 2.1x)",
      "severity": "MEDIUM"
    },
    {
      "quarter": "2021-05 (Q2)",
      "signal": "OP MARGIN TURNED POSITIVE (QoQ)",
      "detail": "Op margin: -4.0% -> +8.8%",
      "severity": "HIGH"
    }
  ],
  "data_quality": {
    "n_quarters": 20,
    "coverage": {
      "revenue": [
        20,
        20
      ],
      "gross_profit": [
        20,
        20
      ],
      "op_income": [
        20,
        20
      ],
      "fcf": [
        20,
        20
      ]
    },
    "gaps": [],
    "warnings": []
  },
  "market_cap": null,
  "source": "SEC EDGAR",
  "last_updated": "2026-02-02T23:45:38.422817",
  "sector": "Consumer Cyclical",
  "industry": "Apparel Retail"
}