{
  "ticker": "DXPE",
  "name": "DXP Enterprises, Inc.",
  "quarters": [
    {
      "date": "2020-12-31T00:00:00",
      "quarter_label": "2020-12 (Q4)",
      "revenue": 232700000,
      "gross_profit": 64300000,
      "operating_income": -3692000,
      "net_income": -1900000,
      "opex": 67992000,
      "cogs": 168402000,
      "rd": null,
      "sga": 56497000,
      "fcf": 17268000,
      "ocf": 17410000,
      "capex": -142000,
      "gross_margin": 0.27632144391920926,
      "op_margin": -0.015865921787709496,
      "fcf_margin": 0.07420713364847444
    },
    {
      "date": "2021-03-31T00:00:00",
      "quarter_label": "2021-03 (Q1)",
      "revenue": 245616000,
      "gross_profit": 71609000,
      "operating_income": 6212000,
      "net_income": 340000,
      "opex": 65397000,
      "cogs": 174007000,
      "rd": null,
      "sga": 65397000,
      "fcf": 7897000,
      "ocf": 8577000,
      "capex": -680000,
      "gross_margin": 0.2915485961826591,
      "op_margin": 0.025291511953618655,
      "fcf_margin": 0.03215181421405772,
      "op_leverage_ratio": Infinity,
      "fcf_margin_change": -0.04205531943441672
    },
    {
      "date": "2021-06-30T00:00:00",
      "quarter_label": "2021-06 (Q2)",
      "revenue": 285691000,
      "gross_profit": 85278000,
      "operating_income": 14846000,
      "net_income": 8119000,
      "opex": 70432000,
      "cogs": 200413000,
      "rd": null,
      "sga": 70432000,
      "fcf": 6783000,
      "ocf": 7629000,
      "capex": -846000,
      "gross_margin": 0.2984973275321939,
      "op_margin": 0.05196523516666608,
      "fcf_margin": 0.02374243500845319,
      "op_leverage_ratio": 2.1192160179699693,
      "fcf_margin_change": -0.008409379205604528
    },
    {
      "date": "2021-09-30T00:00:00",
      "quarter_label": "2021-09 (Q3)",
      "revenue": 289494000,
      "gross_profit": 86943000,
      "operating_income": 11185000,
      "net_income": 7125000,
      "opex": 75758000,
      "cogs": 202551000,
      "rd": null,
      "sga": 75758000,
      "fcf": 5167000,
      "ocf": 6625000,
      "capex": -1458000,
      "gross_margin": 0.30032746792679643,
      "op_margin": 0.03863637933774102,
      "fcf_margin": 0.017848383731614473,
      "op_leverage_ratio": 0.1760348380146643,
      "fcf_margin_change": -0.005894051276838716
    },
    {
      "date": "2021-12-31T00:00:00",
      "quarter_label": "2021-12 (Q4)",
      "revenue": 293149000,
      "gross_profit": 84655000,
      "operating_income": 7593000,
      "net_income": 881000,
      "opex": 77062000,
      "cogs": 208494000,
      "rd": null,
      "sga": 77062000,
      "fcf": 11243000,
      "ocf": 14258000,
      "capex": -3015000,
      "gross_margin": 0.2887780616682984,
      "op_margin": 0.02590150401331746,
      "fcf_margin": 0.0383525101569509,
      "incr_op_margin_yoy": 0.1866862975400751,
      "rev_growth_yoy": 0.2597722389342501,
      "op_leverage_ratio": 0.7334976447799059,
      "fcf_margin_change": 0.02050412642533643
    },
    {
      "date": "2022-03-31T00:00:00",
      "quarter_label": "2022-03 (Q1)",
      "revenue": 319411000,
      "gross_profit": 94884000,
      "operating_income": 21559000,
      "net_income": 12642000,
      "opex": 73325000,
      "cogs": 224527000,
      "rd": null,
      "sga": 73325000,
      "fcf": 1940000,
      "ocf": 2680000,
      "capex": -740000,
      "gross_margin": 0.2970592747275454,
      "op_margin": 0.0674961100275194,
      "fcf_margin": 0.006073679366083197,
      "incr_op_margin_yoy": 0.20796801951351718,
      "rev_growth_yoy": 0.3004486678392287,
      "rev_growth_yoy_accel": 0.04067642890497858,
      "op_leverage_ratio": Infinity,
      "fcf_margin_change": -0.032278830790867706
    },
    {
      "date": "2022-06-30T00:00:00",
      "quarter_label": "2022-06 (Q2)",
      "revenue": 367812000,
      "gross_profit": 104262000,
      "operating_income": 25920000,
      "net_income": 14433000,
      "opex": 78342000,
      "cogs": 263550000,
      "rd": null,
      "sga": 78342000,
      "fcf": 1898000,
      "ocf": 3006000,
      "capex": -1108000,
      "gross_margin": 0.28346546605330986,
      "op_margin": 0.07047078398747186,
      "fcf_margin": 0.005160244907724598,
      "incr_op_margin_yoy": 0.13484979481496814,
      "rev_growth_yoy": 0.2874469269245444,
      "rev_growth_yoy_accel": -0.013001740914684312,
      "op_leverage_ratio": 2.2146874097360887,
      "fcf_margin_change": -0.0009134344583585988
    },
    {
      "date": "2022-09-30T00:00:00",
      "quarter_label": "2022-09 (Q3)",
      "revenue": 387314000,
      "gross_profit": 111633000,
      "operating_income": 26539000,
      "net_income": 13929000,
      "opex": 85094000,
      "cogs": 275681000,
      "rd": null,
      "sga": 85094000,
      "fcf": -5008000,
      "ocf": -3430000,
      "capex": -1578000,
      "gross_margin": 0.2882235085744383,
      "op_margin": 0.06852063183876649,
      "fcf_margin": -0.012930077404896287,
      "incr_op_margin_yoy": 0.15696176650991617,
      "rev_growth_yoy": 0.33789992193275165,
      "rev_growth_yoy_accel": 0.05045299500820727,
      "op_leverage_ratio": 0.6151987988222708,
      "fcf_margin_change": -0.018090322312620886
    },
    {
      "date": "2022-12-31T00:00:00",
      "quarter_label": "2022-12 (Q4)",
      "revenue": 406295000,
      "gross_profit": 111259000,
      "operating_income": 23734000,
      "net_income": 7152000,
      "opex": 87525000,
      "cogs": 295036000,
      "rd": null,
      "sga": 87525000,
      "fcf": 2148000,
      "ocf": 3638000,
      "capex": -1490000,
      "gross_margin": 0.2738379748704759,
      "op_margin": 0.05841568318586249,
      "fcf_margin": 0.005286799000726074,
      "incr_op_margin_yoy": 0.14265639085782972,
      "rev_growth_yoy": 0.3859675455143971,
      "rev_growth_yoy_accel": 0.04806762358164546,
      "op_leverage_ratio": 1.7154176484244292,
      "fcf_margin_change": 0.018216876405622362
    },
    {
      "date": "2023-03-31T00:00:00",
      "quarter_label": "2023-03 (Q1)",
      "revenue": 424267000,
      "gross_profit": 125041000,
      "operating_income": 35399000,
      "net_income": 17580000,
      "opex": 89642000,
      "cogs": 299226000,
      "rd": null,
      "sga": 89642000,
      "fcf": 22645000,
      "ocf": 26449000,
      "capex": -3804000,
      "gross_margin": 0.2947224271508272,
      "op_margin": 0.0834356666910224,
      "fcf_margin": 0.05337440809678811,
      "incr_op_margin_yoy": 0.13199053940642405,
      "rev_growth_yoy": 0.32827923897423694,
      "rev_growth_yoy_accel": -0.05768830654016016,
      "op_leverage_ratio": 1.828799917881848,
      "fcf_margin_change": 0.04808760909606204
    },
    {
      "date": "2023-06-30T00:00:00",
      "quarter_label": "2023-06 (Q2)",
      "revenue": 428040000,
      "gross_profit": 131852000,
      "operating_income": 37480000,
      "net_income": 19054000,
      "opex": 94372000,
      "cogs": 296188000,
      "rd": null,
      "sga": 94372000,
      "fcf": -4245000,
      "ocf": -2432000,
      "capex": -1813000,
      "gross_margin": 0.30803663209045884,
      "op_margin": 0.08756191010185964,
      "fcf_margin": -0.009917297448836557,
      "incr_op_margin_yoy": 0.1919373049080162,
      "rev_growth_yoy": 0.1637466966820006,
      "rev_growth_yoy_accel": -0.16453254229223635,
      "fcf_margin_change": -0.06329170554562466
    },
    {
      "date": "2023-09-30T00:00:00",
      "quarter_label": "2023-09 (Q3)",
      "revenue": 419249000,
      "gross_profit": 125562000,
      "operating_income": 35856000,
      "net_income": 16172000,
      "opex": 89706000,
      "cogs": 293687000,
      "rd": null,
      "sga": 89706000,
      "fcf": 38272000,
      "ocf": 39758000,
      "capex": -1486000,
      "gross_margin": 0.2994926642639577,
      "op_margin": 0.08552435426202568,
      "fcf_margin": 0.09128703944433976,
      "incr_op_margin_yoy": 0.29174886488179114,
      "rev_growth_yoy": 0.08245248041640632,
      "rev_growth_yoy_accel": -0.08129421626559427,
      "fcf_margin_change": 0.10120433689317632
    },
    {
      "date": "2023-12-31T00:00:00",
      "quarter_label": "2023-12 (Q4)",
      "revenue": 407044000,
      "gross_profit": 122836000,
      "operating_income": 29987000,
      "net_income": 16006000,
      "opex": 92849000,
      "cogs": 284208000,
      "rd": null,
      "sga": 92849000,
      "fcf": 37287000,
      "ocf": 42447000,
      "capex": -5160000,
      "gross_margin": 0.3017757294051749,
      "op_margin": 0.07367016833560991,
      "fcf_margin": 0.09160434744155423,
      "rev_growth_yoy": 0.0018434881059328813,
      "rev_growth_yoy_accel": -0.08060899231047344,
      "fcf_margin_change": 0.00031730799721446656
    },
    {
      "date": "2024-03-31T00:00:00",
      "quarter_label": "2024-03 (Q1)",
      "revenue": 412635000,
      "gross_profit": 123882000,
      "operating_income": 29131000,
      "net_income": 11332000,
      "opex": 94751000,
      "cogs": 288753000,
      "rd": null,
      "sga": 94751000,
      "fcf": 24095000,
      "ocf": 26989000,
      "capex": -2894000,
      "gross_margin": 0.30022174561052745,
      "op_margin": 0.07059750142377647,
      "fcf_margin": 0.05839301077223212,
      "incr_op_margin_yoy": 0.5388583218707015,
      "rev_growth_yoy": -0.027416697504166008,
      "rev_growth_yoy_accel": -0.02926018561009889,
      "op_leverage_ratio": 0.6705248117454983,
      "fcf_margin_change": -0.033211336669322106
    },
    {
      "date": "2024-06-30T00:00:00",
      "quarter_label": "2024-06 (Q2)",
      "revenue": 445556000,
      "gross_profit": 137793000,
      "operating_income": 37352000,
      "net_income": 16693000,
      "opex": 100441000,
      "cogs": 307763000,
      "rd": null,
      "sga": 100441000,
      "fcf": 5910000,
      "ocf": 14735000,
      "capex": -8825000,
      "gross_margin": 0.309260788767293,
      "op_margin": 0.08383233532934131,
      "fcf_margin": 0.0132643259208719,
      "incr_op_margin_yoy": -0.007307604475907742,
      "rev_growth_yoy": 0.04092140921409214,
      "rev_growth_yoy_accel": 0.06833810671825814,
      "op_leverage_ratio": 1.3285518001532566,
      "fcf_margin_change": -0.04512868485136022
    },
    {
      "date": "2024-09-30T00:00:00",
      "quarter_label": "2024-09 (Q3)",
      "revenue": 472935000,
      "gross_profit": 146110000,
      "operating_income": 39608000,
      "net_income": 21101000,
      "opex": 106502000,
      "cogs": 326825000,
      "rd": null,
      "sga": 106502000,
      "fcf": 24390000,
      "ocf": 28344000,
      "capex": -3954000,
      "gross_margin": 0.3089430894308943,
      "op_margin": 0.08374935244801082,
      "fcf_margin": 0.05157156903168512,
      "incr_op_margin_yoy": 0.06988786648288195,
      "rev_growth_yoy": 0.1280527800901135,
      "rev_growth_yoy_accel": 0.08713137087602137,
      "op_leverage_ratio": 1.0183147379438509,
      "fcf_margin_change": 0.03830724311081322
    },
    {
      "date": "2024-12-31T00:00:00",
      "quarter_label": "2024-12 (Q4)",
      "revenue": 470914000,
      "gross_profit": 148492000,
      "operating_income": 39291000,
      "net_income": 21363000,
      "opex": 109201000,
      "cogs": 322422000,
      "rd": null,
      "sga": 109201000,
      "fcf": 22748000,
      "ocf": 32143000,
      "capex": -9395000,
      "gross_margin": 0.31532721473559927,
      "op_margin": 0.08343561669434334,
      "fcf_margin": 0.048306060129875095,
      "incr_op_margin_yoy": 0.1456708940034445,
      "rev_growth_yoy": 0.15691178349269366,
      "rev_growth_yoy_accel": 0.028859003402580158,
      "fcf_margin_change": -0.003265508901810023
    },
    {
      "date": "2025-03-31T00:00:00",
      "quarter_label": "2025-03 (Q1)",
      "revenue": 476569000,
      "gross_profit": 150265000,
      "operating_income": 40515000,
      "net_income": 20589000,
      "opex": 109750000,
      "cogs": 326304000,
      "rd": null,
      "sga": 109750000,
      "fcf": -16941000,
      "ocf": 2973000,
      "capex": -19914000,
      "gross_margin": 0.3153058633692078,
      "op_margin": 0.08501392243305796,
      "fcf_margin": -0.03554784301958373,
      "incr_op_margin_yoy": 0.17805862295492225,
      "rev_growth_yoy": 0.1549408072509603,
      "rev_growth_yoy_accel": -0.0019709762417333687,
      "op_leverage_ratio": 2.3886101765451775,
      "fcf_margin_change": -0.08385390314945883
    },
    {
      "date": "2025-06-30T00:00:00",
      "quarter_label": "2025-06 (Q2)",
      "revenue": 498682000,
      "gross_profit": 157813000,
      "operating_income": 45986000,
      "net_income": 23612000,
      "opex": 111827000,
      "cogs": 340869000,
      "rd": null,
      "sga": 111827000,
      "fcf": 8300000,
      "ocf": 18646000,
      "capex": -10346000,
      "gross_margin": 0.3164601890583578,
      "op_margin": 0.09221507894810721,
      "fcf_margin": 0.0166438732498867,
      "incr_op_margin_yoy": 0.1625192937544705,
      "rev_growth_yoy": 0.11923529253337403,
      "rev_growth_yoy_accel": -0.03570551471758626,
      "op_leverage_ratio": 2.4518274867217533,
      "fcf_margin_change": 0.05219171626947043
    },
    {
      "date": "2025-09-30T00:00:00",
      "quarter_label": "2025-09 (Q3)",
      "revenue": 513724000,
      "gross_profit": 161259000,
      "operating_income": 43698000,
      "net_income": 21631000,
      "opex": 117561000,
      "cogs": 352465000,
      "rd": null,
      "sga": 117561000,
      "fcf": 28146000,
      "ocf": 34886000,
      "capex": -6740000,
      "gross_margin": 0.3139020174256994,
      "op_margin": 0.08506123910893787,
      "fcf_margin": 0.05478817419470377,
      "incr_op_margin_yoy": 0.10027213219250287,
      "rev_growth_yoy": 0.0862465243638132,
      "rev_growth_yoy_accel": -0.032988768169560825,
      "op_leverage_ratio": 0.5882621113146825,
      "fcf_margin_change": 0.038144300944817064
    }
  ],
  "signals": [
    {
      "quarter": "2025-06 (Q2)",
      "signal": "FCF TURNED POSITIVE",
      "detail": "FCF margin: -3.6% -> +1.7%",
      "severity": "HIGH"
    },
    {
      "quarter": "2025-06 (Q2)",
      "signal": "OPERATING LEVERAGE",
      "detail": "Rev growth +4.6% vs OpEx growth +1.9% (leverage: 2.5x)",
      "severity": "MEDIUM"
    },
    {
      "quarter": "2025-03 (Q1)",
      "signal": "OPERATING LEVERAGE",
      "detail": "Rev growth +1.2% vs OpEx growth +0.5% (leverage: 2.4x)",
      "severity": "MEDIUM"
    },
    {
      "quarter": "2025-03 (Q1)",
      "signal": "INCREMENTAL MARGIN (YoY)",
      "detail": "YoY Incr OPM: +17.8% vs year-ago OPM: +7.1%",
      "severity": "MEDIUM"
    },
    {
      "quarter": "2024-09 (Q3)",
      "signal": "YoY REVENUE GROWTH ACCELERATION",
      "detail": "YoY growth: +12.8% vs prior quarter YoY: +4.1% (accel: +8.7%)",
      "severity": "MEDIUM"
    },
    {
      "quarter": "2024-06 (Q2)",
      "signal": "YoY REVENUE GROWTH ACCELERATION",
      "detail": "YoY growth: +4.1% vs prior quarter YoY: -2.7% (accel: +6.8%)",
      "severity": "MEDIUM"
    },
    {
      "quarter": "2024-03 (Q1)",
      "signal": "INCREMENTAL MARGIN (YoY)",
      "detail": "YoY Incr OPM: +53.9% vs year-ago OPM: +8.3%",
      "severity": "HIGH"
    },
    {
      "quarter": "2023-12 (Q4)",
      "signal": "YoY REVENUE GROWTH DECELERATION",
      "detail": "YoY growth: +0.2% vs prior quarter YoY: +8.2% (decel: -8.1%)",
      "severity": "WARNING"
    },
    {
      "quarter": "2023-09 (Q3)",
      "signal": "FCF TURNED POSITIVE",
      "detail": "FCF margin: -1.0% -> +9.1%",
      "severity": "HIGH"
    },
    {
      "quarter": "2023-09 (Q3)",
      "signal": "YoY REVENUE GROWTH DECELERATION",
      "detail": "YoY growth: +8.2% vs prior quarter YoY: +16.4% (decel: -8.1%)",
      "severity": "WARNING"
    },
    {
      "quarter": "2023-09 (Q3)",
      "signal": "INCREMENTAL MARGIN (YoY)",
      "detail": "YoY Incr OPM: +29.2% vs year-ago OPM: +6.9%",
      "severity": "HIGH"
    },
    {
      "quarter": "2023-06 (Q2)",
      "signal": "YoY REVENUE GROWTH DECELERATION",
      "detail": "YoY growth: +16.4% vs prior quarter YoY: +32.8% (decel: -16.5%)",
      "severity": "WARNING"
    },
    {
      "quarter": "2023-06 (Q2)",
      "signal": "INCREMENTAL MARGIN (YoY)",
      "detail": "YoY Incr OPM: +19.2% vs year-ago OPM: +7.0%",
      "severity": "MEDIUM"
    },
    {
      "quarter": "2023-03 (Q1)",
      "signal": "OPERATING LEVERAGE",
      "detail": "Rev growth +4.4% vs OpEx growth +2.4% (leverage: 1.8x)",
      "severity": "MEDIUM"
    },
    {
      "quarter": "2023-03 (Q1)",
      "signal": "GROSS MARGIN INFLECTION",
      "detail": "GM: +28.8% -> +27.4% -> +29.5% (reversal +2.1%)",
      "severity": "MEDIUM"
    },
    {
      "quarter": "2023-03 (Q1)",
      "signal": "YoY REVENUE GROWTH DECELERATION",
      "detail": "YoY growth: +32.8% vs prior quarter YoY: +38.6% (decel: -5.8%)",
      "severity": "WARNING"
    },
    {
      "quarter": "2022-12 (Q4)",
      "signal": "FCF TURNED POSITIVE",
      "detail": "FCF margin: -1.3% -> +0.5%",
      "severity": "HIGH"
    },
    {
      "quarter": "2022-12 (Q4)",
      "signal": "OPERATING LEVERAGE",
      "detail": "Rev growth +4.9% vs OpEx growth +2.9% (leverage: 1.7x)",
      "severity": "MEDIUM"
    },
    {
      "quarter": "2022-12 (Q4)",
      "signal": "INCREMENTAL MARGIN (YoY)",
      "detail": "YoY Incr OPM: +14.3% vs year-ago OPM: +2.6%",
      "severity": "MEDIUM"
    },
    {
      "quarter": "2022-09 (Q3)",
      "signal": "YoY REVENUE GROWTH ACCELERATION",
      "detail": "YoY growth: +33.8% vs prior quarter YoY: +28.7% (accel: +5.0%)",
      "severity": "MEDIUM"
    },
    {
      "quarter": "2022-09 (Q3)",
      "signal": "INCREMENTAL MARGIN (YoY)",
      "detail": "YoY Incr OPM: +15.7% vs year-ago OPM: +3.9%",
      "severity": "MEDIUM"
    },
    {
      "quarter": "2022-06 (Q2)",
      "signal": "OPERATING LEVERAGE",
      "detail": "Rev growth +15.2% vs OpEx growth +6.8% (leverage: 2.2x)",
      "severity": "MEDIUM"
    },
    {
      "quarter": "2022-03 (Q1)",
      "signal": "INCREMENTAL MARGIN (YoY)",
      "detail": "YoY Incr OPM: +20.8% vs year-ago OPM: +2.5%",
      "severity": "MEDIUM"
    },
    {
      "quarter": "2021-12 (Q4)",
      "signal": "OP MARGIN TURNED POSITIVE (YoY)",
      "detail": "Op margin: -1.6% (year-ago) -> +2.6%",
      "severity": "HIGH"
    },
    {
      "quarter": "2021-06 (Q2)",
      "signal": "OPERATING LEVERAGE",
      "detail": "Rev growth +16.3% vs OpEx growth +7.7% (leverage: 2.1x)",
      "severity": "MEDIUM"
    },
    {
      "quarter": "2021-03 (Q1)",
      "signal": "OP MARGIN TURNED POSITIVE (QoQ)",
      "detail": "Op margin: -1.6% -> +2.5%",
      "severity": "HIGH"
    }
  ],
  "data_quality": {
    "n_quarters": 20,
    "coverage": {
      "revenue": [
        20,
        20
      ],
      "gross_profit": [
        20,
        20
      ],
      "op_income": [
        20,
        20
      ],
      "fcf": [
        20,
        20
      ]
    },
    "gaps": [],
    "warnings": []
  },
  "market_cap": null,
  "source": "SEC EDGAR",
  "last_updated": "2026-02-02T21:36:56.558014",
  "sector": "Industrials",
  "industry": "Industrial Distribution"
}