{
  "ticker": "DYNTQ",
  "name": "Dynatronics Corp.",
  "quarters": [
    {
      "date": "2020-12-31T00:00:00",
      "quarter_label": "2020-12 (Q4)",
      "revenue": 11967901,
      "gross_profit": 3340974,
      "operating_income": -596865,
      "net_income": -906269,
      "opex": 3937839,
      "cogs": 8626927,
      "rd": null,
      "sga": 3937839,
      "fcf": 1452265,
      "ocf": 1507877,
      "capex": -55612,
      "gross_margin": 0.27916123303493234,
      "op_margin": -0.04987215385555078,
      "fcf_margin": 0.12134667557828227
    },
    {
      "date": "2021-03-31T00:00:00",
      "quarter_label": "2021-03 (Q1)",
      "revenue": 11460415,
      "gross_profit": 3304961,
      "operating_income": -600094,
      "net_income": -63668,
      "opex": 3905055,
      "cogs": 8155454,
      "rd": null,
      "sga": 3905055,
      "fcf": -2334774,
      "ocf": -2317675,
      "capex": -17099,
      "gross_margin": 0.28838056911551635,
      "op_margin": -0.05236232719321246,
      "fcf_margin": -0.20372508325396593,
      "fcf_margin_change": -0.3250717588322482
    },
    {
      "date": "2021-06-30T00:00:00",
      "quarter_label": "2021-06 (Q2)",
      "revenue": 12237570,
      "gross_profit": 2337752,
      "operating_income": -2219823,
      "net_income": 2933576,
      "opex": 4557575,
      "cogs": 9899818,
      "rd": null,
      "sga": 4557575,
      "fcf": 10836,
      "ocf": 68962,
      "capex": -58126,
      "gross_margin": 0.1910307356770993,
      "op_margin": -0.18139410029932412,
      "fcf_margin": 0.0008854699094673207,
      "op_leverage_ratio": 0.405826711182508,
      "fcf_margin_change": 0.20461055316343324
    },
    {
      "date": "2021-09-30T00:00:00",
      "quarter_label": "2021-09 (Q3)",
      "revenue": 12300896,
      "gross_profit": 3664306,
      "operating_income": -432316,
      "net_income": 482640,
      "opex": 4096622,
      "cogs": 8636590,
      "rd": null,
      "sga": 4096622,
      "fcf": -675167,
      "ocf": -655083,
      "capex": -20084,
      "gross_margin": 0.297889357002937,
      "op_margin": -0.03514508211434354,
      "fcf_margin": -0.05488762769801484,
      "fcf_margin_change": -0.05577309760748216
    },
    {
      "date": "2021-12-31T00:00:00",
      "quarter_label": "2021-12 (Q4)",
      "revenue": 10529853,
      "gross_profit": 2080661,
      "operating_income": -1400868,
      "net_income": -1441267,
      "opex": 3481529,
      "cogs": 8449192,
      "rd": null,
      "sga": 3481529,
      "fcf": -1832876,
      "ocf": -1754609,
      "capex": -78267,
      "gross_margin": 0.19759639569517257,
      "op_margin": -0.13303775465811346,
      "fcf_margin": -0.17406472815907306,
      "incr_op_margin_yoy": 0.5590932986937849,
      "rev_growth_yoy": -0.12015874797092656,
      "fcf_margin_change": -0.11917710046105823
    },
    {
      "date": "2022-03-31T00:00:00",
      "quarter_label": "2022-03 (Q1)",
      "revenue": 10316253,
      "gross_profit": 2311107,
      "operating_income": -1435539,
      "net_income": -1471550,
      "opex": 3746646,
      "cogs": 8005146,
      "rd": null,
      "sga": 3746646,
      "fcf": -1012247,
      "ocf": -849240,
      "capex": -163007,
      "gross_margin": 0.22402581635018062,
      "op_margin": -0.13915314019537908,
      "fcf_margin": -0.09812157573103335,
      "incr_op_margin_yoy": 0.7301806911958272,
      "rev_growth_yoy": -0.0998360007032904,
      "rev_growth_yoy_accel": 0.02032274726763615,
      "fcf_margin_change": 0.07594315242803971
    },
    {
      "date": "2022-06-30T00:00:00",
      "quarter_label": "2022-06 (Q2)",
      "revenue": 11191489,
      "gross_profit": 2617340,
      "operating_income": -1487399,
      "net_income": -1562938,
      "opex": 4104739,
      "cogs": 8574149,
      "rd": null,
      "sga": 4104739,
      "fcf": -1681946,
      "ocf": -1625493,
      "capex": -56453,
      "gross_margin": 0.23386879082845902,
      "op_margin": -0.1329044776794223,
      "fcf_margin": -0.1502879554275575,
      "incr_op_margin_yoy": -0.700159930253967,
      "rev_growth_yoy": -0.08548110450032155,
      "rev_growth_yoy_accel": 0.014354896202968856,
      "op_leverage_ratio": 0.8876668832150014,
      "fcf_margin_change": -0.05216637969652414
    },
    {
      "date": "2022-09-30T00:00:00",
      "quarter_label": "2022-09 (Q3)",
      "revenue": 12053201,
      "gross_profit": 3642840,
      "operating_income": -474992,
      "net_income": -505926,
      "opex": 4117832,
      "cogs": 8410361,
      "rd": null,
      "sga": 4117832,
      "fcf": 344462,
      "ocf": 364247,
      "capex": -19785,
      "gross_margin": 0.30223008809029234,
      "op_margin": -0.03940795478313188,
      "fcf_margin": 0.02857846641734424,
      "rev_growth_yoy": -0.020136338035863403,
      "rev_growth_yoy_accel": 0.06534476646445815,
      "op_leverage_ratio": 24.13907635778381,
      "fcf_margin_change": 0.17886642184490173
    },
    {
      "date": "2022-12-31T00:00:00",
      "quarter_label": "2022-12 (Q4)",
      "revenue": 10882557,
      "gross_profit": 3062186,
      "operating_income": -799520,
      "net_income": -840867,
      "opex": 3861706,
      "cogs": 7820371,
      "rd": null,
      "sga": 3861706,
      "fcf": -179265,
      "ocf": -72585,
      "capex": -106680,
      "gross_margin": 0.2813847885198304,
      "op_margin": -0.0734680277806034,
      "fcf_margin": -0.016472691114781203,
      "rev_growth_yoy": 0.03349562429788906,
      "rev_growth_yoy_accel": 0.05363196233375246,
      "fcf_margin_change": -0.04505115753212544
    },
    {
      "date": "2023-03-31T00:00:00",
      "quarter_label": "2023-03 (Q1)",
      "revenue": 9236037,
      "gross_profit": 2208407,
      "operating_income": -1220594,
      "net_income": -1245493,
      "opex": 3429001,
      "cogs": 7027630,
      "rd": null,
      "sga": 3429001,
      "fcf": 62006,
      "ocf": 112627,
      "capex": -50621,
      "gross_margin": 0.23910763891482895,
      "op_margin": -0.13215559877033842,
      "fcf_margin": 0.006713485448358425,
      "incr_op_margin_yoy": -0.19898335147785257,
      "rev_growth_yoy": -0.10471011131657977,
      "rev_growth_yoy_accel": -0.13820573561446883,
      "fcf_margin_change": 0.023186176563139628
    },
    {
      "date": "2023-06-30T00:00:00",
      "quarter_label": "2023-06 (Q2)",
      "revenue": 8437578,
      "gross_profit": 1236671,
      "operating_income": -2356557,
      "net_income": -2381082,
      "opex": 3593228,
      "cogs": 7200907,
      "rd": null,
      "sga": 3593228,
      "fcf": -42943,
      "ocf": -33175,
      "capex": -9768,
      "gross_margin": 0.14656705988377233,
      "op_margin": -0.2792930625352441,
      "fcf_margin": -0.005089493691199062,
      "incr_op_margin_yoy": 0.3156086017304118,
      "rev_growth_yoy": -0.24607190339015658,
      "rev_growth_yoy_accel": -0.1413617920735768,
      "fcf_margin_change": -0.011802979139557487
    },
    {
      "date": "2023-09-30T00:00:00",
      "quarter_label": "2023-09 (Q3)",
      "revenue": 9351914,
      "gross_profit": 2306067,
      "operating_income": -239489,
      "net_income": -330654,
      "opex": 2545556,
      "cogs": 7045847,
      "rd": null,
      "sga": 2545556,
      "fcf": -1699879,
      "ocf": -1665272,
      "capex": -34607,
      "gross_margin": 0.24658770386468482,
      "op_margin": -0.025608554569684878,
      "fcf_margin": -0.18176803165640745,
      "incr_op_margin_yoy": -0.08718177668644612,
      "rev_growth_yoy": -0.22411366076115383,
      "rev_growth_yoy_accel": 0.021958242629002755,
      "op_leverage_ratio": Infinity,
      "fcf_margin_change": -0.17667853796520838
    },
    {
      "date": "2023-12-31T00:00:00",
      "quarter_label": "2023-12 (Q4)",
      "revenue": 8151351,
      "gross_profit": 1819855,
      "operating_income": -901712,
      "net_income": -1011416,
      "opex": 2721567,
      "cogs": 6331496,
      "rd": null,
      "sga": 2721567,
      "fcf": -53875,
      "ocf": 141933,
      "capex": -195808,
      "gross_margin": 0.2232580832306203,
      "op_margin": -0.11062117187690727,
      "fcf_margin": -0.006609333839261737,
      "incr_op_margin_yoy": 0.03741643801309751,
      "rev_growth_yoy": -0.2509709804414532,
      "rev_growth_yoy_accel": -0.02685731968029939,
      "fcf_margin_change": 0.17515869781714571
    },
    {
      "date": "2024-03-31T00:00:00",
      "quarter_label": "2024-03 (Q1)",
      "revenue": 7657846,
      "gross_profit": 1817117,
      "operating_income": -571956,
      "net_income": -667722,
      "opex": 2389073,
      "cogs": 5840729,
      "rd": null,
      "sga": 2389073,
      "fcf": -342153,
      "ocf": -331554,
      "capex": -10599,
      "gross_margin": 0.23728826617824386,
      "op_margin": -0.07468888771072178,
      "fcf_margin": -0.04468005755143156,
      "incr_op_margin_yoy": -0.4110009498216629,
      "rev_growth_yoy": -0.17087317861546028,
      "rev_growth_yoy_accel": 0.08009780182599294,
      "fcf_margin_change": -0.038070723712169824
    },
    {
      "date": "2024-06-30T00:00:00",
      "quarter_label": "2024-06 (Q2)",
      "revenue": 7372854,
      "gross_profit": 1691939,
      "operating_income": -559891,
      "net_income": -687927,
      "opex": 2251830,
      "cogs": 5680915,
      "rd": null,
      "sga": 2251830,
      "fcf": 242220,
      "ocf": 244493,
      "capex": -2273,
      "gross_margin": 0.2294822330674119,
      "op_margin": -0.07593952084226814,
      "fcf_margin": 0.032852949481978075,
      "incr_op_margin_yoy": -1.6874476390125517,
      "rev_growth_yoy": -0.1261883445699702,
      "rev_growth_yoy_accel": 0.04468483404549009,
      "fcf_margin_change": 0.07753300703340964
    },
    {
      "date": "2024-09-30T00:00:00",
      "quarter_label": "2024-09 (Q3)",
      "revenue": 7602249,
      "gross_profit": 1980807,
      "operating_income": -250996,
      "net_income": -366648,
      "opex": 2231803,
      "cogs": 5621442,
      "rd": null,
      "sga": 2231803,
      "fcf": 100646,
      "ocf": 100646,
      "capex": null,
      "gross_margin": 0.2605553961728957,
      "op_margin": -0.03301601933848786,
      "fcf_margin": 0.013238977044819238,
      "incr_op_margin_yoy": 0.006576687537328574,
      "rev_growth_yoy": -0.18709164776322793,
      "rev_growth_yoy_accel": -0.060903303193257735,
      "op_leverage_ratio": Infinity,
      "fcf_margin_change": -0.019613972437158837
    },
    {
      "date": "2024-12-31T00:00:00",
      "quarter_label": "2024-12 (Q4)",
      "revenue": 7300225,
      "gross_profit": 1644520,
      "operating_income": -666532,
      "net_income": -774827,
      "opex": 2311052,
      "cogs": 5655705,
      "rd": null,
      "sga": 2311052,
      "fcf": 122985,
      "ocf": 134067,
      "capex": -11082,
      "gross_margin": 0.2252697690824598,
      "op_margin": -0.091302939292967,
      "fcf_margin": 0.016846741025105392,
      "rev_growth_yoy": -0.10441532943434775,
      "rev_growth_yoy_accel": 0.08267631832888017,
      "fcf_margin_change": 0.0036077639802861543
    },
    {
      "date": "2025-03-31T00:00:00",
      "quarter_label": "2025-03 (Q1)",
      "revenue": 6151516,
      "gross_profit": 1096302,
      "operating_income": -944322,
      "net_income": -999062,
      "opex": 2040624,
      "cogs": 5055214,
      "rd": null,
      "sga": 2040624,
      "fcf": -37337,
      "ocf": -18107,
      "capex": -19230,
      "gross_margin": 0.17821655669919415,
      "op_margin": -0.15351045173254854,
      "fcf_margin": -0.006069560739173888,
      "incr_op_margin_yoy": 0.24720081257095058,
      "rev_growth_yoy": -0.1967041384744483,
      "rev_growth_yoy_accel": -0.09228880904010053,
      "fcf_margin_change": -0.02291630176427928
    },
    {
      "date": "2025-06-30T00:00:00",
      "quarter_label": "2025-06 (Q2)",
      "revenue": 6339174,
      "gross_profit": 1289491,
      "operating_income": -591455,
      "net_income": -8761072,
      "opex": 1880946,
      "cogs": 5049683,
      "rd": null,
      "sga": 1880946,
      "fcf": 83841,
      "ocf": 83977,
      "capex": -136,
      "gross_margin": 0.20341624949875173,
      "op_margin": -0.09330158787248938,
      "fcf_margin": 0.013225855608317424,
      "incr_op_margin_yoy": 0.030535562262982742,
      "rev_growth_yoy": -0.14020079605536742,
      "rev_growth_yoy_accel": 0.056503342419080865,
      "op_leverage_ratio": Infinity,
      "fcf_margin_change": 0.019295416347491313
    },
    {
      "date": "2025-09-30T00:00:00",
      "quarter_label": "2025-09 (Q3)",
      "revenue": 7024027,
      "gross_profit": 1731629,
      "operating_income": -88463,
      "net_income": -201857,
      "opex": 1820092,
      "cogs": 5292398,
      "rd": null,
      "sga": 1820092,
      "fcf": -93613,
      "ocf": -93317,
      "capex": -296,
      "gross_margin": 0.24652937695142688,
      "op_margin": -0.012594342248399672,
      "fcf_margin": -0.013327539885595542,
      "rev_growth_yoy": -0.07605933454692157,
      "rev_growth_yoy_accel": 0.06414146150844585,
      "op_leverage_ratio": Infinity,
      "fcf_margin_change": -0.026553395493912967
    }
  ],
  "signals": [
    {
      "quarter": "2025-09 (Q3)",
      "signal": "YoY REVENUE GROWTH ACCELERATION",
      "detail": "YoY growth: -7.6% vs prior quarter YoY: -14.0% (accel: +6.4%)",
      "severity": "MEDIUM"
    },
    {
      "quarter": "2025-06 (Q2)",
      "signal": "FCF TURNED POSITIVE",
      "detail": "FCF margin: -0.6% -> +1.3%",
      "severity": "HIGH"
    },
    {
      "quarter": "2025-06 (Q2)",
      "signal": "GROSS MARGIN INFLECTION",
      "detail": "GM: +22.5% -> +17.8% -> +20.3% (reversal +2.5%)",
      "severity": "MEDIUM"
    },
    {
      "quarter": "2025-06 (Q2)",
      "signal": "YoY REVENUE GROWTH ACCELERATION",
      "detail": "YoY growth: -14.0% vs prior quarter YoY: -19.7% (accel: +5.7%)",
      "severity": "MEDIUM"
    },
    {
      "quarter": "2025-03 (Q1)",
      "signal": "YoY REVENUE GROWTH DECELERATION",
      "detail": "YoY growth: -19.7% vs prior quarter YoY: -10.4% (decel: -9.2%)",
      "severity": "WARNING"
    },
    {
      "quarter": "2024-12 (Q4)",
      "signal": "YoY REVENUE GROWTH ACCELERATION",
      "detail": "YoY growth: -10.4% vs prior quarter YoY: -18.7% (accel: +8.3%)",
      "severity": "MEDIUM"
    },
    {
      "quarter": "2024-09 (Q3)",
      "signal": "GROSS MARGIN INFLECTION",
      "detail": "GM: +23.7% -> +22.9% -> +26.1% (reversal +3.1%)",
      "severity": "MEDIUM"
    },
    {
      "quarter": "2024-09 (Q3)",
      "signal": "YoY REVENUE GROWTH DECELERATION",
      "detail": "YoY growth: -18.7% vs prior quarter YoY: -12.6% (decel: -6.1%)",
      "severity": "WARNING"
    },
    {
      "quarter": "2024-06 (Q2)",
      "signal": "FCF TURNED POSITIVE",
      "detail": "FCF margin: -4.5% -> +3.3%",
      "severity": "HIGH"
    },
    {
      "quarter": "2024-03 (Q1)",
      "signal": "YoY REVENUE GROWTH ACCELERATION",
      "detail": "YoY growth: -17.1% vs prior quarter YoY: -25.1% (accel: +8.0%)",
      "severity": "MEDIUM"
    },
    {
      "quarter": "2023-12 (Q4)",
      "signal": "FCF MARGIN EXPANSION",
      "detail": "FCF margin: -18.2% -> -0.7% (+17.5%)",
      "severity": "MEDIUM"
    },
    {
      "quarter": "2023-09 (Q3)",
      "signal": "GROSS MARGIN INFLECTION",
      "detail": "GM: +23.9% -> +14.7% -> +24.7% (reversal +10.0%)",
      "severity": "HIGH"
    },
    {
      "quarter": "2023-06 (Q2)",
      "signal": "YoY REVENUE GROWTH DECELERATION",
      "detail": "YoY growth: -24.6% vs prior quarter YoY: -10.5% (decel: -14.1%)",
      "severity": "WARNING"
    },
    {
      "quarter": "2023-03 (Q1)",
      "signal": "FCF TURNED POSITIVE",
      "detail": "FCF margin: -1.6% -> +0.7%",
      "severity": "HIGH"
    },
    {
      "quarter": "2023-03 (Q1)",
      "signal": "YoY REVENUE GROWTH DECELERATION",
      "detail": "YoY growth: -10.5% vs prior quarter YoY: +3.3% (decel: -13.8%)",
      "severity": "WARNING"
    },
    {
      "quarter": "2022-12 (Q4)",
      "signal": "YoY REVENUE GROWTH ACCELERATION",
      "detail": "YoY growth: +3.3% vs prior quarter YoY: -2.0% (accel: +5.4%)",
      "severity": "MEDIUM"
    },
    {
      "quarter": "2022-09 (Q3)",
      "signal": "FCF TURNED POSITIVE",
      "detail": "FCF margin: -15.0% -> +2.9%",
      "severity": "HIGH"
    },
    {
      "quarter": "2022-09 (Q3)",
      "signal": "OPERATING LEVERAGE",
      "detail": "Rev growth +7.7% vs OpEx growth +0.3% (leverage: 24.1x)",
      "severity": "MEDIUM"
    },
    {
      "quarter": "2022-09 (Q3)",
      "signal": "YoY REVENUE GROWTH ACCELERATION",
      "detail": "YoY growth: -2.0% vs prior quarter YoY: -8.5% (accel: +6.5%)",
      "severity": "MEDIUM"
    },
    {
      "quarter": "2022-03 (Q1)",
      "signal": "FCF MARGIN EXPANSION",
      "detail": "FCF margin: -17.4% -> -9.8% (+7.6%)",
      "severity": "MEDIUM"
    },
    {
      "quarter": "2022-03 (Q1)",
      "signal": "GROSS MARGIN INFLECTION",
      "detail": "GM: +29.8% -> +19.8% -> +22.4% (reversal +2.6%)",
      "severity": "MEDIUM"
    },
    {
      "quarter": "2021-09 (Q3)",
      "signal": "GROSS MARGIN INFLECTION",
      "detail": "GM: +28.8% -> +19.1% -> +29.8% (reversal +10.7%)",
      "severity": "HIGH"
    },
    {
      "quarter": "2021-06 (Q2)",
      "signal": "FCF TURNED POSITIVE",
      "detail": "FCF margin: -20.4% -> +0.1%",
      "severity": "HIGH"
    }
  ],
  "data_quality": {
    "n_quarters": 20,
    "coverage": {
      "revenue": [
        20,
        20
      ],
      "gross_profit": [
        20,
        20
      ],
      "op_income": [
        20,
        20
      ],
      "fcf": [
        20,
        20
      ]
    },
    "gaps": [],
    "warnings": []
  },
  "market_cap": null,
  "source": "SEC EDGAR",
  "last_updated": "2026-02-03T00:38:28.338443"
}