{
  "ticker": "EA",
  "name": "ELECTRONIC ARTS INC.",
  "quarters": [
    {
      "date": "2020-12-31T00:00:00",
      "quarter_label": "2020-12 (Q4)",
      "revenue": 1673000000,
      "gross_profit": 1072000000,
      "operating_income": 251000000,
      "net_income": 211000000,
      "opex": 821000000,
      "cogs": 601000000,
      "rd": null,
      "sga": null,
      "fcf": null,
      "ocf": null,
      "capex": null,
      "gross_margin": 0.6407650926479378,
      "op_margin": 0.15002988643156007,
      "fcf_margin": null
    },
    {
      "date": "2021-03-31T00:00:00",
      "quarter_label": "2021-03 (Q1)",
      "revenue": 1346000000,
      "gross_profit": 1027000000,
      "operating_income": 175000000,
      "net_income": 76000000,
      "opex": 852000000,
      "cogs": 319000000,
      "rd": null,
      "sga": null,
      "fcf": 371000000,
      "ocf": 371000000,
      "capex": null,
      "gross_margin": 0.763001485884101,
      "op_margin": 0.1300148588410104,
      "fcf_margin": 0.27563150074294207
    },
    {
      "date": "2021-06-30T00:00:00",
      "quarter_label": "2021-06 (Q2)",
      "revenue": 1551000000,
      "gross_profit": 1236000000,
      "operating_income": 322000000,
      "net_income": 204000000,
      "opex": 914000000,
      "cogs": 315000000,
      "rd": null,
      "sga": null,
      "fcf": -143000000,
      "ocf": -143000000,
      "capex": null,
      "gross_margin": 0.7969052224371374,
      "op_margin": 0.2076079948420374,
      "fcf_margin": -0.09219858156028368,
      "op_leverage_ratio": 2.0929396539328,
      "fcf_margin_change": -0.3678300823032258
    },
    {
      "date": "2021-09-30T00:00:00",
      "quarter_label": "2021-09 (Q3)",
      "revenue": 1826000000,
      "gross_profit": 1332000000,
      "operating_income": 340000000,
      "net_income": 294000000,
      "opex": 992000000,
      "cogs": 494000000,
      "rd": null,
      "sga": null,
      "fcf": 64000000,
      "ocf": 64000000,
      "capex": null,
      "gross_margin": 0.7294633077765608,
      "op_margin": 0.18619934282584885,
      "fcf_margin": 0.03504928806133625,
      "op_leverage_ratio": 2.0776504819058013,
      "fcf_margin_change": 0.12724786962161994
    },
    {
      "date": "2021-12-31T00:00:00",
      "quarter_label": "2021-12 (Q4)",
      "revenue": 1789000000,
      "gross_profit": 1158000000,
      "operating_income": 102000000,
      "net_income": 66000000,
      "opex": 1056000000,
      "cogs": 631000000,
      "rd": null,
      "sga": null,
      "fcf": 1534000000,
      "ocf": 1534000000,
      "capex": null,
      "gross_margin": 0.6472889882615986,
      "op_margin": 0.05701509223029626,
      "fcf_margin": 0.8574622694242594,
      "incr_op_margin_yoy": -1.2844827586206897,
      "rev_growth_yoy": 0.06933652121936641,
      "fcf_margin_change": 0.8224129813629232
    },
    {
      "date": "2022-03-31T00:00:00",
      "quarter_label": "2022-03 (Q1)",
      "revenue": 1825000000,
      "gross_profit": 1406000000,
      "operating_income": 365000000,
      "net_income": 225000000,
      "opex": 1041000000,
      "cogs": 419000000,
      "rd": null,
      "sga": null,
      "fcf": 444000000,
      "ocf": 444000000,
      "capex": null,
      "gross_margin": 0.7704109589041096,
      "op_margin": 0.2,
      "fcf_margin": 0.2432876712328767,
      "incr_op_margin_yoy": 0.3966597077244259,
      "rev_growth_yoy": 0.3558692421991085,
      "rev_growth_yoy_accel": 0.2865327209797421,
      "op_leverage_ratio": Infinity,
      "fcf_margin_change": -0.6141745981913826
    },
    {
      "date": "2022-06-30T00:00:00",
      "quarter_label": "2022-06 (Q2)",
      "revenue": 1767000000,
      "gross_profit": 1453000000,
      "operating_income": 441000000,
      "net_income": 311000000,
      "opex": 1012000000,
      "cogs": 314000000,
      "rd": null,
      "sga": null,
      "fcf": -78000000,
      "ocf": -78000000,
      "capex": null,
      "gross_margin": 0.8222976796830787,
      "op_margin": 0.2495755517826825,
      "fcf_margin": -0.044142614601018676,
      "incr_op_margin_yoy": 0.5509259259259259,
      "rev_growth_yoy": 0.13926499032882012,
      "rev_growth_yoy_accel": -0.21660425187028837,
      "fcf_margin_change": -0.2874302858338954
    },
    {
      "date": "2022-09-30T00:00:00",
      "quarter_label": "2022-09 (Q3)",
      "revenue": 1904000000,
      "gross_profit": 1442000000,
      "operating_income": 427000000,
      "net_income": 299000000,
      "opex": 1015000000,
      "cogs": 462000000,
      "rd": null,
      "sga": null,
      "fcf": -112000000,
      "ocf": -112000000,
      "capex": null,
      "gross_margin": 0.7573529411764706,
      "op_margin": 0.22426470588235295,
      "fcf_margin": -0.058823529411764705,
      "incr_op_margin_yoy": 1.1153846153846154,
      "rev_growth_yoy": 0.04271631982475356,
      "rev_growth_yoy_accel": -0.09654867050406656,
      "op_leverage_ratio": 26.154310507451424,
      "fcf_margin_change": -0.014680914810746029
    },
    {
      "date": "2022-12-31T00:00:00",
      "quarter_label": "2022-12 (Q4)",
      "revenue": 1881000000,
      "gross_profit": 1313000000,
      "operating_income": 289000000,
      "net_income": 204000000,
      "opex": 1024000000,
      "cogs": 568000000,
      "rd": null,
      "sga": null,
      "fcf": 1123000000,
      "ocf": 1123000000,
      "capex": null,
      "gross_margin": 0.6980329611908559,
      "op_margin": 0.15364167995746944,
      "fcf_margin": 0.5970228601807549,
      "incr_op_margin_yoy": 2.032608695652174,
      "rev_growth_yoy": 0.05142537730575741,
      "rev_growth_yoy_accel": 0.008709057481003847,
      "fcf_margin_change": 0.6558463895925196
    },
    {
      "date": "2023-03-31T00:00:00",
      "quarter_label": "2023-03 (Q1)",
      "revenue": 1874000000,
      "gross_profit": 1426000000,
      "operating_income": 175000000,
      "net_income": -12000000,
      "opex": 1251000000,
      "cogs": 448000000,
      "rd": null,
      "sga": null,
      "fcf": 617000000,
      "ocf": 617000000,
      "capex": null,
      "gross_margin": 0.7609391675560299,
      "op_margin": 0.09338313767342583,
      "fcf_margin": 0.32924226254002137,
      "incr_op_margin_yoy": -3.877551020408163,
      "rev_growth_yoy": 0.02684931506849315,
      "rev_growth_yoy_accel": -0.024576062237264256,
      "fcf_margin_change": -0.26778059764073353
    },
    {
      "date": "2023-06-30T00:00:00",
      "quarter_label": "2023-06 (Q2)",
      "revenue": 1924000000,
      "gross_profit": 1556000000,
      "operating_income": 542000000,
      "net_income": 402000000,
      "opex": 1014000000,
      "cogs": 368000000,
      "rd": null,
      "sga": null,
      "fcf": 359000000,
      "ocf": 359000000,
      "capex": null,
      "gross_margin": 0.8087318087318087,
      "op_margin": 0.2817047817047817,
      "fcf_margin": 0.1865904365904366,
      "incr_op_margin_yoy": 0.643312101910828,
      "rev_growth_yoy": 0.08885116015846067,
      "rev_growth_yoy_accel": 0.06200184508996752,
      "op_leverage_ratio": Infinity,
      "fcf_margin_change": -0.14265182594958478
    },
    {
      "date": "2023-09-30T00:00:00",
      "quarter_label": "2023-09 (Q3)",
      "revenue": 1914000000,
      "gross_profit": 1458000000,
      "operating_income": 377000000,
      "net_income": 399000000,
      "opex": 1081000000,
      "cogs": 456000000,
      "rd": null,
      "sga": null,
      "fcf": 112000000,
      "ocf": 112000000,
      "capex": null,
      "gross_margin": 0.7617554858934169,
      "op_margin": 0.19696969696969696,
      "fcf_margin": 0.05851619644723093,
      "incr_op_margin_yoy": -5.0,
      "rev_growth_yoy": 0.005252100840336135,
      "rev_growth_yoy_accel": -0.08359905931812454,
      "fcf_margin_change": -0.12807424014320565
    },
    {
      "date": "2023-12-31T00:00:00",
      "quarter_label": "2023-12 (Q4)",
      "revenue": 1945000000,
      "gross_profit": 1416000000,
      "operating_income": 365000000,
      "net_income": 290000000,
      "opex": 1051000000,
      "cogs": 529000000,
      "rd": null,
      "sga": null,
      "fcf": 1264000000,
      "ocf": 1264000000,
      "capex": null,
      "gross_margin": 0.7280205655526992,
      "op_margin": 0.18766066838046272,
      "fcf_margin": 0.6498714652956298,
      "incr_op_margin_yoy": 1.1875,
      "rev_growth_yoy": 0.03402445507708666,
      "rev_growth_yoy_accel": 0.028772354236750522,
      "op_leverage_ratio": Infinity,
      "fcf_margin_change": 0.5913552688483988
    },
    {
      "date": "2024-03-31T00:00:00",
      "quarter_label": "2024-03 (Q1)",
      "revenue": 1779000000,
      "gross_profit": 1422000000,
      "operating_income": 234000000,
      "net_income": 182000000,
      "opex": 1188000000,
      "cogs": 357000000,
      "rd": null,
      "sga": null,
      "fcf": 580000000,
      "ocf": 580000000,
      "capex": null,
      "gross_margin": 0.7993254637436762,
      "op_margin": 0.1315345699831366,
      "fcf_margin": 0.3260258572231591,
      "incr_op_margin_yoy": -0.6210526315789474,
      "rev_growth_yoy": -0.05069370330843116,
      "rev_growth_yoy_accel": -0.08471815838551783,
      "fcf_margin_change": -0.3238456080724707
    },
    {
      "date": "2024-06-30T00:00:00",
      "quarter_label": "2024-06 (Q2)",
      "revenue": 1660000000,
      "gross_profit": 1397000000,
      "operating_income": 364000000,
      "net_income": 280000000,
      "opex": 1033000000,
      "cogs": 263000000,
      "rd": null,
      "sga": null,
      "fcf": 120000000,
      "ocf": 120000000,
      "capex": null,
      "gross_margin": 0.841566265060241,
      "op_margin": 0.21927710843373494,
      "fcf_margin": 0.07228915662650602,
      "incr_op_margin_yoy": 0.6742424242424242,
      "rev_growth_yoy": -0.13721413721413722,
      "rev_growth_yoy_accel": -0.08652043390570606,
      "fcf_margin_change": -0.25373670059665304
    },
    {
      "date": "2024-09-30T00:00:00",
      "quarter_label": "2024-09 (Q3)",
      "revenue": 2025000000,
      "gross_profit": 1569000000,
      "operating_income": 384000000,
      "net_income": 294000000,
      "opex": 1185000000,
      "cogs": 456000000,
      "rd": null,
      "sga": null,
      "fcf": 234000000,
      "ocf": 234000000,
      "capex": null,
      "gross_margin": 0.7748148148148148,
      "op_margin": 0.18962962962962962,
      "fcf_margin": 0.11555555555555555,
      "incr_op_margin_yoy": 0.06306306306306306,
      "rev_growth_yoy": 0.05799373040752351,
      "rev_growth_yoy_accel": 0.19520786762166073,
      "op_leverage_ratio": 1.4943127774254914,
      "fcf_margin_change": 0.04326639892904953
    },
    {
      "date": "2024-12-31T00:00:00",
      "quarter_label": "2024-12 (Q4)",
      "revenue": 1883000000,
      "gross_profit": 1427000000,
      "operating_income": 377000000,
      "net_income": 293000000,
      "opex": 1050000000,
      "cogs": 456000000,
      "rd": null,
      "sga": null,
      "fcf": 1176000000,
      "ocf": 1176000000,
      "capex": null,
      "gross_margin": 0.7578332448220924,
      "op_margin": 0.20021242697822622,
      "fcf_margin": 0.6245353159851301,
      "incr_op_margin_yoy": -0.1935483870967742,
      "rev_growth_yoy": -0.031876606683804626,
      "rev_growth_yoy_accel": -0.08987033709132813,
      "fcf_margin_change": 0.5089797604295746
    },
    {
      "date": "2025-03-31T00:00:00",
      "quarter_label": "2025-03 (Q1)",
      "revenue": 1895000000,
      "gross_profit": 1527000000,
      "operating_income": 395000000,
      "net_income": 254000000,
      "opex": 1132000000,
      "cogs": 368000000,
      "rd": null,
      "sga": null,
      "fcf": 549000000,
      "ocf": 549000000,
      "capex": null,
      "gross_margin": 0.8058047493403694,
      "op_margin": 0.20844327176781002,
      "fcf_margin": 0.28970976253298153,
      "incr_op_margin_yoy": 1.3879310344827587,
      "rev_growth_yoy": 0.06520517144463181,
      "rev_growth_yoy_accel": 0.09708177812843644,
      "fcf_margin_change": -0.3348255534521486
    },
    {
      "date": "2025-06-30T00:00:00",
      "quarter_label": "2025-06 (Q2)",
      "revenue": 1671000000,
      "gross_profit": 1392000000,
      "operating_income": 271000000,
      "net_income": 201000000,
      "opex": 1121000000,
      "cogs": 279000000,
      "rd": null,
      "sga": null,
      "fcf": 17000000,
      "ocf": 17000000,
      "capex": null,
      "gross_margin": 0.8330341113105925,
      "op_margin": 0.16217833632555356,
      "fcf_margin": 0.010173548773189706,
      "incr_op_margin_yoy": -8.454545454545455,
      "rev_growth_yoy": 0.006626506024096385,
      "rev_growth_yoy_accel": -0.05857866542053543,
      "fcf_margin_change": -0.2795362137597918
    },
    {
      "date": "2025-09-30T00:00:00",
      "quarter_label": "2025-09 (Q3)",
      "revenue": 1839000000,
      "gross_profit": 1396000000,
      "operating_income": 200000000,
      "net_income": 137000000,
      "opex": 1196000000,
      "cogs": 443000000,
      "rd": null,
      "sga": null,
      "fcf": 130000000,
      "ocf": 130000000,
      "capex": null,
      "gross_margin": 0.7591082109842305,
      "op_margin": 0.10875475802066341,
      "fcf_margin": 0.07069059271343121,
      "incr_op_margin_yoy": 0.989247311827957,
      "rev_growth_yoy": -0.09185185185185185,
      "rev_growth_yoy_accel": -0.09847835787594823,
      "op_leverage_ratio": 1.5027169359664871,
      "fcf_margin_change": 0.06051704394024151
    }
  ],
  "signals": [
    {
      "quarter": "2025-09 (Q3)",
      "signal": "FCF MARGIN EXPANSION",
      "detail": "FCF margin: +1.0% -> +7.1% (+6.1%)",
      "severity": "MEDIUM"
    },
    {
      "quarter": "2025-09 (Q3)",
      "signal": "OPERATING LEVERAGE",
      "detail": "Rev growth +10.1% vs OpEx growth +6.7% (leverage: 1.5x)",
      "severity": "MEDIUM"
    },
    {
      "quarter": "2025-09 (Q3)",
      "signal": "YoY REVENUE GROWTH DECELERATION",
      "detail": "YoY growth: -9.2% vs prior quarter YoY: +0.7% (decel: -9.8%)",
      "severity": "WARNING"
    },
    {
      "quarter": "2025-09 (Q3)",
      "signal": "INCREMENTAL MARGIN (YoY)",
      "detail": "YoY Incr OPM: +98.9% vs year-ago OPM: +19.0%",
      "severity": "HIGH"
    },
    {
      "quarter": "2025-06 (Q2)",
      "signal": "YoY REVENUE GROWTH DECELERATION",
      "detail": "YoY growth: +0.7% vs prior quarter YoY: +6.5% (decel: -5.9%)",
      "severity": "WARNING"
    },
    {
      "quarter": "2025-03 (Q1)",
      "signal": "GROSS MARGIN INFLECTION",
      "detail": "GM: +77.5% -> +75.8% -> +80.6% (reversal +4.8%)",
      "severity": "MEDIUM"
    },
    {
      "quarter": "2025-03 (Q1)",
      "signal": "YoY REVENUE GROWTH ACCELERATION",
      "detail": "YoY growth: +6.5% vs prior quarter YoY: -3.2% (accel: +9.7%)",
      "severity": "MEDIUM"
    },
    {
      "quarter": "2025-03 (Q1)",
      "signal": "INCREMENTAL MARGIN (YoY)",
      "detail": "YoY Incr OPM: +138.8% vs year-ago OPM: +13.2%",
      "severity": "HIGH"
    },
    {
      "quarter": "2024-12 (Q4)",
      "signal": "FCF MARGIN EXPANSION",
      "detail": "FCF margin: +11.6% -> +62.5% (+50.9%)",
      "severity": "MEDIUM"
    },
    {
      "quarter": "2024-12 (Q4)",
      "signal": "YoY REVENUE GROWTH DECELERATION",
      "detail": "YoY growth: -3.2% vs prior quarter YoY: +5.8% (decel: -9.0%)",
      "severity": "WARNING"
    },
    {
      "quarter": "2024-09 (Q3)",
      "signal": "YoY REVENUE GROWTH ACCELERATION",
      "detail": "YoY growth: +5.8% vs prior quarter YoY: -13.7% (accel: +19.5%)",
      "severity": "HIGH"
    },
    {
      "quarter": "2024-06 (Q2)",
      "signal": "YoY REVENUE GROWTH DECELERATION",
      "detail": "YoY growth: -13.7% vs prior quarter YoY: -5.1% (decel: -8.7%)",
      "severity": "WARNING"
    },
    {
      "quarter": "2024-06 (Q2)",
      "signal": "INCREMENTAL MARGIN (YoY)",
      "detail": "YoY Incr OPM: +67.4% vs year-ago OPM: +28.2%",
      "severity": "HIGH"
    },
    {
      "quarter": "2024-03 (Q1)",
      "signal": "GROSS MARGIN INFLECTION",
      "detail": "GM: +76.2% -> +72.8% -> +79.9% (reversal +7.1%)",
      "severity": "HIGH"
    },
    {
      "quarter": "2024-03 (Q1)",
      "signal": "YoY REVENUE GROWTH DECELERATION",
      "detail": "YoY growth: -5.1% vs prior quarter YoY: +3.4% (decel: -8.5%)",
      "severity": "WARNING"
    },
    {
      "quarter": "2023-12 (Q4)",
      "signal": "FCF MARGIN EXPANSION",
      "detail": "FCF margin: +5.9% -> +65.0% (+59.1%)",
      "severity": "MEDIUM"
    },
    {
      "quarter": "2023-12 (Q4)",
      "signal": "INCREMENTAL MARGIN (YoY)",
      "detail": "YoY Incr OPM: +118.8% vs year-ago OPM: +15.4%",
      "severity": "HIGH"
    },
    {
      "quarter": "2023-09 (Q3)",
      "signal": "YoY REVENUE GROWTH DECELERATION",
      "detail": "YoY growth: +0.5% vs prior quarter YoY: +8.9% (decel: -8.4%)",
      "severity": "WARNING"
    },
    {
      "quarter": "2023-06 (Q2)",
      "signal": "YoY REVENUE GROWTH ACCELERATION",
      "detail": "YoY growth: +8.9% vs prior quarter YoY: +2.7% (accel: +6.2%)",
      "severity": "MEDIUM"
    },
    {
      "quarter": "2023-06 (Q2)",
      "signal": "INCREMENTAL MARGIN (YoY)",
      "detail": "YoY Incr OPM: +64.3% vs year-ago OPM: +25.0%",
      "severity": "HIGH"
    },
    {
      "quarter": "2023-03 (Q1)",
      "signal": "GROSS MARGIN INFLECTION",
      "detail": "GM: +75.7% -> +69.8% -> +76.1% (reversal +6.3%)",
      "severity": "HIGH"
    },
    {
      "quarter": "2022-12 (Q4)",
      "signal": "FCF TURNED POSITIVE",
      "detail": "FCF margin: -5.9% -> +59.7%",
      "severity": "HIGH"
    },
    {
      "quarter": "2022-12 (Q4)",
      "signal": "INCREMENTAL MARGIN (YoY)",
      "detail": "YoY Incr OPM: +203.3% vs year-ago OPM: +5.7%",
      "severity": "HIGH"
    },
    {
      "quarter": "2022-09 (Q3)",
      "signal": "OPERATING LEVERAGE",
      "detail": "Rev growth +7.8% vs OpEx growth +0.3% (leverage: 26.2x)",
      "severity": "MEDIUM"
    },
    {
      "quarter": "2022-09 (Q3)",
      "signal": "YoY REVENUE GROWTH DECELERATION",
      "detail": "YoY growth: +4.3% vs prior quarter YoY: +13.9% (decel: -9.7%)",
      "severity": "WARNING"
    },
    {
      "quarter": "2022-09 (Q3)",
      "signal": "INCREMENTAL MARGIN (YoY)",
      "detail": "YoY Incr OPM: +111.5% vs year-ago OPM: +18.6%",
      "severity": "HIGH"
    },
    {
      "quarter": "2022-06 (Q2)",
      "signal": "YoY REVENUE GROWTH DECELERATION",
      "detail": "YoY growth: +13.9% vs prior quarter YoY: +35.6% (decel: -21.7%)",
      "severity": "WARNING"
    },
    {
      "quarter": "2022-06 (Q2)",
      "signal": "INCREMENTAL MARGIN (YoY)",
      "detail": "YoY Incr OPM: +55.1% vs year-ago OPM: +20.8%",
      "severity": "HIGH"
    },
    {
      "quarter": "2022-03 (Q1)",
      "signal": "GROSS MARGIN INFLECTION",
      "detail": "GM: +72.9% -> +64.7% -> +77.0% (reversal +12.3%)",
      "severity": "HIGH"
    },
    {
      "quarter": "2022-03 (Q1)",
      "signal": "YoY REVENUE GROWTH ACCELERATION",
      "detail": "YoY growth: +35.6% vs prior quarter YoY: +6.9% (accel: +28.7%)",
      "severity": "HIGH"
    },
    {
      "quarter": "2022-03 (Q1)",
      "signal": "INCREMENTAL MARGIN (YoY)",
      "detail": "YoY Incr OPM: +39.7% vs year-ago OPM: +13.0%",
      "severity": "HIGH"
    },
    {
      "quarter": "2021-12 (Q4)",
      "signal": "FCF MARGIN EXPANSION",
      "detail": "FCF margin: +3.5% -> +85.7% (+82.2%)",
      "severity": "MEDIUM"
    },
    {
      "quarter": "2021-09 (Q3)",
      "signal": "FCF TURNED POSITIVE",
      "detail": "FCF margin: -9.2% -> +3.5%",
      "severity": "HIGH"
    },
    {
      "quarter": "2021-09 (Q3)",
      "signal": "OPERATING LEVERAGE",
      "detail": "Rev growth +17.7% vs OpEx growth +8.5% (leverage: 2.1x)",
      "severity": "MEDIUM"
    },
    {
      "quarter": "2021-06 (Q2)",
      "signal": "OPERATING LEVERAGE",
      "detail": "Rev growth +15.2% vs OpEx growth +7.3% (leverage: 2.1x)",
      "severity": "MEDIUM"
    }
  ],
  "data_quality": {
    "n_quarters": 20,
    "coverage": {
      "revenue": [
        20,
        20
      ],
      "gross_profit": [
        20,
        20
      ],
      "op_income": [
        20,
        20
      ],
      "fcf": [
        19,
        20
      ]
    },
    "gaps": [],
    "warnings": []
  },
  "market_cap": null,
  "source": "SEC EDGAR",
  "last_updated": "2026-02-02T19:59:20.428277"
}