{
  "ticker": "EACO",
  "name": "EACO CORPORATION",
  "quarters": [
    {
      "date": "2021-02-28T00:00:00",
      "quarter_label": "2021-02 (Q1)",
      "revenue": 55751000,
      "gross_profit": 15024000,
      "operating_income": 2484000,
      "net_income": 1394000,
      "opex": 12540000,
      "cogs": 40727000,
      "rd": null,
      "sga": 12540000,
      "fcf": -467000,
      "ocf": -356000,
      "capex": -111000,
      "gross_margin": 0.2694839554447454,
      "op_margin": 0.04455525461426701,
      "fcf_margin": -0.00837653136266614
    },
    {
      "date": "2021-05-31T00:00:00",
      "quarter_label": "2021-05 (Q2)",
      "revenue": 62676000,
      "gross_profit": 16850000,
      "operating_income": 4050000,
      "net_income": 3080000,
      "opex": 12800000,
      "cogs": 45826000,
      "rd": null,
      "sga": 12800000,
      "fcf": 2397000,
      "ocf": 2864000,
      "capex": -467000,
      "gross_margin": 0.2688429382857872,
      "op_margin": 0.0646180356117174,
      "fcf_margin": 0.03824430403982386,
      "op_leverage_ratio": 5.9908894355810105,
      "fcf_margin_change": 0.04662083540249
    },
    {
      "date": "2021-08-31T00:00:00",
      "quarter_label": "2021-08 (Q3)",
      "revenue": 66132000,
      "gross_profit": 14459000,
      "operating_income": 4408000,
      "net_income": 3062000,
      "opex": 10051000,
      "cogs": 51673000,
      "rd": null,
      "sga": 10051000,
      "fcf": 2225000,
      "ocf": 2414000,
      "capex": -189000,
      "gross_margin": 0.2186384806145285,
      "op_margin": 0.06665456964858163,
      "fcf_margin": 0.03364483154902317,
      "op_leverage_ratio": Infinity,
      "fcf_margin_change": -0.004599472490800692
    },
    {
      "date": "2021-11-30T00:00:00",
      "quarter_label": "2021-11 (Q4)",
      "revenue": 63822000,
      "gross_profit": 18178000,
      "operating_income": 9283000,
      "net_income": 6786000,
      "opex": 8895000,
      "cogs": 45644000,
      "rd": null,
      "sga": 8895000,
      "fcf": 2661000,
      "ocf": 2947000,
      "capex": -286000,
      "gross_margin": 0.2848234151233117,
      "op_margin": 0.1454514117388988,
      "fcf_margin": 0.041694086678574785,
      "fcf_margin_change": 0.008049255129551618
    },
    {
      "date": "2022-02-28T00:00:00",
      "quarter_label": "2022-02 (Q1)",
      "revenue": 66587000,
      "gross_profit": 18125000,
      "operating_income": 4686000,
      "net_income": 3407000,
      "opex": 13439000,
      "cogs": 48462000,
      "rd": null,
      "sga": 13439000,
      "fcf": 1050000,
      "ocf": 1408000,
      "capex": -358000,
      "gross_margin": 0.2722002793338039,
      "op_margin": 0.07037409704596993,
      "fcf_margin": 0.015768843768303124,
      "incr_op_margin_yoy": 0.20321151716500555,
      "rev_growth_yoy": 0.19436422665064304,
      "op_leverage_ratio": 0.08480712793967905,
      "fcf_margin_change": -0.02592524291027166
    },
    {
      "date": "2022-05-31T00:00:00",
      "quarter_label": "2022-05 (Q2)",
      "revenue": 77797000,
      "gross_profit": 21590000,
      "operating_income": 7043000,
      "net_income": 5330000,
      "opex": 14547000,
      "cogs": 56207000,
      "rd": null,
      "sga": 14547000,
      "fcf": -82000,
      "ocf": 101000,
      "capex": -183000,
      "gross_margin": 0.2775171279098166,
      "op_margin": 0.09053048318058537,
      "fcf_margin": -0.001054025219481471,
      "incr_op_margin_yoy": 0.19793664440182526,
      "rev_growth_yoy": 0.2412566213542664,
      "rev_growth_yoy_accel": 0.04689239470362336,
      "op_leverage_ratio": 2.041941790114277,
      "fcf_margin_change": -0.016822868987784595
    },
    {
      "date": "2022-08-31T00:00:00",
      "quarter_label": "2022-08 (Q3)",
      "revenue": 84356000,
      "gross_profit": 25609000,
      "operating_income": 8520000,
      "net_income": 5785000,
      "opex": 17089000,
      "cogs": 58747000,
      "rd": null,
      "sga": 17089000,
      "fcf": 11674000,
      "ocf": 12548000,
      "capex": -874000,
      "gross_margin": 0.30358243634122056,
      "op_margin": 0.10100052159893784,
      "fcf_margin": 0.13838968182464792,
      "incr_op_margin_yoy": 0.22563652326602282,
      "rev_growth_yoy": 0.2755700719772576,
      "rev_growth_yoy_accel": 0.03431345062299118,
      "op_leverage_ratio": 0.4824726210775089,
      "fcf_margin_change": 0.1394437070441294
    },
    {
      "date": "2022-11-30T00:00:00",
      "quarter_label": "2022-11 (Q4)",
      "revenue": 76319000,
      "gross_profit": 21663000,
      "operating_income": 5978000,
      "net_income": 4711000,
      "opex": 15685000,
      "cogs": 54656000,
      "rd": null,
      "sga": 15685000,
      "fcf": 3121000,
      "ocf": 3207000,
      "capex": -86000,
      "gross_margin": 0.28384805880580194,
      "op_margin": 0.0783291185681154,
      "fcf_margin": 0.04089414169472871,
      "incr_op_margin_yoy": -0.26446347123309594,
      "rev_growth_yoy": 0.19581022218043934,
      "rev_growth_yoy_accel": -0.07975984979681824,
      "fcf_margin_change": -0.0974955401299192
    },
    {
      "date": "2023-02-28T00:00:00",
      "quarter_label": "2023-02 (Q1)",
      "revenue": 76925000,
      "gross_profit": 22264000,
      "operating_income": 6658000,
      "net_income": 5100000,
      "opex": 15606000,
      "cogs": 54661000,
      "rd": null,
      "sga": 15606000,
      "fcf": 2426000,
      "ocf": 2731000,
      "capex": -305000,
      "gross_margin": 0.2894247643808905,
      "op_margin": 0.0865518362040949,
      "fcf_margin": 0.03153721156971076,
      "incr_op_margin_yoy": 0.19075256335848326,
      "rev_growth_yoy": 0.15525553035877873,
      "rev_growth_yoy_accel": -0.040554691821660604,
      "fcf_margin_change": -0.009356930125017947
    },
    {
      "date": "2023-05-31T00:00:00",
      "quarter_label": "2023-05 (Q2)",
      "revenue": 80249000,
      "gross_profit": 23241000,
      "operating_income": 6964000,
      "net_income": 5319000,
      "opex": 16277000,
      "cogs": 57008000,
      "rd": null,
      "sga": 16277000,
      "fcf": 2541000,
      "ocf": 2796000,
      "capex": -255000,
      "gross_margin": 0.2896110854963925,
      "op_margin": 0.08677989756881706,
      "fcf_margin": 0.03166394596817406,
      "incr_op_margin_yoy": -0.03221859706362153,
      "rev_growth_yoy": 0.03151792485571423,
      "rev_growth_yoy_accel": -0.12373760550306451,
      "op_leverage_ratio": 1.004991972071041,
      "fcf_margin_change": 0.00012673439846330042
    },
    {
      "date": "2023-08-31T00:00:00",
      "quarter_label": "2023-08 (Q3)",
      "revenue": 85904000,
      "gross_profit": 25248000,
      "operating_income": 7880000,
      "net_income": 6055000,
      "opex": 17368000,
      "cogs": 60656000,
      "rd": null,
      "sga": 17368000,
      "fcf": 4374000,
      "ocf": 4688000,
      "capex": -314000,
      "gross_margin": 0.2939094803501583,
      "op_margin": 0.09173030359471038,
      "fcf_margin": 0.050917303035947103,
      "incr_op_margin_yoy": -0.4134366925064599,
      "rev_growth_yoy": 0.018350798994736593,
      "rev_growth_yoy_accel": -0.013167125860977638,
      "op_leverage_ratio": 1.0513385588729964,
      "fcf_margin_change": 0.019253357067773043
    },
    {
      "date": "2023-11-30T00:00:00",
      "quarter_label": "2023-11 (Q4)",
      "revenue": 80255000,
      "gross_profit": 23572000,
      "operating_income": 2449000,
      "net_income": 1779000,
      "opex": 21123000,
      "cogs": 56683000,
      "rd": null,
      "sga": 17217000,
      "fcf": -31400000,
      "ocf": 301000,
      "capex": -31701000,
      "gross_margin": 0.29371378730297176,
      "op_margin": 0.030515232695782196,
      "fcf_margin": -0.3912528814404087,
      "incr_op_margin_yoy": -0.8965955284552846,
      "rev_growth_yoy": 0.051573002790917075,
      "rev_growth_yoy_accel": 0.03322220379618048,
      "fcf_margin_change": -0.4421701844763558
    },
    {
      "date": "2024-02-29T00:00:00",
      "quarter_label": "2024-02 (Q1)",
      "revenue": 83335000,
      "gross_profit": 25027000,
      "operating_income": 7429000,
      "net_income": 5498000,
      "opex": 17598000,
      "cogs": 58308000,
      "rd": null,
      "sga": 17598000,
      "fcf": -348000,
      "ocf": 159000,
      "capex": -507000,
      "gross_margin": 0.3003179936401272,
      "op_margin": 0.0891462170756585,
      "fcf_margin": -0.004175916481670367,
      "incr_op_margin_yoy": 0.1202808112324493,
      "rev_growth_yoy": 0.08332791680207995,
      "rev_growth_yoy_accel": 0.03175491401116287,
      "op_leverage_ratio": Infinity,
      "fcf_margin_change": 0.38707696495873833
    },
    {
      "date": "2024-05-31T00:00:00",
      "quarter_label": "2024-05 (Q2)",
      "revenue": 96121000,
      "gross_profit": 27928000,
      "operating_income": 1614000,
      "net_income": 1184000,
      "opex": 26314000,
      "cogs": 68193000,
      "rd": null,
      "sga": 26314000,
      "fcf": 3614000,
      "ocf": 3933000,
      "capex": -319000,
      "gross_margin": 0.29055045203441493,
      "op_margin": 0.01679133592035039,
      "fcf_margin": 0.03759844362834344,
      "incr_op_margin_yoy": -0.3370715725806452,
      "rev_growth_yoy": 0.19778439606724071,
      "rev_growth_yoy_accel": 0.11445647926516077,
      "op_leverage_ratio": 0.3097799833815164,
      "fcf_margin_change": 0.04177436011001381
    },
    {
      "date": "2024-08-31T00:00:00",
      "quarter_label": "2024-08 (Q3)",
      "revenue": 96520000,
      "gross_profit": 29685000,
      "operating_income": 9843000,
      "net_income": 6490000,
      "opex": 19842000,
      "cogs": 66835000,
      "rd": null,
      "sga": 19842000,
      "fcf": 9600000,
      "ocf": 9684000,
      "capex": -84000,
      "gross_margin": 0.3075528387898881,
      "op_margin": 0.10197886448404475,
      "fcf_margin": 0.09946125155408206,
      "incr_op_margin_yoy": 0.1849095704596835,
      "rev_growth_yoy": 0.12357981002048798,
      "rev_growth_yoy_accel": -0.07420458604675273,
      "fcf_margin_change": 0.06186280792573862
    },
    {
      "date": "2024-11-30T00:00:00",
      "quarter_label": "2024-11 (Q4)",
      "revenue": 93920000,
      "gross_profit": 27781000,
      "operating_income": 8843000,
      "net_income": 6888000,
      "opex": 18938000,
      "cogs": 66139000,
      "rd": null,
      "sga": 18938000,
      "fcf": 1882000,
      "ocf": 2013000,
      "capex": -131000,
      "gross_margin": 0.2957942930153322,
      "op_margin": 0.0941545996592845,
      "fcf_margin": 0.020038330494037478,
      "incr_op_margin_yoy": 0.46791072081961216,
      "rev_growth_yoy": 0.17026976512366832,
      "rev_growth_yoy_accel": 0.04668995510318033,
      "fcf_margin_change": -0.07942292106004459
    },
    {
      "date": "2025-02-28T00:00:00",
      "quarter_label": "2025-02 (Q1)",
      "revenue": 100132000,
      "gross_profit": 29508000,
      "operating_income": 9094000,
      "net_income": 6763000,
      "opex": 20414000,
      "cogs": 70624000,
      "rd": null,
      "sga": 20414000,
      "fcf": -3271000,
      "ocf": -3076000,
      "capex": -195000,
      "gross_margin": 0.2946910078696121,
      "op_margin": 0.09082011744497263,
      "fcf_margin": -0.03266687971877122,
      "incr_op_margin_yoy": 0.09912484372209324,
      "rev_growth_yoy": 0.201559968800624,
      "rev_growth_yoy_accel": 0.031290203676955675,
      "op_leverage_ratio": 0.8486353490025529,
      "fcf_margin_change": -0.0527052102128087
    },
    {
      "date": "2025-05-31T00:00:00",
      "quarter_label": "2025-05 (Q2)",
      "revenue": 111410000,
      "gross_profit": 34073000,
      "operating_income": 12446000,
      "net_income": 9515000,
      "opex": 21627000,
      "cogs": 77337000,
      "rd": null,
      "sga": 21627000,
      "fcf": 10218000,
      "ocf": 10467000,
      "capex": -249000,
      "gross_margin": 0.3058343057176196,
      "op_margin": 0.11171349070999012,
      "fcf_margin": 0.09171528588098016,
      "incr_op_margin_yoy": 0.7084832232323893,
      "rev_growth_yoy": 0.15905993487375286,
      "rev_growth_yoy_accel": -0.04250003392687113,
      "op_leverage_ratio": 1.895511873214414,
      "fcf_margin_change": 0.12438216559975138
    },
    {
      "date": "2025-08-31T00:00:00",
      "quarter_label": "2025-08 (Q3)",
      "revenue": 122469000,
      "gross_profit": 37344000,
      "operating_income": 11460000,
      "net_income": 9128000,
      "opex": 25884000,
      "cogs": 85125000,
      "rd": null,
      "sga": 25884000,
      "fcf": 7056000,
      "ocf": 7765000,
      "capex": -709000,
      "gross_margin": 0.30492614457536193,
      "op_margin": 0.09357470053646229,
      "fcf_margin": 0.05761458001616736,
      "incr_op_margin_yoy": 0.06231454005934718,
      "rev_growth_yoy": 0.2688458350600912,
      "rev_growth_yoy_accel": 0.10978590018633833,
      "op_leverage_ratio": 0.5042945955295688,
      "fcf_margin_change": -0.0341007058648128
    },
    {
      "date": "2025-11-30T00:00:00",
      "quarter_label": "2025-11 (Q4)",
      "revenue": 110953000,
      "gross_profit": 34355000,
      "operating_income": 12509000,
      "net_income": 9320000,
      "opex": 21846000,
      "cogs": 76598000,
      "rd": null,
      "sga": 21846000,
      "fcf": -1761000,
      "ocf": -584000,
      "capex": -1177000,
      "gross_margin": 0.30963561147512914,
      "op_margin": 0.11274143105639325,
      "fcf_margin": -0.01587158526583328,
      "incr_op_margin_yoy": 0.2152292608465919,
      "rev_growth_yoy": 0.18135647359454854,
      "rev_growth_yoy_accel": -0.08748936146554265,
      "fcf_margin_change": -0.07348616528200064
    }
  ],
  "signals": [
    {
      "quarter": "2025-11 (Q4)",
      "signal": "YoY REVENUE GROWTH DECELERATION",
      "detail": "YoY growth: +18.1% vs prior quarter YoY: +26.9% (decel: -8.7%)",
      "severity": "WARNING"
    },
    {
      "quarter": "2025-11 (Q4)",
      "signal": "INCREMENTAL MARGIN (YoY)",
      "detail": "YoY Incr OPM: +21.5% vs year-ago OPM: +9.4%",
      "severity": "MEDIUM"
    },
    {
      "quarter": "2025-08 (Q3)",
      "signal": "YoY REVENUE GROWTH ACCELERATION",
      "detail": "YoY growth: +26.9% vs prior quarter YoY: +15.9% (accel: +11.0%)",
      "severity": "MEDIUM"
    },
    {
      "quarter": "2025-05 (Q2)",
      "signal": "FCF TURNED POSITIVE",
      "detail": "FCF margin: -3.3% -> +9.2%",
      "severity": "HIGH"
    },
    {
      "quarter": "2025-05 (Q2)",
      "signal": "OPERATING LEVERAGE",
      "detail": "Rev growth +11.3% vs OpEx growth +5.9% (leverage: 1.9x)",
      "severity": "MEDIUM"
    },
    {
      "quarter": "2025-05 (Q2)",
      "signal": "INCREMENTAL MARGIN (YoY)",
      "detail": "YoY Incr OPM: +70.8% vs year-ago OPM: +1.7%",
      "severity": "HIGH"
    },
    {
      "quarter": "2024-11 (Q4)",
      "signal": "INCREMENTAL MARGIN (YoY)",
      "detail": "YoY Incr OPM: +46.8% vs year-ago OPM: +3.1%",
      "severity": "HIGH"
    },
    {
      "quarter": "2024-08 (Q3)",
      "signal": "FCF MARGIN EXPANSION",
      "detail": "FCF margin: +3.8% -> +9.9% (+6.2%)",
      "severity": "MEDIUM"
    },
    {
      "quarter": "2024-08 (Q3)",
      "signal": "YoY REVENUE GROWTH DECELERATION",
      "detail": "YoY growth: +12.4% vs prior quarter YoY: +19.8% (decel: -7.4%)",
      "severity": "WARNING"
    },
    {
      "quarter": "2024-05 (Q2)",
      "signal": "FCF TURNED POSITIVE",
      "detail": "FCF margin: -0.4% -> +3.8%",
      "severity": "HIGH"
    },
    {
      "quarter": "2024-05 (Q2)",
      "signal": "YoY REVENUE GROWTH ACCELERATION",
      "detail": "YoY growth: +19.8% vs prior quarter YoY: +8.3% (accel: +11.4%)",
      "severity": "MEDIUM"
    },
    {
      "quarter": "2024-02 (Q1)",
      "signal": "FCF MARGIN EXPANSION",
      "detail": "FCF margin: -39.1% -> -0.4% (+38.7%)",
      "severity": "MEDIUM"
    },
    {
      "quarter": "2023-05 (Q2)",
      "signal": "YoY REVENUE GROWTH DECELERATION",
      "detail": "YoY growth: +3.2% vs prior quarter YoY: +15.5% (decel: -12.4%)",
      "severity": "WARNING"
    },
    {
      "quarter": "2023-02 (Q1)",
      "signal": "INCREMENTAL MARGIN (YoY)",
      "detail": "YoY Incr OPM: +19.1% vs year-ago OPM: +7.0%",
      "severity": "MEDIUM"
    },
    {
      "quarter": "2022-11 (Q4)",
      "signal": "YoY REVENUE GROWTH DECELERATION",
      "detail": "YoY growth: +19.6% vs prior quarter YoY: +27.6% (decel: -8.0%)",
      "severity": "WARNING"
    },
    {
      "quarter": "2022-08 (Q3)",
      "signal": "FCF TURNED POSITIVE",
      "detail": "FCF margin: -0.1% -> +13.8%",
      "severity": "HIGH"
    },
    {
      "quarter": "2022-08 (Q3)",
      "signal": "INCREMENTAL MARGIN (YoY)",
      "detail": "YoY Incr OPM: +22.6% vs year-ago OPM: +6.7%",
      "severity": "MEDIUM"
    },
    {
      "quarter": "2022-05 (Q2)",
      "signal": "OPERATING LEVERAGE",
      "detail": "Rev growth +16.8% vs OpEx growth +8.2% (leverage: 2.0x)",
      "severity": "MEDIUM"
    },
    {
      "quarter": "2022-05 (Q2)",
      "signal": "INCREMENTAL MARGIN (YoY)",
      "detail": "YoY Incr OPM: +19.8% vs year-ago OPM: +6.5%",
      "severity": "MEDIUM"
    },
    {
      "quarter": "2022-02 (Q1)",
      "signal": "INCREMENTAL MARGIN (YoY)",
      "detail": "YoY Incr OPM: +20.3% vs year-ago OPM: +4.5%",
      "severity": "MEDIUM"
    },
    {
      "quarter": "2021-11 (Q4)",
      "signal": "GROSS MARGIN INFLECTION",
      "detail": "GM: +26.9% -> +21.9% -> +28.5% (reversal +6.6%)",
      "severity": "HIGH"
    },
    {
      "quarter": "2021-05 (Q2)",
      "signal": "FCF TURNED POSITIVE",
      "detail": "FCF margin: -0.8% -> +3.8%",
      "severity": "HIGH"
    },
    {
      "quarter": "2021-05 (Q2)",
      "signal": "OPERATING LEVERAGE",
      "detail": "Rev growth +12.4% vs OpEx growth +2.1% (leverage: 6.0x)",
      "severity": "MEDIUM"
    }
  ],
  "data_quality": {
    "n_quarters": 20,
    "coverage": {
      "revenue": [
        20,
        20
      ],
      "gross_profit": [
        20,
        20
      ],
      "op_income": [
        20,
        20
      ],
      "fcf": [
        20,
        20
      ]
    },
    "gaps": [],
    "warnings": []
  },
  "market_cap": null,
  "source": "SEC EDGAR",
  "last_updated": "2026-02-02T22:32:20.896769",
  "sector": "Technology",
  "industry": "Electronics & Computer Distribution"
}