{
  "ticker": "EAF",
  "name": "GRAFTECH INTERNATIONAL LTD.",
  "quarters": [
    {
      "date": "2020-12-31T00:00:00",
      "quarter_label": "2020-12 (Q4)",
      "revenue": 338010000,
      "gross_profit": 175525000,
      "operating_income": 155704000,
      "net_income": 125096000,
      "opex": 19821000,
      "cogs": 162485000,
      "rd": 1903000,
      "sga": 17918000,
      "fcf": 141594000,
      "ocf": 146981000,
      "capex": -5387000,
      "gross_margin": 0.5192893701369782,
      "op_margin": 0.460649093222094,
      "fcf_margin": 0.41890476613117955
    },
    {
      "date": "2021-03-31T00:00:00",
      "quarter_label": "2021-03 (Q1)",
      "revenue": 304397000,
      "gross_profit": 158001000,
      "operating_income": 136879000,
      "net_income": 98799000,
      "opex": 21122000,
      "cogs": 146396000,
      "rd": 969000,
      "sga": 20153000,
      "fcf": 108251000,
      "ocf": 122425000,
      "capex": -14174000,
      "gross_margin": 0.5190622772234943,
      "op_margin": 0.44967263146483044,
      "fcf_margin": 0.3556243984007727,
      "fcf_margin_change": -0.06328036773040685
    },
    {
      "date": "2021-06-30T00:00:00",
      "quarter_label": "2021-06 (Q2)",
      "revenue": 330750000,
      "gross_profit": 128883000,
      "operating_income": 52082000,
      "net_income": 28165000,
      "opex": 76801000,
      "cogs": 201867000,
      "rd": 1018000,
      "sga": 75783000,
      "fcf": 74452000,
      "ocf": 86330000,
      "capex": -11878000,
      "gross_margin": 0.3896689342403628,
      "op_margin": 0.1574663643235072,
      "fcf_margin": 0.2251005291005291,
      "op_leverage_ratio": 0.03284228047698537,
      "fcf_margin_change": -0.1305238693002436
    },
    {
      "date": "2021-09-30T00:00:00",
      "quarter_label": "2021-09 (Q3)",
      "revenue": 347348000,
      "gross_profit": 177062000,
      "operating_income": 157073000,
      "net_income": 119886000,
      "opex": 19989000,
      "cogs": 170286000,
      "rd": 983000,
      "sga": 19006000,
      "fcf": 119882000,
      "ocf": 134256000,
      "capex": -14374000,
      "gross_margin": 0.5097539067448208,
      "op_margin": 0.4522064327418036,
      "fcf_margin": 0.34513513824752123,
      "op_leverage_ratio": Infinity,
      "fcf_margin_change": 0.12003460914699213
    },
    {
      "date": "2021-12-31T00:00:00",
      "quarter_label": "2021-12 (Q4)",
      "revenue": 363293000,
      "gross_profit": 180507000,
      "operating_income": 162040000,
      "net_income": 141480000,
      "opex": 18467000,
      "cogs": 182786000,
      "rd": 801000,
      "sga": 17666000,
      "fcf": 82198000,
      "ocf": 100029000,
      "capex": -17831000,
      "gross_margin": 0.4968634132779877,
      "op_margin": 0.4460311649274828,
      "fcf_margin": 0.22625814425271062,
      "incr_op_margin_yoy": 0.25060317209191946,
      "rev_growth_yoy": 0.07479956214313185,
      "op_leverage_ratio": Infinity,
      "fcf_margin_change": -0.11887699399481061
    },
    {
      "date": "2022-03-31T00:00:00",
      "quarter_label": "2022-03 (Q1)",
      "revenue": 366245000,
      "gross_profit": 175031000,
      "operating_income": 152897000,
      "net_income": 124183000,
      "opex": 22134000,
      "cogs": 191214000,
      "rd": 880000,
      "sga": 21254000,
      "fcf": 129461000,
      "ocf": 146316000,
      "capex": -16855000,
      "gross_margin": 0.4779068656227389,
      "op_margin": 0.4174719108793294,
      "fcf_margin": 0.3534819587980723,
      "incr_op_margin_yoy": 0.2589897813995602,
      "rev_growth_yoy": 0.20318202873221483,
      "rev_growth_yoy_accel": 0.12838246658908298,
      "fcf_margin_change": 0.1272238145453617
    },
    {
      "date": "2022-06-30T00:00:00",
      "quarter_label": "2022-06 (Q2)",
      "revenue": 363646000,
      "gross_profit": 162150000,
      "operating_income": 143397000,
      "net_income": 114997000,
      "opex": 18753000,
      "cogs": 201496000,
      "rd": 723000,
      "sga": 18030000,
      "fcf": 47630000,
      "ocf": 60123000,
      "capex": -12493000,
      "gross_margin": 0.44590068363188373,
      "op_margin": 0.39433130022054413,
      "fcf_margin": 0.13097902905573003,
      "incr_op_margin_yoy": 2.775869406614786,
      "rev_growth_yoy": 0.09945880574452003,
      "rev_growth_yoy_accel": -0.1037232229876948,
      "fcf_margin_change": -0.2225029297423423
    },
    {
      "date": "2022-09-30T00:00:00",
      "quarter_label": "2022-09 (Q3)",
      "revenue": 303840000,
      "gross_profit": 133669000,
      "operating_income": 114077000,
      "net_income": 93451000,
      "opex": 19592000,
      "cogs": 170171000,
      "rd": 1014000,
      "sga": 18578000,
      "fcf": 52233000,
      "ocf": 68166000,
      "capex": -15933000,
      "gross_margin": 0.43993220115850445,
      "op_margin": 0.37545089520800423,
      "fcf_margin": 0.17190955766192734,
      "incr_op_margin_yoy": 0.9882320492782937,
      "rev_growth_yoy": -0.12525766666282806,
      "rev_growth_yoy_accel": -0.2247164724073481,
      "fcf_margin_change": 0.04093052860619731
    },
    {
      "date": "2022-12-31T00:00:00",
      "quarter_label": "2022-12 (Q4)",
      "revenue": 247519000,
      "gross_profit": 84027000,
      "operating_income": 63888000,
      "net_income": 50331000,
      "opex": 20139000,
      "cogs": 163492000,
      "rd": 1024000,
      "sga": 19115000,
      "fcf": 23139000,
      "ocf": 50023000,
      "capex": -26884000,
      "gross_margin": 0.3394769694447699,
      "op_margin": 0.2581135185581713,
      "fcf_margin": 0.09348373256194474,
      "incr_op_margin_yoy": 0.8477896591635428,
      "rev_growth_yoy": -0.31867941303575903,
      "rev_growth_yoy_accel": -0.19342174637293097,
      "fcf_margin_change": -0.0784258250999826
    },
    {
      "date": "2023-03-31T00:00:00",
      "quarter_label": "2023-03 (Q1)",
      "revenue": 138802000,
      "gross_profit": 26157000,
      "operating_income": 2814000,
      "net_income": -7369000,
      "opex": 23343000,
      "cogs": 112645000,
      "rd": 1192000,
      "sga": 22151000,
      "fcf": -473000,
      "ocf": 24798000,
      "capex": -25271000,
      "gross_margin": 0.18844829325225862,
      "op_margin": 0.020273483091021744,
      "fcf_margin": -0.00340773187706229,
      "incr_op_margin_yoy": 0.6598708247780762,
      "rev_growth_yoy": -0.6210132561536676,
      "rev_growth_yoy_accel": -0.3023338431179086,
      "fcf_margin_change": -0.09689146443900704
    },
    {
      "date": "2023-06-30T00:00:00",
      "quarter_label": "2023-06 (Q2)",
      "revenue": 185561000,
      "gross_profit": 28345000,
      "operating_income": 8598000,
      "net_income": -7851000,
      "opex": 19747000,
      "cogs": 157216000,
      "rd": 1196000,
      "sga": 18551000,
      "fcf": -23542000,
      "ocf": -9024000,
      "capex": -14518000,
      "gross_margin": 0.15275300305559897,
      "op_margin": 0.046335167411255596,
      "fcf_margin": -0.12686933137889966,
      "incr_op_margin_yoy": 0.7569362944661258,
      "rev_growth_yoy": -0.48972077239953143,
      "rev_growth_yoy_accel": 0.1312924837541362,
      "op_leverage_ratio": Infinity,
      "fcf_margin_change": -0.12346159950183737
    },
    {
      "date": "2023-09-30T00:00:00",
      "quarter_label": "2023-09 (Q3)",
      "revenue": 158992000,
      "gross_profit": 1389000,
      "operating_income": -18137000,
      "net_income": -22621000,
      "opex": 19526000,
      "cogs": 157603000,
      "rd": 1295000,
      "sga": 18231000,
      "fcf": 42997000,
      "ocf": 51495000,
      "capex": -8498000,
      "gross_margin": 0.00873628861829526,
      "op_margin": -0.11407492200865452,
      "fcf_margin": 0.27043499043977054,
      "incr_op_margin_yoy": 0.9127775323097316,
      "rev_growth_yoy": -0.4767245918904687,
      "rev_growth_yoy_accel": 0.01299618050906276,
      "fcf_margin_change": 0.3973043218186702
    },
    {
      "date": "2023-12-31T00:00:00",
      "quarter_label": "2023-12 (Q4)",
      "revenue": 137145000,
      "gross_profit": -19679000,
      "operating_income": -207712000,
      "net_income": -217409000,
      "opex": 188033000,
      "cogs": null,
      "rd": 1837000,
      "sga": 15079000,
      "fcf": 3539000,
      "ocf": 9292000,
      "capex": -5753000,
      "gross_margin": -0.14349046629479748,
      "op_margin": -1.5145430019322614,
      "fcf_margin": 0.025804805133253127,
      "incr_op_margin_yoy": 2.4607244459745954,
      "rev_growth_yoy": -0.4459213232115514,
      "rev_growth_yoy_accel": 0.03080326867891725,
      "fcf_margin_change": -0.24463018530651742
    },
    {
      "date": "2024-03-31T00:00:00",
      "quarter_label": "2024-03 (Q1)",
      "revenue": 136584000,
      "gross_profit": -1312000,
      "operating_income": -21361000,
      "net_income": -30869000,
      "opex": 20049000,
      "cogs": null,
      "rd": 1627000,
      "sga": 15277000,
      "fcf": -11041000,
      "ocf": -530000,
      "capex": -10511000,
      "gross_margin": -0.009605810343817724,
      "op_margin": -0.15639459966028232,
      "fcf_margin": -0.0808367012241551,
      "incr_op_margin_yoy": 10.899458972046888,
      "rev_growth_yoy": -0.015979596835780464,
      "rev_growth_yoy_accel": 0.42994172637577094,
      "fcf_margin_change": -0.10664150635740823
    },
    {
      "date": "2024-06-30T00:00:00",
      "quarter_label": "2024-06 (Q2)",
      "revenue": 137327000,
      "gross_profit": 3976000,
      "operating_income": -2679000,
      "net_income": -14752000,
      "opex": 6655000,
      "cogs": null,
      "rd": 1447000,
      "sga": 5098000,
      "fcf": -43834000,
      "ocf": -36855000,
      "capex": -6979000,
      "gross_margin": 0.028952791512229934,
      "op_margin": -0.019508181202531186,
      "fcf_margin": -0.31919433177743634,
      "incr_op_margin_yoy": 0.2337977360368205,
      "rev_growth_yoy": -0.25993608570766485,
      "rev_growth_yoy_accel": -0.2439564888718844,
      "fcf_margin_change": -0.23835763055328124
    },
    {
      "date": "2024-09-30T00:00:00",
      "quarter_label": "2024-09 (Q3)",
      "revenue": 130654000,
      "gross_profit": -12074000,
      "operating_income": -26280000,
      "net_income": -36068000,
      "opex": 14206000,
      "cogs": null,
      "rd": 1245000,
      "sga": 13060000,
      "fcf": 19682000,
      "ocf": 23709000,
      "capex": -4027000,
      "gross_margin": -0.0924120195325057,
      "op_margin": -0.2011419474336798,
      "fcf_margin": 0.15064215408636553,
      "incr_op_margin_yoy": 0.287352671324723,
      "rev_growth_yoy": -0.17823538291234778,
      "rev_growth_yoy_accel": 0.08170070279531708,
      "fcf_margin_change": 0.4698364858638019
    },
    {
      "date": "2024-12-31T00:00:00",
      "quarter_label": "2024-12 (Q4)",
      "revenue": 134217000,
      "gross_profit": -10443000,
      "operating_income": -24905000,
      "net_income": -49476000,
      "opex": 14462000,
      "cogs": null,
      "rd": 1387000,
      "sga": 13075000,
      "fcf": -39209000,
      "ocf": -26417000,
      "capex": -12792000,
      "gross_margin": -0.0778068351997139,
      "op_margin": -0.18555771623564823,
      "fcf_margin": -0.29213139915211933,
      "incr_op_margin_yoy": -62.43408469945355,
      "rev_growth_yoy": -0.021349666411462322,
      "rev_growth_yoy_accel": 0.15688571650088545,
      "op_leverage_ratio": 1.513299738718294,
      "fcf_margin_change": -0.4427735532384849
    },
    {
      "date": "2025-03-31T00:00:00",
      "quarter_label": "2025-03 (Q1)",
      "revenue": 111839000,
      "gross_profit": -1709000,
      "operating_income": -18210000,
      "net_income": -39351000,
      "opex": 16501000,
      "cogs": null,
      "rd": 1879000,
      "sga": 14622000,
      "fcf": -42467000,
      "ocf": -32186000,
      "capex": -10281000,
      "gross_margin": -0.01528089485778664,
      "op_margin": -0.16282334427167625,
      "fcf_margin": -0.3797154838651991,
      "incr_op_margin_yoy": -0.12733885633461306,
      "rev_growth_yoy": -0.18117056170561704,
      "rev_growth_yoy_accel": -0.15982089529415472,
      "fcf_margin_change": -0.08758408471307977
    },
    {
      "date": "2025-06-30T00:00:00",
      "quarter_label": "2025-06 (Q2)",
      "revenue": 131840000,
      "gross_profit": 62000,
      "operating_income": -14553000,
      "net_income": -86886000,
      "opex": 14615000,
      "cogs": null,
      "rd": 1348000,
      "sga": 13267000,
      "fcf": -57145000,
      "ocf": -53236000,
      "capex": -3909000,
      "gross_margin": 0.00047026699029126213,
      "op_margin": -0.11038379854368932,
      "fcf_margin": -0.4334420509708738,
      "incr_op_margin_yoy": 2.164024056861673,
      "rev_growth_yoy": -0.03995572611358291,
      "rev_growth_yoy_accel": 0.14121483559203413,
      "op_leverage_ratio": Infinity,
      "fcf_margin_change": -0.053726567105674694
    },
    {
      "date": "2025-09-30T00:00:00",
      "quarter_label": "2025-09 (Q3)",
      "revenue": 143998000,
      "gross_profit": 10307000,
      "operating_income": -5116000,
      "net_income": -28482000,
      "opex": 15423000,
      "cogs": null,
      "rd": 1639000,
      "sga": 13784000,
      "fcf": 18376000,
      "ocf": 24700000,
      "capex": -6324000,
      "gross_margin": 0.0715773830192086,
      "op_margin": -0.03552827122598925,
      "fcf_margin": 0.127612883512271,
      "incr_op_margin_yoy": 1.586031175059952,
      "rev_growth_yoy": 0.1021323495644986,
      "rev_growth_yoy_accel": 0.14208807567808152,
      "op_leverage_ratio": 1.6680244167848217,
      "fcf_margin_change": 0.5610549344831448
    }
  ],
  "signals": [
    {
      "quarter": "2025-09 (Q3)",
      "signal": "FCF TURNED POSITIVE",
      "detail": "FCF margin: -43.3% -> +12.8%",
      "severity": "HIGH"
    },
    {
      "quarter": "2025-09 (Q3)",
      "signal": "OPERATING LEVERAGE",
      "detail": "Rev growth +9.2% vs OpEx growth +5.5% (leverage: 1.7x)",
      "severity": "MEDIUM"
    },
    {
      "quarter": "2025-09 (Q3)",
      "signal": "YoY REVENUE GROWTH ACCELERATION",
      "detail": "YoY growth: +10.2% vs prior quarter YoY: -4.0% (accel: +14.2%)",
      "severity": "MEDIUM"
    },
    {
      "quarter": "2025-06 (Q2)",
      "signal": "YoY REVENUE GROWTH ACCELERATION",
      "detail": "YoY growth: -4.0% vs prior quarter YoY: -18.1% (accel: +14.1%)",
      "severity": "MEDIUM"
    },
    {
      "quarter": "2025-03 (Q1)",
      "signal": "YoY REVENUE GROWTH DECELERATION",
      "detail": "YoY growth: -18.1% vs prior quarter YoY: -2.1% (decel: -16.0%)",
      "severity": "WARNING"
    },
    {
      "quarter": "2024-12 (Q4)",
      "signal": "OPERATING LEVERAGE",
      "detail": "Rev growth +2.7% vs OpEx growth +1.8% (leverage: 1.5x)",
      "severity": "MEDIUM"
    },
    {
      "quarter": "2024-12 (Q4)",
      "signal": "YoY REVENUE GROWTH ACCELERATION",
      "detail": "YoY growth: -2.1% vs prior quarter YoY: -17.8% (accel: +15.7%)",
      "severity": "HIGH"
    },
    {
      "quarter": "2024-09 (Q3)",
      "signal": "FCF TURNED POSITIVE",
      "detail": "FCF margin: -31.9% -> +15.1%",
      "severity": "HIGH"
    },
    {
      "quarter": "2024-09 (Q3)",
      "signal": "YoY REVENUE GROWTH ACCELERATION",
      "detail": "YoY growth: -17.8% vs prior quarter YoY: -26.0% (accel: +8.2%)",
      "severity": "MEDIUM"
    },
    {
      "quarter": "2024-06 (Q2)",
      "signal": "YoY REVENUE GROWTH DECELERATION",
      "detail": "YoY growth: -26.0% vs prior quarter YoY: -1.6% (decel: -24.4%)",
      "severity": "WARNING"
    },
    {
      "quarter": "2024-03 (Q1)",
      "signal": "GROSS MARGIN INFLECTION",
      "detail": "GM: +0.9% -> -14.3% -> -1.0% (reversal +13.4%)",
      "severity": "HIGH"
    },
    {
      "quarter": "2024-03 (Q1)",
      "signal": "YoY REVENUE GROWTH ACCELERATION",
      "detail": "YoY growth: -1.6% vs prior quarter YoY: -44.6% (accel: +43.0%)",
      "severity": "HIGH"
    },
    {
      "quarter": "2023-09 (Q3)",
      "signal": "FCF TURNED POSITIVE",
      "detail": "FCF margin: -12.7% -> +27.0%",
      "severity": "HIGH"
    },
    {
      "quarter": "2023-06 (Q2)",
      "signal": "YoY REVENUE GROWTH ACCELERATION",
      "detail": "YoY growth: -49.0% vs prior quarter YoY: -62.1% (accel: +13.1%)",
      "severity": "MEDIUM"
    },
    {
      "quarter": "2023-06 (Q2)",
      "signal": "INCREMENTAL MARGIN (YoY)",
      "detail": "YoY Incr OPM: +75.7% vs year-ago OPM: +39.4%",
      "severity": "HIGH"
    },
    {
      "quarter": "2023-03 (Q1)",
      "signal": "YoY REVENUE GROWTH DECELERATION",
      "detail": "YoY growth: -62.1% vs prior quarter YoY: -31.9% (decel: -30.2%)",
      "severity": "WARNING"
    },
    {
      "quarter": "2023-03 (Q1)",
      "signal": "INCREMENTAL MARGIN (YoY)",
      "detail": "YoY Incr OPM: +66.0% vs year-ago OPM: +41.7%",
      "severity": "HIGH"
    },
    {
      "quarter": "2022-12 (Q4)",
      "signal": "YoY REVENUE GROWTH DECELERATION",
      "detail": "YoY growth: -31.9% vs prior quarter YoY: -12.5% (decel: -19.3%)",
      "severity": "WARNING"
    },
    {
      "quarter": "2022-12 (Q4)",
      "signal": "INCREMENTAL MARGIN (YoY)",
      "detail": "YoY Incr OPM: +84.8% vs year-ago OPM: +44.6%",
      "severity": "HIGH"
    },
    {
      "quarter": "2022-09 (Q3)",
      "signal": "YoY REVENUE GROWTH DECELERATION",
      "detail": "YoY growth: -12.5% vs prior quarter YoY: +9.9% (decel: -22.5%)",
      "severity": "WARNING"
    },
    {
      "quarter": "2022-09 (Q3)",
      "signal": "INCREMENTAL MARGIN (YoY)",
      "detail": "YoY Incr OPM: +98.8% vs year-ago OPM: +45.2%",
      "severity": "HIGH"
    },
    {
      "quarter": "2022-06 (Q2)",
      "signal": "YoY REVENUE GROWTH DECELERATION",
      "detail": "YoY growth: +9.9% vs prior quarter YoY: +20.3% (decel: -10.4%)",
      "severity": "WARNING"
    },
    {
      "quarter": "2022-06 (Q2)",
      "signal": "INCREMENTAL MARGIN (YoY)",
      "detail": "YoY Incr OPM: +277.6% vs year-ago OPM: +15.7%",
      "severity": "HIGH"
    },
    {
      "quarter": "2022-03 (Q1)",
      "signal": "FCF MARGIN EXPANSION",
      "detail": "FCF margin: +22.6% -> +35.3% (+12.7%)",
      "severity": "MEDIUM"
    },
    {
      "quarter": "2022-03 (Q1)",
      "signal": "YoY REVENUE GROWTH ACCELERATION",
      "detail": "YoY growth: +20.3% vs prior quarter YoY: +7.5% (accel: +12.8%)",
      "severity": "MEDIUM"
    },
    {
      "quarter": "2021-09 (Q3)",
      "signal": "FCF MARGIN EXPANSION",
      "detail": "FCF margin: +22.5% -> +34.5% (+12.0%)",
      "severity": "MEDIUM"
    },
    {
      "quarter": "2021-09 (Q3)",
      "signal": "GROSS MARGIN INFLECTION",
      "detail": "GM: +51.9% -> +39.0% -> +51.0% (reversal +12.0%)",
      "severity": "HIGH"
    }
  ],
  "data_quality": {
    "n_quarters": 20,
    "coverage": {
      "revenue": [
        20,
        20
      ],
      "gross_profit": [
        20,
        20
      ],
      "op_income": [
        20,
        20
      ],
      "fcf": [
        20,
        20
      ]
    },
    "gaps": [],
    "warnings": []
  },
  "market_cap": null,
  "source": "SEC EDGAR",
  "last_updated": "2026-02-02T22:32:01.421081",
  "sector": "Industrials",
  "industry": "Electrical Equipment & Parts"
}