{
  "ticker": "EAT",
  "name": "BRINKER INTERNATIONAL, INC.",
  "quarters": [
    {
      "date": "2021-03-24T00:00:00",
      "quarter_label": "2021-03 (Q1)",
      "revenue": 828400000,
      "gross_profit": 614500000,
      "operating_income": 52200000,
      "net_income": 33900000,
      "opex": 776200000,
      "cogs": 213900000,
      "rd": null,
      "sga": null,
      "fcf": 113300000,
      "ocf": 138600000,
      "capex": -25300000,
      "gross_margin": 0.7417914051183003,
      "op_margin": 0.06301303718010623,
      "fcf_margin": 0.13676967648478996
    },
    {
      "date": "2021-06-30T00:00:00",
      "quarter_label": "2021-06 (Q2)",
      "revenue": 1008600000,
      "gross_profit": 747100000,
      "operating_income": 100600000,
      "net_income": 75000000,
      "opex": 908000000,
      "cogs": 261500000,
      "rd": null,
      "sga": null,
      "fcf": 69500000,
      "ocf": 101100000,
      "capex": -31600000,
      "gross_margin": 0.7407297243704144,
      "op_margin": 0.09974221693436447,
      "fcf_margin": 0.06890739639103709,
      "op_leverage_ratio": 1.2810701874062584,
      "fcf_margin_change": -0.06786228009375288
    },
    {
      "date": "2021-09-29T00:00:00",
      "quarter_label": "2021-09 (Q3)",
      "revenue": 876400000,
      "gross_profit": 642100000,
      "operating_income": 25600000,
      "net_income": 13200000,
      "opex": 850800000,
      "cogs": 234300000,
      "rd": null,
      "sga": null,
      "fcf": 2900000,
      "ocf": 40200000,
      "capex": -37300000,
      "gross_margin": 0.7326563213144682,
      "op_margin": 0.02921040620721132,
      "fcf_margin": 0.0033089913281606573,
      "fcf_margin_change": -0.06559840506287642
    },
    {
      "date": "2021-12-29T00:00:00",
      "quarter_label": "2021-12 (Q4)",
      "revenue": 925800000,
      "gross_profit": 673000000,
      "operating_income": 39800000,
      "net_income": 27600000,
      "opex": 886000000,
      "cogs": 252800000,
      "rd": null,
      "sga": null,
      "fcf": 30400000,
      "ocf": 67200000,
      "capex": -36800000,
      "gross_margin": 0.7269388636854612,
      "op_margin": 0.0429898466191402,
      "fcf_margin": 0.03283646575934327,
      "op_leverage_ratio": 1.3624149412887432,
      "fcf_margin_change": 0.029527474431182615
    },
    {
      "date": "2022-03-30T00:00:00",
      "quarter_label": "2022-03 (Q1)",
      "revenue": 980400000,
      "gross_profit": 710100000,
      "operating_income": 49400000,
      "net_income": 36600000,
      "opex": 931000000,
      "cogs": 270300000,
      "rd": null,
      "sga": null,
      "fcf": 69300000,
      "ocf": 104200000,
      "capex": -34900000,
      "gross_margin": 0.7242962056303549,
      "op_margin": 0.050387596899224806,
      "fcf_margin": 0.07068543451652387,
      "incr_op_margin_yoy": -0.018421052631578946,
      "rev_growth_yoy": 0.1834862385321101,
      "op_leverage_ratio": 1.1611723194354433,
      "fcf_margin_change": 0.0378489687571806
    },
    {
      "date": "2022-06-29T00:00:00",
      "quarter_label": "2022-06 (Q2)",
      "revenue": 1021500000,
      "gross_profit": 730400000,
      "operating_income": 44700000,
      "net_income": 40200000,
      "opex": 976800000,
      "cogs": 291100000,
      "rd": null,
      "sga": null,
      "fcf": -700000,
      "ocf": 40600000,
      "capex": -41300000,
      "gross_margin": 0.7150269211943221,
      "op_margin": 0.04375917767988253,
      "fcf_margin": -0.0006852667645619188,
      "incr_op_margin_yoy": -4.333333333333333,
      "rev_growth_yoy": 0.012790005948839975,
      "rev_growth_yoy_accel": -0.17069623258327013,
      "op_leverage_ratio": 0.8521630953589926,
      "fcf_margin_change": -0.07137070128108579
    },
    {
      "date": "2022-09-28T00:00:00",
      "quarter_label": "2022-09 (Q3)",
      "revenue": 955500000,
      "gross_profit": 666000000,
      "operating_income": -19800000,
      "net_income": -30200000,
      "opex": 975300000,
      "cogs": 289500000,
      "rd": null,
      "sga": null,
      "fcf": -22100000,
      "ocf": 24600000,
      "capex": -46700000,
      "gross_margin": 0.6970172684458399,
      "op_margin": -0.020722135007849293,
      "fcf_margin": -0.02312925170068027,
      "incr_op_margin_yoy": -0.5739570164348925,
      "rev_growth_yoy": 0.0902555910543131,
      "rev_growth_yoy_accel": 0.07746558510547313,
      "fcf_margin_change": -0.022443984936118353
    },
    {
      "date": "2022-12-28T00:00:00",
      "quarter_label": "2022-12 (Q4)",
      "revenue": 1019000000,
      "gross_profit": 729600000,
      "operating_income": 40700000,
      "net_income": 27900000,
      "opex": 978300000,
      "cogs": 289400000,
      "rd": null,
      "sga": null,
      "fcf": -5200000,
      "ocf": 43400000,
      "capex": -48600000,
      "gross_margin": 0.7159960745829245,
      "op_margin": 0.039941118743866535,
      "fcf_margin": -0.005103042198233563,
      "incr_op_margin_yoy": 0.009656652360515022,
      "rev_growth_yoy": 0.10066969107798661,
      "rev_growth_yoy_accel": 0.010414100023673503,
      "op_leverage_ratio": 21.605285190999474,
      "fcf_margin_change": 0.018026209502446707
    },
    {
      "date": "2023-03-29T00:00:00",
      "quarter_label": "2023-03 (Q1)",
      "revenue": 1083200000,
      "gross_profit": 795700000,
      "operating_income": 64200000,
      "net_income": 50700000,
      "opex": 1019000000,
      "cogs": 287500000,
      "rd": null,
      "sga": null,
      "fcf": 91500000,
      "ocf": 132800000,
      "capex": -41300000,
      "gross_margin": 0.734582717872969,
      "op_margin": 0.05926883308714919,
      "fcf_margin": 0.08447193500738552,
      "incr_op_margin_yoy": 0.14396887159533073,
      "rev_growth_yoy": 0.10485516115871073,
      "rev_growth_yoy_accel": 0.0041854700807241185,
      "op_leverage_ratio": 1.5143926333327706,
      "fcf_margin_change": 0.08957497720561908
    },
    {
      "date": "2023-06-28T00:00:00",
      "quarter_label": "2023-06 (Q2)",
      "revenue": 1075500000,
      "gross_profit": 795600000,
      "operating_income": 59300000,
      "net_income": 54200000,
      "opex": 1016200000,
      "cogs": 279900000,
      "rd": null,
      "sga": null,
      "fcf": 7200000,
      "ocf": 55500000,
      "capex": -48300000,
      "gross_margin": 0.7397489539748954,
      "op_margin": 0.05513714551371455,
      "fcf_margin": 0.0066945606694560665,
      "incr_op_margin_yoy": 0.27037037037037037,
      "rev_growth_yoy": 0.05286343612334802,
      "rev_growth_yoy_accel": -0.05199172503536271,
      "fcf_margin_change": -0.07777737433792946
    },
    {
      "date": "2023-09-27T00:00:00",
      "quarter_label": "2023-09 (Q3)",
      "revenue": 1012500000,
      "gross_profit": 753700000,
      "operating_income": 24200000,
      "net_income": 7200000,
      "opex": 988300000,
      "cogs": 258800000,
      "rd": null,
      "sga": null,
      "fcf": 12200000,
      "ocf": 59100000,
      "capex": -46900000,
      "gross_margin": 0.7443950617283951,
      "op_margin": 0.023901234567901233,
      "fcf_margin": 0.012049382716049382,
      "incr_op_margin_yoy": 0.7719298245614035,
      "rev_growth_yoy": 0.059654631083202514,
      "rev_growth_yoy_accel": 0.006791194959854495,
      "fcf_margin_change": 0.0053548220465933155
    },
    {
      "date": "2023-12-27T00:00:00",
      "quarter_label": "2023-12 (Q4)",
      "revenue": 1074100000,
      "gross_profit": 801000000,
      "operating_income": 62400000,
      "net_income": 42100000,
      "opex": 1011700000,
      "cogs": 273100000,
      "rd": null,
      "sga": null,
      "fcf": 48600000,
      "ocf": 91200000,
      "capex": -42600000,
      "gross_margin": 0.7457406200539987,
      "op_margin": 0.05809514942742761,
      "fcf_margin": 0.04524718368866958,
      "incr_op_margin_yoy": 0.3938294010889292,
      "rev_growth_yoy": 0.05407262021589794,
      "rev_growth_yoy_accel": -0.005582010867304574,
      "op_leverage_ratio": 2.5695591431887728,
      "fcf_margin_change": 0.0331978009726202
    },
    {
      "date": "2024-03-27T00:00:00",
      "quarter_label": "2024-03 (Q1)",
      "revenue": 1120300000,
      "gross_profit": 842500000,
      "operating_income": 69900000,
      "net_income": 48700000,
      "opex": 1050400000,
      "cogs": 277800000,
      "rd": null,
      "sga": null,
      "fcf": 78700000,
      "ocf": 130100000,
      "capex": -51400000,
      "gross_margin": 0.7520307060608765,
      "op_margin": 0.06239400160671249,
      "fcf_margin": 0.07024904043559761,
      "incr_op_margin_yoy": 0.15363881401617252,
      "rev_growth_yoy": 0.03425036927621861,
      "rev_growth_yoy_accel": -0.019822250939679327,
      "op_leverage_ratio": 1.1244445502959393,
      "fcf_margin_change": 0.02500185674692803
    },
    {
      "date": "2024-06-26T00:00:00",
      "quarter_label": "2024-06 (Q2)",
      "revenue": 1208200000,
      "gross_profit": 910300000,
      "operating_income": 73100000,
      "net_income": 57300000,
      "opex": 1135100000,
      "cogs": 297900000,
      "rd": null,
      "sga": null,
      "fcf": 83500000,
      "ocf": 141500000,
      "capex": -58000000,
      "gross_margin": 0.7534348617778514,
      "op_margin": 0.06050322794239364,
      "fcf_margin": 0.0691110743254428,
      "incr_op_margin_yoy": 0.1039939713639789,
      "rev_growth_yoy": 0.12338447233844724,
      "rev_growth_yoy_accel": 0.08913410306222863,
      "op_leverage_ratio": 0.9730291293833527,
      "fcf_margin_change": -0.001137966110154806
    },
    {
      "date": "2024-09-25T00:00:00",
      "quarter_label": "2024-09 (Q3)",
      "revenue": 1139000000,
      "gross_profit": 854700000,
      "operating_income": 56400000,
      "net_income": 38500000,
      "opex": 1082600000,
      "cogs": 284300000,
      "rd": null,
      "sga": null,
      "fcf": 6300000,
      "ocf": 62800000,
      "capex": -56500000,
      "gross_margin": 0.750395083406497,
      "op_margin": 0.0495171202809482,
      "fcf_margin": 0.00553116769095698,
      "incr_op_margin_yoy": 0.2545454545454545,
      "rev_growth_yoy": 0.12493827160493827,
      "rev_growth_yoy_accel": 0.0015537992664910322,
      "fcf_margin_change": -0.06357990663448583
    },
    {
      "date": "2024-12-25T00:00:00",
      "quarter_label": "2024-12 (Q4)",
      "revenue": 1358200000,
      "gross_profit": 1014300000,
      "operating_income": 156000000,
      "net_income": 118500000,
      "opex": 1202200000,
      "cogs": 343900000,
      "rd": null,
      "sga": null,
      "fcf": 168900000,
      "ocf": 218200000,
      "capex": -49300000,
      "gross_margin": 0.7467972316300987,
      "op_margin": 0.1148579001619791,
      "fcf_margin": 0.12435576498306582,
      "incr_op_margin_yoy": 0.32946145723336856,
      "rev_growth_yoy": 0.2645005120566055,
      "rev_growth_yoy_accel": 0.13956224045166726,
      "op_leverage_ratio": 1.7420221340670246,
      "fcf_margin_change": 0.11882459729210884
    },
    {
      "date": "2025-03-26T00:00:00",
      "quarter_label": "2025-03 (Q1)",
      "revenue": 1425100000,
      "gross_profit": 1072000000,
      "operating_income": 156900000,
      "net_income": 119100000,
      "opex": 1268200000,
      "cogs": 353100000,
      "rd": null,
      "sga": null,
      "fcf": 132400000,
      "ocf": 212000000,
      "capex": -79600000,
      "gross_margin": 0.7522279138306084,
      "op_margin": 0.11009753701494632,
      "fcf_margin": 0.09290576099922812,
      "incr_op_margin_yoy": 0.2854330708661417,
      "rev_growth_yoy": 0.27206998125502097,
      "rev_growth_yoy_accel": 0.007569469198415446,
      "op_leverage_ratio": 0.8972122193812666,
      "fcf_margin_change": -0.031450003983837696
    },
    {
      "date": "2025-06-25T00:00:00",
      "quarter_label": "2025-06 (Q2)",
      "revenue": 1461900000,
      "gross_profit": 1092600000,
      "operating_income": 142700000,
      "net_income": 107000000,
      "opex": 1319200000,
      "cogs": 369300000,
      "rd": null,
      "sga": null,
      "fcf": 106100000,
      "ocf": 186000000,
      "capex": -79900000,
      "gross_margin": 0.7473835419659347,
      "op_margin": 0.09761269580682673,
      "fcf_margin": 0.07257678363773172,
      "incr_op_margin_yoy": 0.27433977138352383,
      "rev_growth_yoy": 0.2099817910941897,
      "rev_growth_yoy_accel": -0.06208819016083125,
      "op_leverage_ratio": 0.6421256987813722,
      "fcf_margin_change": -0.0203289773614964
    },
    {
      "date": "2025-09-24T00:00:00",
      "quarter_label": "2025-09 (Q3)",
      "revenue": 1349200000,
      "gross_profit": 1004600000,
      "operating_income": 117900000,
      "net_income": 99500000,
      "opex": 1231300000,
      "cogs": 344600000,
      "rd": null,
      "sga": null,
      "fcf": 62200000,
      "ocf": 120800000,
      "capex": -58600000,
      "gross_margin": 0.7445893863029943,
      "op_margin": 0.08738511710643344,
      "fcf_margin": 0.04610139341832197,
      "incr_op_margin_yoy": 0.29257849666983826,
      "rev_growth_yoy": 0.1845478489903424,
      "rev_growth_yoy_accel": -0.025433942103847307,
      "fcf_margin_change": -0.02647539021940975
    },
    {
      "date": "2025-12-24T00:00:00",
      "quarter_label": "2025-12 (Q4)",
      "revenue": 1452200000,
      "gross_profit": 1081700000,
      "operating_income": 168400000,
      "net_income": 128500000,
      "opex": 1283800000,
      "cogs": 370500000,
      "rd": null,
      "sga": null,
      "fcf": 155200000,
      "ocf": 218900000,
      "capex": -63700000,
      "gross_margin": 0.7448698526373778,
      "op_margin": 0.1159619887067897,
      "fcf_margin": 0.10687233163476105,
      "incr_op_margin_yoy": 0.13191489361702127,
      "rev_growth_yoy": 0.06920924753350022,
      "rev_growth_yoy_accel": -0.11533860145684219,
      "op_leverage_ratio": 1.7904634845340448,
      "fcf_margin_change": 0.06077093821643908
    }
  ],
  "signals": [
    {
      "quarter": "2025-12 (Q4)",
      "signal": "FCF MARGIN EXPANSION",
      "detail": "FCF margin: +4.6% -> +10.7% (+6.1%)",
      "severity": "MEDIUM"
    },
    {
      "quarter": "2025-12 (Q4)",
      "signal": "OPERATING LEVERAGE",
      "detail": "Rev growth +7.6% vs OpEx growth +4.3% (leverage: 1.8x)",
      "severity": "MEDIUM"
    },
    {
      "quarter": "2025-12 (Q4)",
      "signal": "YoY REVENUE GROWTH DECELERATION",
      "detail": "YoY growth: +6.9% vs prior quarter YoY: +18.5% (decel: -11.5%)",
      "severity": "WARNING"
    },
    {
      "quarter": "2025-09 (Q3)",
      "signal": "INCREMENTAL MARGIN (YoY)",
      "detail": "YoY Incr OPM: +29.3% vs year-ago OPM: +5.0%",
      "severity": "HIGH"
    },
    {
      "quarter": "2025-06 (Q2)",
      "signal": "YoY REVENUE GROWTH DECELERATION",
      "detail": "YoY growth: +21.0% vs prior quarter YoY: +27.2% (decel: -6.2%)",
      "severity": "WARNING"
    },
    {
      "quarter": "2025-06 (Q2)",
      "signal": "INCREMENTAL MARGIN (YoY)",
      "detail": "YoY Incr OPM: +27.4% vs year-ago OPM: +6.1%",
      "severity": "HIGH"
    },
    {
      "quarter": "2025-03 (Q1)",
      "signal": "INCREMENTAL MARGIN (YoY)",
      "detail": "YoY Incr OPM: +28.5% vs year-ago OPM: +6.2%",
      "severity": "HIGH"
    },
    {
      "quarter": "2024-12 (Q4)",
      "signal": "FCF MARGIN EXPANSION",
      "detail": "FCF margin: +0.6% -> +12.4% (+11.9%)",
      "severity": "MEDIUM"
    },
    {
      "quarter": "2024-12 (Q4)",
      "signal": "OPERATING LEVERAGE",
      "detail": "Rev growth +19.2% vs OpEx growth +11.0% (leverage: 1.7x)",
      "severity": "MEDIUM"
    },
    {
      "quarter": "2024-12 (Q4)",
      "signal": "YoY REVENUE GROWTH ACCELERATION",
      "detail": "YoY growth: +26.5% vs prior quarter YoY: +12.5% (accel: +14.0%)",
      "severity": "MEDIUM"
    },
    {
      "quarter": "2024-12 (Q4)",
      "signal": "INCREMENTAL MARGIN (YoY)",
      "detail": "YoY Incr OPM: +32.9% vs year-ago OPM: +5.8%",
      "severity": "HIGH"
    },
    {
      "quarter": "2024-09 (Q3)",
      "signal": "INCREMENTAL MARGIN (YoY)",
      "detail": "YoY Incr OPM: +25.5% vs year-ago OPM: +2.4%",
      "severity": "HIGH"
    },
    {
      "quarter": "2024-06 (Q2)",
      "signal": "YoY REVENUE GROWTH ACCELERATION",
      "detail": "YoY growth: +12.3% vs prior quarter YoY: +3.4% (accel: +8.9%)",
      "severity": "MEDIUM"
    },
    {
      "quarter": "2023-12 (Q4)",
      "signal": "OPERATING LEVERAGE",
      "detail": "Rev growth +6.1% vs OpEx growth +2.4% (leverage: 2.6x)",
      "severity": "MEDIUM"
    },
    {
      "quarter": "2023-12 (Q4)",
      "signal": "INCREMENTAL MARGIN (YoY)",
      "detail": "YoY Incr OPM: +39.4% vs year-ago OPM: +4.0%",
      "severity": "HIGH"
    },
    {
      "quarter": "2023-09 (Q3)",
      "signal": "OP MARGIN TURNED POSITIVE (YoY)",
      "detail": "Op margin: -2.1% (year-ago) -> +2.4%",
      "severity": "HIGH"
    },
    {
      "quarter": "2023-06 (Q2)",
      "signal": "YoY REVENUE GROWTH DECELERATION",
      "detail": "YoY growth: +5.3% vs prior quarter YoY: +10.5% (decel: -5.2%)",
      "severity": "WARNING"
    },
    {
      "quarter": "2023-06 (Q2)",
      "signal": "INCREMENTAL MARGIN (YoY)",
      "detail": "YoY Incr OPM: +27.0% vs year-ago OPM: +4.4%",
      "severity": "HIGH"
    },
    {
      "quarter": "2023-03 (Q1)",
      "signal": "FCF TURNED POSITIVE",
      "detail": "FCF margin: -0.5% -> +8.4%",
      "severity": "HIGH"
    },
    {
      "quarter": "2023-03 (Q1)",
      "signal": "OPERATING LEVERAGE",
      "detail": "Rev growth +6.3% vs OpEx growth +4.2% (leverage: 1.5x)",
      "severity": "MEDIUM"
    },
    {
      "quarter": "2022-12 (Q4)",
      "signal": "OPERATING LEVERAGE",
      "detail": "Rev growth +6.6% vs OpEx growth +0.3% (leverage: 21.6x)",
      "severity": "MEDIUM"
    },
    {
      "quarter": "2022-12 (Q4)",
      "signal": "OP MARGIN TURNED POSITIVE (QoQ)",
      "detail": "Op margin: -2.1% -> +4.0%",
      "severity": "HIGH"
    },
    {
      "quarter": "2022-09 (Q3)",
      "signal": "YoY REVENUE GROWTH ACCELERATION",
      "detail": "YoY growth: +9.0% vs prior quarter YoY: +1.3% (accel: +7.7%)",
      "severity": "MEDIUM"
    },
    {
      "quarter": "2022-06 (Q2)",
      "signal": "YoY REVENUE GROWTH DECELERATION",
      "detail": "YoY growth: +1.3% vs prior quarter YoY: +18.3% (decel: -17.1%)",
      "severity": "WARNING"
    }
  ],
  "data_quality": {
    "n_quarters": 20,
    "coverage": {
      "revenue": [
        20,
        20
      ],
      "gross_profit": [
        20,
        20
      ],
      "op_income": [
        20,
        20
      ],
      "fcf": [
        20,
        20
      ]
    },
    "gaps": [],
    "warnings": []
  },
  "market_cap": null,
  "source": "SEC EDGAR",
  "last_updated": "2026-02-02T20:51:22.650057",
  "sector": "Consumer Cyclical",
  "industry": "Restaurants"
}