{
  "ticker": "EB",
  "name": "EVENTBRITE, INC.",
  "quarters": [
    {
      "date": "2020-12-31T00:00:00",
      "quarter_label": "2020-12 (Q4)",
      "revenue": 26658000,
      "gross_profit": 13658000,
      "operating_income": -13283000,
      "net_income": -20231000,
      "opex": 26941000,
      "cogs": 13000000,
      "rd": 11793000,
      "sga": null,
      "fcf": -34381000,
      "ocf": -33998000,
      "capex": -383000,
      "gross_margin": 0.5123415109910721,
      "op_margin": -0.4982744391927376,
      "fcf_margin": -1.2897066546627654
    },
    {
      "date": "2021-03-31T00:00:00",
      "quarter_label": "2021-03 (Q1)",
      "revenue": 27818000,
      "gross_profit": 14143000,
      "operating_income": -25843000,
      "net_income": -84891000,
      "opex": 39986000,
      "cogs": 13675000,
      "rd": 15319000,
      "sga": null,
      "fcf": 40076000,
      "ocf": 40169000,
      "capex": -93000,
      "gross_margin": 0.508411819685096,
      "op_margin": -0.929002803939895,
      "fcf_margin": 1.4406499388884895,
      "op_leverage_ratio": 0.08986696069093286,
      "fcf_margin_change": 2.730356593551255
    },
    {
      "date": "2021-06-30T00:00:00",
      "quarter_label": "2021-06 (Q2)",
      "revenue": 46311000,
      "gross_profit": 28258000,
      "operating_income": -18229000,
      "net_income": -20540000,
      "opex": 46487000,
      "cogs": 18053000,
      "rd": 16396000,
      "sga": null,
      "fcf": 92407000,
      "ocf": 92642000,
      "capex": -235000,
      "gross_margin": 0.61017900714733,
      "op_margin": -0.3936213858478547,
      "fcf_margin": 1.9953574744661096,
      "op_leverage_ratio": 4.0889261090135305,
      "fcf_margin_change": 0.5547075355776201
    },
    {
      "date": "2021-09-30T00:00:00",
      "quarter_label": "2021-09 (Q3)",
      "revenue": 53367000,
      "gross_profit": 35129000,
      "operating_income": -11228000,
      "net_income": -16813000,
      "opex": 46357000,
      "cogs": 18238000,
      "rd": 16678000,
      "sga": null,
      "fcf": -11843000,
      "ocf": -11655000,
      "capex": -188000,
      "gross_margin": 0.6582532276500459,
      "op_margin": -0.2103921899301066,
      "fcf_margin": -0.22191616542057827,
      "op_leverage_ratio": Infinity,
      "fcf_margin_change": -2.2172736398866877
    },
    {
      "date": "2021-12-31T00:00:00",
      "quarter_label": "2021-12 (Q4)",
      "revenue": 59638000,
      "gross_profit": 39310000,
      "operating_income": -12478000,
      "net_income": -16836000,
      "opex": 51788000,
      "cogs": 20328000,
      "rd": 17910000,
      "sga": null,
      "fcf": -35791000,
      "ocf": -35322000,
      "capex": -469000,
      "gross_margin": 0.6591434991113049,
      "op_margin": -0.20922901505751368,
      "fcf_margin": -0.6001374962272377,
      "incr_op_margin_yoy": 0.024408732565191025,
      "rev_growth_yoy": 1.237152074424188,
      "op_leverage_ratio": 1.0029967618569577,
      "fcf_margin_change": -0.37822133080665943
    },
    {
      "date": "2022-03-31T00:00:00",
      "quarter_label": "2022-03 (Q1)",
      "revenue": 55875000,
      "gross_profit": 35902000,
      "operating_income": -14581000,
      "net_income": -18185000,
      "opex": 50483000,
      "cogs": 19973000,
      "rd": 18518000,
      "sga": null,
      "fcf": 77134000,
      "ocf": 77454000,
      "capex": -320000,
      "gross_margin": 0.6425413870246085,
      "op_margin": -0.2609574944071588,
      "fcf_margin": 1.3804742729306487,
      "incr_op_margin_yoy": 0.4013971557899989,
      "rev_growth_yoy": 1.008591559421957,
      "rev_growth_yoy_accel": -0.22856051500223096,
      "fcf_margin_change": 1.9806117691578864
    },
    {
      "date": "2022-06-30T00:00:00",
      "quarter_label": "2022-06 (Q2)",
      "revenue": 66041000,
      "gross_profit": 42999000,
      "operating_income": -13300000,
      "net_income": -20088000,
      "opex": 56299000,
      "cogs": 23042000,
      "rd": 22541000,
      "sga": null,
      "fcf": -27102000,
      "ocf": -26714000,
      "capex": -388000,
      "gross_margin": 0.6510955315637256,
      "op_margin": -0.20139004557774715,
      "fcf_margin": -0.41038142971790253,
      "incr_op_margin_yoy": 0.24982260516979218,
      "rev_growth_yoy": 0.4260326920170154,
      "rev_growth_yoy_accel": -0.5825588674049416,
      "op_leverage_ratio": 1.5792588770005753,
      "fcf_margin_change": -1.7908557026485512
    },
    {
      "date": "2022-09-30T00:00:00",
      "quarter_label": "2022-09 (Q3)",
      "revenue": 67472000,
      "gross_profit": 44022000,
      "operating_income": -13278000,
      "net_income": -21124000,
      "opex": 57300000,
      "cogs": 23450000,
      "rd": 22249000,
      "sga": null,
      "fcf": 21181000,
      "ocf": 21727000,
      "capex": -546000,
      "gross_margin": 0.6524484230495613,
      "op_margin": -0.19679274365662794,
      "fcf_margin": 0.3139228124258952,
      "incr_op_margin_yoy": -0.14533853243530662,
      "rev_growth_yoy": 0.26430190941967885,
      "rev_growth_yoy_accel": -0.16173078259733653,
      "op_leverage_ratio": 1.218688172716731,
      "fcf_margin_change": 0.7243042421437977
    },
    {
      "date": "2022-12-31T00:00:00",
      "quarter_label": "2022-12 (Q4)",
      "revenue": 71539000,
      "gross_profit": 47258000,
      "operating_income": -5583000,
      "net_income": 4013000,
      "opex": 52841000,
      "cogs": 24281000,
      "rd": 23038000,
      "sga": null,
      "fcf": -64028000,
      "ocf": -63857000,
      "capex": -171000,
      "gross_margin": 0.6605907267364655,
      "op_margin": -0.07804134807587469,
      "fcf_margin": -0.8950083171416989,
      "incr_op_margin_yoy": 0.5793630787328796,
      "rev_growth_yoy": 0.1995539756531071,
      "rev_growth_yoy_accel": -0.06474793376657176,
      "op_leverage_ratio": Infinity,
      "fcf_margin_change": -1.2089311295675942
    },
    {
      "date": "2023-03-31T00:00:00",
      "quarter_label": "2023-03 (Q1)",
      "revenue": 77914000,
      "gross_profit": 51519000,
      "operating_income": -13823000,
      "net_income": -12686000,
      "opex": 65342000,
      "cogs": 26395000,
      "rd": 26564000,
      "sga": null,
      "fcf": 74880000,
      "ocf": 75166000,
      "capex": -286000,
      "gross_margin": 0.6612290474112483,
      "op_margin": -0.17741355853890187,
      "fcf_margin": 0.9610596298482943,
      "incr_op_margin_yoy": 0.03439357502609011,
      "rev_growth_yoy": 0.3944340044742729,
      "rev_growth_yoy_accel": 0.1948800288211658,
      "op_leverage_ratio": 0.37667222437634335,
      "fcf_margin_change": 1.8560679469899932
    },
    {
      "date": "2023-06-30T00:00:00",
      "quarter_label": "2023-06 (Q2)",
      "revenue": 78912000,
      "gross_profit": 54309000,
      "operating_income": -6682000,
      "net_income": -2921000,
      "opex": 60991000,
      "cogs": 24603000,
      "rd": 23486000,
      "sga": null,
      "fcf": -27241000,
      "ocf": -27006000,
      "capex": -235000,
      "gross_margin": 0.6882223236009732,
      "op_margin": -0.08467660178426602,
      "fcf_margin": -0.3452073195458232,
      "incr_op_margin_yoy": 0.5141791624582395,
      "rev_growth_yoy": 0.19489408094971306,
      "rev_growth_yoy_accel": -0.19953992352455985,
      "op_leverage_ratio": Infinity,
      "fcf_margin_change": -1.3062669493941175
    },
    {
      "date": "2023-09-30T00:00:00",
      "quarter_label": "2023-09 (Q3)",
      "revenue": 81544000,
      "gross_profit": 55677000,
      "operating_income": -11564000,
      "net_income": -9935000,
      "opex": 67241000,
      "cogs": 25867000,
      "rd": 23041000,
      "sga": null,
      "fcf": 53170000,
      "ocf": 53640000,
      "capex": -470000,
      "gross_margin": 0.682784754243108,
      "op_margin": -0.14181300892769547,
      "fcf_margin": 0.6520406161090945,
      "incr_op_margin_yoy": 0.1218021603183627,
      "rev_growth_yoy": 0.2085605880958027,
      "rev_growth_yoy_accel": 0.013666507146089635,
      "op_leverage_ratio": 0.325483195458232,
      "fcf_margin_change": 0.9972479356549176
    },
    {
      "date": "2023-12-31T00:00:00",
      "quarter_label": "2023-12 (Q4)",
      "revenue": 87764000,
      "gross_profit": 61499000,
      "operating_income": -9064000,
      "net_income": -937000,
      "opex": 70563000,
      "cogs": 26265000,
      "rd": 25203000,
      "sga": null,
      "fcf": -82888000,
      "ocf": -82782000,
      "capex": -106000,
      "gross_margin": 0.7007315072239186,
      "op_margin": -0.10327697005605943,
      "fcf_margin": -0.9444419124014403,
      "incr_op_margin_yoy": -0.21454545454545454,
      "rev_growth_yoy": 0.22679936817679866,
      "rev_growth_yoy_accel": 0.01823878008099597,
      "op_leverage_ratio": 1.5439488521741114,
      "fcf_margin_change": -1.5964825285105348
    },
    {
      "date": "2024-03-31T00:00:00",
      "quarter_label": "2024-03 (Q1)",
      "revenue": 86252000,
      "gross_profit": 61220000,
      "operating_income": -7570000,
      "net_income": -4490000,
      "opex": 68790000,
      "cogs": 25032000,
      "rd": 26684000,
      "sga": null,
      "fcf": 68237000,
      "ocf": 68553000,
      "capex": -316000,
      "gross_margin": 0.7097806427677039,
      "op_margin": -0.08776608078653249,
      "fcf_margin": 0.7911352780225386,
      "incr_op_margin_yoy": 0.7499400335811945,
      "rev_growth_yoy": 0.1070154272659599,
      "rev_growth_yoy_accel": -0.11978394091083876,
      "fcf_margin_change": 1.735577190423979
    },
    {
      "date": "2024-06-30T00:00:00",
      "quarter_label": "2024-06 (Q2)",
      "revenue": 84551000,
      "gross_profit": 59940000,
      "operating_income": -6454000,
      "net_income": 1063000,
      "opex": 66394000,
      "cogs": 24611000,
      "rd": 26057000,
      "sga": null,
      "fcf": -32366000,
      "ocf": -32279000,
      "capex": -87000,
      "gross_margin": 0.7089212428002034,
      "op_margin": -0.0763326276448534,
      "fcf_margin": -0.3827985476221452,
      "incr_op_margin_yoy": 0.04043270083348111,
      "rev_growth_yoy": 0.07145934712084347,
      "rev_growth_yoy_accel": -0.03555608014511644,
      "fcf_margin_change": -1.1739338256446838
    },
    {
      "date": "2024-09-30T00:00:00",
      "quarter_label": "2024-09 (Q3)",
      "revenue": 77801000,
      "gross_profit": 53258000,
      "operating_income": -8952000,
      "net_income": -3768000,
      "opex": 62210000,
      "cogs": 24543000,
      "rd": 22586000,
      "sga": null,
      "fcf": 44400000,
      "ocf": 44582000,
      "capex": -182000,
      "gross_margin": 0.6845413298029588,
      "op_margin": -0.11506278839603604,
      "fcf_margin": 0.5706867520983021,
      "incr_op_margin_yoy": -0.6978359604595245,
      "rev_growth_yoy": -0.04590159913666242,
      "rev_growth_yoy_accel": -0.11736094625750589,
      "fcf_margin_change": 0.9534852997204473
    },
    {
      "date": "2024-12-31T00:00:00",
      "quarter_label": "2024-12 (Q4)",
      "revenue": 76464000,
      "gross_profit": 52145000,
      "operating_income": -7817000,
      "net_income": -8376000,
      "opex": 59962000,
      "cogs": 24319000,
      "rd": 19956000,
      "sga": null,
      "fcf": -45298000,
      "ocf": -45283000,
      "capex": -15000,
      "gross_margin": 0.6819549068842854,
      "op_margin": -0.10223111529608704,
      "fcf_margin": -0.5924094998953756,
      "incr_op_margin_yoy": -0.11035398230088496,
      "rev_growth_yoy": -0.12875438676450482,
      "rev_growth_yoy_accel": -0.0828527876278424,
      "fcf_margin_change": -1.1630962519936778
    },
    {
      "date": "2025-03-31T00:00:00",
      "quarter_label": "2025-03 (Q1)",
      "revenue": 73833000,
      "gross_profit": 49427000,
      "operating_income": -9724000,
      "net_income": -6611000,
      "opex": 59151000,
      "cogs": 24406000,
      "rd": 20937000,
      "sga": null,
      "fcf": 59370000,
      "ocf": 59426000,
      "capex": -56000,
      "gross_margin": 0.6694432029038506,
      "op_margin": -0.131702626196958,
      "fcf_margin": 0.8041119824468733,
      "incr_op_margin_yoy": 0.17344391657943473,
      "rev_growth_yoy": -0.14398506701293884,
      "rev_growth_yoy_accel": -0.01523068024843402,
      "fcf_margin_change": 1.396521482342249
    },
    {
      "date": "2025-06-30T00:00:00",
      "quarter_label": "2025-06 (Q2)",
      "revenue": 72758000,
      "gross_profit": 49107000,
      "operating_income": -6340000,
      "net_income": -2107000,
      "opex": 55447000,
      "cogs": 23651000,
      "rd": 18161000,
      "sga": null,
      "fcf": -17535000,
      "ocf": -17530000,
      "capex": -5000,
      "gross_margin": 0.6749360895021853,
      "op_margin": -0.08713818411721048,
      "fcf_margin": -0.24100442563017124,
      "incr_op_margin_yoy": -0.00966675146273213,
      "rev_growth_yoy": -0.13947794822060058,
      "rev_growth_yoy_accel": 0.004507118792338255,
      "fcf_margin_change": -1.0451164080770445
    },
    {
      "date": "2025-09-30T00:00:00",
      "quarter_label": "2025-09 (Q3)",
      "revenue": 71743000,
      "gross_profit": 48714000,
      "operating_income": -902000,
      "net_income": 6369000,
      "opex": 49616000,
      "cogs": 23029000,
      "rd": 16643000,
      "sga": null,
      "fcf": 36650000,
      "ocf": 36654000,
      "capex": -4000,
      "gross_margin": 0.679007011136975,
      "op_margin": -0.01257265517193315,
      "fcf_margin": 0.5108512328728935,
      "incr_op_margin_yoy": -1.3288213931990756,
      "rev_growth_yoy": -0.0778653230678269,
      "rev_growth_yoy_accel": 0.06161262515277369,
      "fcf_margin_change": 0.7518556585030647
    }
  ],
  "signals": [
    {
      "quarter": "2025-09 (Q3)",
      "signal": "FCF TURNED POSITIVE",
      "detail": "FCF margin: -24.1% -> +51.1%",
      "severity": "HIGH"
    },
    {
      "quarter": "2025-09 (Q3)",
      "signal": "YoY REVENUE GROWTH ACCELERATION",
      "detail": "YoY growth: -7.8% vs prior quarter YoY: -13.9% (accel: +6.2%)",
      "severity": "MEDIUM"
    },
    {
      "quarter": "2025-03 (Q1)",
      "signal": "FCF TURNED POSITIVE",
      "detail": "FCF margin: -59.2% -> +80.4%",
      "severity": "HIGH"
    },
    {
      "quarter": "2024-12 (Q4)",
      "signal": "YoY REVENUE GROWTH DECELERATION",
      "detail": "YoY growth: -12.9% vs prior quarter YoY: -4.6% (decel: -8.3%)",
      "severity": "WARNING"
    },
    {
      "quarter": "2024-09 (Q3)",
      "signal": "FCF TURNED POSITIVE",
      "detail": "FCF margin: -38.3% -> +57.1%",
      "severity": "HIGH"
    },
    {
      "quarter": "2024-09 (Q3)",
      "signal": "YoY REVENUE GROWTH DECELERATION",
      "detail": "YoY growth: -4.6% vs prior quarter YoY: +7.1% (decel: -11.7%)",
      "severity": "WARNING"
    },
    {
      "quarter": "2024-03 (Q1)",
      "signal": "FCF TURNED POSITIVE",
      "detail": "FCF margin: -94.4% -> +79.1%",
      "severity": "HIGH"
    },
    {
      "quarter": "2024-03 (Q1)",
      "signal": "YoY REVENUE GROWTH DECELERATION",
      "detail": "YoY growth: +10.7% vs prior quarter YoY: +22.7% (decel: -12.0%)",
      "severity": "WARNING"
    },
    {
      "quarter": "2023-12 (Q4)",
      "signal": "OPERATING LEVERAGE",
      "detail": "Rev growth +7.6% vs OpEx growth +4.9% (leverage: 1.5x)",
      "severity": "MEDIUM"
    },
    {
      "quarter": "2023-09 (Q3)",
      "signal": "FCF TURNED POSITIVE",
      "detail": "FCF margin: -34.5% -> +65.2%",
      "severity": "HIGH"
    },
    {
      "quarter": "2023-06 (Q2)",
      "signal": "YoY REVENUE GROWTH DECELERATION",
      "detail": "YoY growth: +19.5% vs prior quarter YoY: +39.4% (decel: -20.0%)",
      "severity": "WARNING"
    },
    {
      "quarter": "2023-03 (Q1)",
      "signal": "FCF TURNED POSITIVE",
      "detail": "FCF margin: -89.5% -> +96.1%",
      "severity": "HIGH"
    },
    {
      "quarter": "2023-03 (Q1)",
      "signal": "YoY REVENUE GROWTH ACCELERATION",
      "detail": "YoY growth: +39.4% vs prior quarter YoY: +20.0% (accel: +19.5%)",
      "severity": "HIGH"
    },
    {
      "quarter": "2022-12 (Q4)",
      "signal": "YoY REVENUE GROWTH DECELERATION",
      "detail": "YoY growth: +20.0% vs prior quarter YoY: +26.4% (decel: -6.5%)",
      "severity": "WARNING"
    },
    {
      "quarter": "2022-09 (Q3)",
      "signal": "FCF TURNED POSITIVE",
      "detail": "FCF margin: -41.0% -> +31.4%",
      "severity": "HIGH"
    },
    {
      "quarter": "2022-09 (Q3)",
      "signal": "YoY REVENUE GROWTH DECELERATION",
      "detail": "YoY growth: +26.4% vs prior quarter YoY: +42.6% (decel: -16.2%)",
      "severity": "WARNING"
    },
    {
      "quarter": "2022-06 (Q2)",
      "signal": "OPERATING LEVERAGE",
      "detail": "Rev growth +18.2% vs OpEx growth +11.5% (leverage: 1.6x)",
      "severity": "MEDIUM"
    },
    {
      "quarter": "2022-06 (Q2)",
      "signal": "YoY REVENUE GROWTH DECELERATION",
      "detail": "YoY growth: +42.6% vs prior quarter YoY: +100.9% (decel: -58.3%)",
      "severity": "WARNING"
    },
    {
      "quarter": "2022-03 (Q1)",
      "signal": "FCF TURNED POSITIVE",
      "detail": "FCF margin: -60.0% -> +138.0%",
      "severity": "HIGH"
    },
    {
      "quarter": "2022-03 (Q1)",
      "signal": "YoY REVENUE GROWTH DECELERATION",
      "detail": "YoY growth: +100.9% vs prior quarter YoY: +123.7% (decel: -22.9%)",
      "severity": "WARNING"
    },
    {
      "quarter": "2021-06 (Q2)",
      "signal": "FCF MARGIN EXPANSION",
      "detail": "FCF margin: +144.1% -> +199.5% (+55.5%)",
      "severity": "MEDIUM"
    },
    {
      "quarter": "2021-06 (Q2)",
      "signal": "OPERATING LEVERAGE",
      "detail": "Rev growth +66.5% vs OpEx growth +16.3% (leverage: 4.1x)",
      "severity": "MEDIUM"
    },
    {
      "quarter": "2021-06 (Q2)",
      "signal": "GROSS MARGIN INFLECTION",
      "detail": "GM: +51.2% -> +50.8% -> +61.0% (reversal +10.2%)",
      "severity": "HIGH"
    },
    {
      "quarter": "2021-03 (Q1)",
      "signal": "FCF TURNED POSITIVE",
      "detail": "FCF margin: -129.0% -> +144.1%",
      "severity": "HIGH"
    }
  ],
  "data_quality": {
    "n_quarters": 20,
    "coverage": {
      "revenue": [
        20,
        20
      ],
      "gross_profit": [
        20,
        20
      ],
      "op_income": [
        20,
        20
      ],
      "fcf": [
        20,
        20
      ]
    },
    "gaps": [],
    "warnings": []
  },
  "market_cap": null,
  "source": "SEC EDGAR",
  "last_updated": "2026-02-02T22:31:03.801584"
}