{
  "ticker": "EBS",
  "name": "EMERGENT BIOSOLUTIONS INC.",
  "quarters": [
    {
      "date": "2020-12-31T00:00:00",
      "quarter_label": "2020-12 (Q4)",
      "revenue": 583000000,
      "gross_profit": 414700000,
      "operating_income": 258100000,
      "net_income": 185400000,
      "opex": 156600000,
      "cogs": 168300000,
      "rd": 59500000,
      "sga": 82100000,
      "fcf": 209100000,
      "ocf": 246000000,
      "capex": -36900000,
      "gross_margin": 0.7113207547169811,
      "op_margin": 0.44271012006861066,
      "fcf_margin": 0.3586620926243568
    },
    {
      "date": "2021-03-31T00:00:00",
      "quarter_label": "2021-03 (Q1)",
      "revenue": 343000000,
      "gross_profit": 222400000,
      "operating_income": 95400000,
      "net_income": 69700000,
      "opex": 127000000,
      "cogs": 99300000,
      "rd": 52500000,
      "sga": 80900000,
      "fcf": -51000000,
      "ocf": 5100000,
      "capex": -56100000,
      "gross_margin": 0.648396501457726,
      "op_margin": 0.278134110787172,
      "fcf_margin": -0.14868804664723032,
      "fcf_margin_change": -0.5073501392715871
    },
    {
      "date": "2021-06-30T00:00:00",
      "quarter_label": "2021-06 (Q2)",
      "revenue": 397500000,
      "gross_profit": 144300000,
      "operating_income": 14500000,
      "net_income": 4600000,
      "opex": 129800000,
      "cogs": 227800000,
      "rd": 48900000,
      "sga": 91200000,
      "fcf": -96700000,
      "ocf": -29700000,
      "capex": -67000000,
      "gross_margin": 0.3630188679245283,
      "op_margin": 0.03647798742138365,
      "fcf_margin": -0.24327044025157232,
      "op_leverage_ratio": 7.206892961266139,
      "fcf_margin_change": -0.09458239360434201
    },
    {
      "date": "2021-09-30T00:00:00",
      "quarter_label": "2021-09 (Q3)",
      "revenue": 329000000,
      "gross_profit": 94600000,
      "operating_income": -34700000,
      "net_income": -32700000,
      "opex": 129300000,
      "cogs": null,
      "rd": 49600000,
      "sga": 82100000,
      "fcf": -38500000,
      "ocf": 16700000,
      "capex": -55200000,
      "gross_margin": 0.2875379939209726,
      "op_margin": -0.1054711246200608,
      "fcf_margin": -0.11702127659574468,
      "fcf_margin_change": 0.12624916365582764
    },
    {
      "date": "2021-12-31T00:00:00",
      "quarter_label": "2021-12 (Q4)",
      "revenue": 732900000,
      "gross_profit": 439700000,
      "operating_income": 286800000,
      "net_income": 193100000,
      "opex": 152900000,
      "cogs": null,
      "rd": 83000000,
      "sga": 94200000,
      "fcf": 282300000,
      "ocf": 328100000,
      "capex": -45800000,
      "gross_margin": 0.5999454222949925,
      "op_margin": 0.3913221449038068,
      "fcf_margin": 0.38518215309046255,
      "incr_op_margin_yoy": 0.1914609739826551,
      "rev_growth_yoy": 0.25711835334476846,
      "op_leverage_ratio": 6.726117922827263,
      "fcf_margin_change": 0.5022034296862072
    },
    {
      "date": "2022-03-31T00:00:00",
      "quarter_label": "2022-03 (Q1)",
      "revenue": 307500000,
      "gross_profit": 142000000,
      "operating_income": 6400000,
      "net_income": -3700000,
      "opex": 135600000,
      "cogs": 155900000,
      "rd": 46400000,
      "sga": 84800000,
      "fcf": -69500000,
      "ocf": -37300000,
      "capex": -32200000,
      "gross_margin": 0.46178861788617886,
      "op_margin": 0.0208130081300813,
      "fcf_margin": -0.22601626016260162,
      "incr_op_margin_yoy": 2.507042253521127,
      "rev_growth_yoy": -0.10349854227405247,
      "rev_growth_yoy_accel": -0.36061689561882093,
      "fcf_margin_change": -0.6111984132530641
    },
    {
      "date": "2022-06-30T00:00:00",
      "quarter_label": "2022-06 (Q2)",
      "revenue": 242700000,
      "gross_profit": 65600000,
      "operating_income": -72000000,
      "net_income": -56400000,
      "opex": 137600000,
      "cogs": 169800000,
      "rd": 49800000,
      "sga": 81100000,
      "fcf": -47700000,
      "ocf": -15600000,
      "capex": -32100000,
      "gross_margin": 0.2702925422332097,
      "op_margin": -0.29666254635352285,
      "fcf_margin": -0.1965389369592089,
      "incr_op_margin_yoy": 0.5587855297157622,
      "rev_growth_yoy": -0.38943396226415095,
      "rev_growth_yoy_accel": -0.28593541999009847,
      "fcf_margin_change": 0.02947732320339272
    },
    {
      "date": "2022-09-30T00:00:00",
      "quarter_label": "2022-09 (Q3)",
      "revenue": 240000000,
      "gross_profit": 74000000,
      "operating_income": -42000000,
      "net_income": -75700000,
      "opex": 116000000,
      "cogs": 147200000,
      "rd": 39200000,
      "sga": 80200000,
      "fcf": -101900000,
      "ocf": -74000000,
      "capex": -27900000,
      "gross_margin": 0.30833333333333335,
      "op_margin": -0.175,
      "fcf_margin": -0.4245833333333333,
      "incr_op_margin_yoy": 0.08202247191011236,
      "rev_growth_yoy": -0.270516717325228,
      "rev_growth_yoy_accel": 0.11891724493892297,
      "fcf_margin_change": -0.2280443963741244
    },
    {
      "date": "2022-12-31T00:00:00",
      "quarter_label": "2022-12 (Q4)",
      "revenue": 330200000,
      "gross_profit": 104200000,
      "operating_income": -55300000,
      "net_income": -67000000,
      "opex": 159500000,
      "cogs": 221100000,
      "rd": 57600000,
      "sga": 94200000,
      "fcf": 69200000,
      "ocf": 92800000,
      "capex": -23600000,
      "gross_margin": 0.3155663234403392,
      "op_margin": -0.16747425802543914,
      "fcf_margin": 0.20956995760145367,
      "incr_op_margin_yoy": 0.8495157685622051,
      "rev_growth_yoy": -0.5494610451630509,
      "rev_growth_yoy_accel": -0.27894432783782297,
      "op_leverage_ratio": 1.0022222222222223,
      "fcf_margin_change": 0.634153290934787
    },
    {
      "date": "2023-03-31T00:00:00",
      "quarter_label": "2023-03 (Q1)",
      "revenue": 165100000,
      "gross_profit": 3500000,
      "operating_income": -148100000,
      "net_income": -183000000,
      "opex": 151600000,
      "cogs": 155100000,
      "rd": 40600000,
      "sga": 100500000,
      "fcf": -199100000,
      "ocf": -184000000,
      "capex": -15100000,
      "gross_margin": 0.021199273167777106,
      "op_margin": -0.8970321017565112,
      "fcf_margin": -1.2059357964869777,
      "incr_op_margin_yoy": 1.0849719101123596,
      "rev_growth_yoy": -0.46308943089430893,
      "rev_growth_yoy_accel": 0.08637161426874201,
      "fcf_margin_change": -1.4155057540884313
    },
    {
      "date": "2023-06-30T00:00:00",
      "quarter_label": "2023-06 (Q2)",
      "revenue": 337900000,
      "gross_profit": 140700000,
      "operating_income": -292900000,
      "net_income": -261300000,
      "opex": 433600000,
      "cogs": 190600000,
      "rd": 26000000,
      "sga": 91400000,
      "fcf": -126900000,
      "ocf": -114400000,
      "capex": -12500000,
      "gross_margin": 0.4163953832494821,
      "op_margin": -0.8668245042912104,
      "fcf_margin": -0.3755548978987866,
      "incr_op_margin_yoy": -2.3203781512605044,
      "rev_growth_yoy": 0.392253811289658,
      "rev_growth_yoy_accel": 0.855343242183967,
      "op_leverage_ratio": 0.562660927613181,
      "fcf_margin_change": 0.8303808985881911
    },
    {
      "date": "2023-09-30T00:00:00",
      "quarter_label": "2023-09 (Q3)",
      "revenue": 270500000,
      "gross_profit": 87200000,
      "operating_income": -242100000,
      "net_income": -263400000,
      "opex": 329300000,
      "cogs": 176800000,
      "rd": 15300000,
      "sga": 86000000,
      "fcf": 47400000,
      "ocf": 60000000,
      "capex": -12600000,
      "gross_margin": 0.32236598890942697,
      "op_margin": -0.8950092421441774,
      "fcf_margin": 0.17523105360443622,
      "incr_op_margin_yoy": -6.560655737704918,
      "rev_growth_yoy": 0.12708333333333333,
      "rev_growth_yoy_accel": -0.2651704779563247,
      "fcf_margin_change": 0.5507859515032228
    },
    {
      "date": "2023-12-31T00:00:00",
      "quarter_label": "2023-12 (Q4)",
      "revenue": 276600000,
      "gross_profit": 84800000,
      "operating_income": -43800000,
      "net_income": -49500000,
      "opex": 128600000,
      "cogs": 185100000,
      "rd": 29400000,
      "sga": 89700000,
      "fcf": 20700000,
      "ocf": 32100000,
      "capex": -11400000,
      "gross_margin": 0.3065798987707881,
      "op_margin": -0.15835140997830802,
      "fcf_margin": 0.07483731019522777,
      "incr_op_margin_yoy": -0.21455223880597016,
      "rev_growth_yoy": -0.1623258631132647,
      "rev_growth_yoy_accel": -0.289409196446598,
      "op_leverage_ratio": Infinity,
      "fcf_margin_change": -0.10039374340920845
    },
    {
      "date": "2024-03-31T00:00:00",
      "quarter_label": "2024-03 (Q1)",
      "revenue": 300400000,
      "gross_profit": 147800000,
      "operating_income": 39800000,
      "net_income": 9000000,
      "opex": 108000000,
      "cogs": 144600000,
      "rd": 15100000,
      "sga": 84700000,
      "fcf": -73400000,
      "ocf": -62600000,
      "capex": -10800000,
      "gross_margin": 0.49201065246338216,
      "op_margin": 0.13249001331557922,
      "fcf_margin": -0.24434087882822902,
      "incr_op_margin_yoy": 1.3887657058388765,
      "rev_growth_yoy": 0.8195033313143549,
      "rev_growth_yoy_accel": 0.9818291944276196,
      "op_leverage_ratio": Infinity,
      "fcf_margin_change": -0.3191781890234568
    },
    {
      "date": "2024-06-30T00:00:00",
      "quarter_label": "2024-06 (Q2)",
      "revenue": 254700000,
      "gross_profit": -48000000,
      "operating_income": -203500000,
      "net_income": -283100000,
      "opex": 155500000,
      "cogs": 296100000,
      "rd": 32700000,
      "sga": 85900000,
      "fcf": 42900000,
      "ocf": 47500000,
      "capex": -4600000,
      "gross_margin": -0.18845700824499412,
      "op_margin": -0.7989791912053397,
      "fcf_margin": 0.1684334511189635,
      "incr_op_margin_yoy": -1.0745192307692308,
      "rev_growth_yoy": -0.24622669428825097,
      "rev_growth_yoy_accel": -1.0657300256026059,
      "fcf_margin_change": 0.41277432994719254
    },
    {
      "date": "2024-09-30T00:00:00",
      "quarter_label": "2024-09 (Q3)",
      "revenue": 293800000,
      "gross_profit": 161200000,
      "operating_income": 64500000,
      "net_income": 114800000,
      "opex": 96700000,
      "cogs": 122600000,
      "rd": 13800000,
      "sga": 76600000,
      "fcf": 147900000,
      "ocf": 153700000,
      "capex": -5800000,
      "gross_margin": 0.5486725663716814,
      "op_margin": 0.21953710006807353,
      "fcf_margin": 0.5034036759700476,
      "incr_op_margin_yoy": 13.158798283261802,
      "rev_growth_yoy": 0.08613678373382624,
      "rev_growth_yoy_accel": 0.3323634780220772,
      "op_leverage_ratio": Infinity,
      "fcf_margin_change": 0.3349702248510842
    },
    {
      "date": "2024-12-31T00:00:00",
      "quarter_label": "2024-12 (Q4)",
      "revenue": 194700000,
      "gross_profit": null,
      "operating_income": -9500000,
      "net_income": -31300000,
      "opex": null,
      "cogs": null,
      "rd": 9100000,
      "sga": 60800000,
      "fcf": -81600000,
      "ocf": -79900000,
      "capex": -1700000,
      "gross_margin": null,
      "op_margin": -0.04879301489470981,
      "fcf_margin": -0.41910631741140214,
      "incr_op_margin_yoy": -0.4188034188034188,
      "rev_growth_yoy": -0.2960954446854664,
      "rev_growth_yoy_accel": -0.3822322284192926,
      "fcf_margin_change": -0.9225099933814498
    },
    {
      "date": "2025-03-31T00:00:00",
      "quarter_label": "2025-03 (Q1)",
      "revenue": 222200000,
      "gross_profit": 133700000,
      "operating_income": 49900000,
      "net_income": 68000000,
      "opex": 83800000,
      "cogs": 88500000,
      "rd": 15100000,
      "sga": 52400000,
      "fcf": -14800000,
      "ocf": -11200000,
      "capex": -3600000,
      "gross_margin": 0.6017101710171017,
      "op_margin": 0.22457245724572458,
      "fcf_margin": -0.0666066606660666,
      "incr_op_margin_yoy": -0.12915601023017903,
      "rev_growth_yoy": -0.2603195739014647,
      "rev_growth_yoy_accel": 0.035775870784001684,
      "fcf_margin_change": 0.35249965674533557
    },
    {
      "date": "2025-06-30T00:00:00",
      "quarter_label": "2025-06 (Q2)",
      "revenue": 140900000,
      "gross_profit": 74000000,
      "operating_income": 1600000,
      "net_income": -12000000,
      "opex": 72400000,
      "cogs": 66900000,
      "rd": 12500000,
      "sga": 43700000,
      "fcf": 103500000,
      "ocf": 106400000,
      "capex": -2900000,
      "gross_margin": 0.525195173882186,
      "op_margin": 0.0113555713271824,
      "fcf_margin": 0.7345635202271115,
      "incr_op_margin_yoy": -1.8022847100175747,
      "rev_growth_yoy": -0.44680015704750686,
      "rev_growth_yoy_accel": -0.18648058314604216,
      "fcf_margin_change": 0.801170180893178
    },
    {
      "date": "2025-09-30T00:00:00",
      "quarter_label": "2025-09 (Q3)",
      "revenue": 231100000,
      "gross_profit": 145200000,
      "operating_income": 76500000,
      "net_income": 51200000,
      "opex": 68700000,
      "cogs": 85900000,
      "rd": 13500000,
      "sga": 38900000,
      "fcf": -5700000,
      "ocf": -2300000,
      "capex": -3400000,
      "gross_margin": 0.6282994374729555,
      "op_margin": 0.3310255300735612,
      "fcf_margin": -0.024664647338814367,
      "incr_op_margin_yoy": -0.19138755980861244,
      "rev_growth_yoy": -0.21341048332198775,
      "rev_growth_yoy_accel": 0.2333896737255191,
      "op_leverage_ratio": Infinity,
      "fcf_margin_change": -0.7592281675659258
    }
  ],
  "signals": [
    {
      "quarter": "2025-09 (Q3)",
      "signal": "GROSS MARGIN INFLECTION",
      "detail": "GM: +60.2% -> +52.5% -> +62.8% (reversal +10.3%)",
      "severity": "HIGH"
    },
    {
      "quarter": "2025-09 (Q3)",
      "signal": "YoY REVENUE GROWTH ACCELERATION",
      "detail": "YoY growth: -21.3% vs prior quarter YoY: -44.7% (accel: +23.3%)",
      "severity": "HIGH"
    },
    {
      "quarter": "2025-06 (Q2)",
      "signal": "FCF TURNED POSITIVE",
      "detail": "FCF margin: -6.7% -> +73.5%",
      "severity": "HIGH"
    },
    {
      "quarter": "2025-06 (Q2)",
      "signal": "YoY REVENUE GROWTH DECELERATION",
      "detail": "YoY growth: -44.7% vs prior quarter YoY: -26.0% (decel: -18.6%)",
      "severity": "WARNING"
    },
    {
      "quarter": "2025-06 (Q2)",
      "signal": "OP MARGIN TURNED POSITIVE (YoY)",
      "detail": "Op margin: -79.9% (year-ago) -> +1.1%",
      "severity": "HIGH"
    },
    {
      "quarter": "2025-03 (Q1)",
      "signal": "FCF MARGIN EXPANSION",
      "detail": "FCF margin: -41.9% -> -6.7% (+35.2%)",
      "severity": "MEDIUM"
    },
    {
      "quarter": "2025-03 (Q1)",
      "signal": "OP MARGIN TURNED POSITIVE (QoQ)",
      "detail": "Op margin: -4.9% -> +22.5%",
      "severity": "HIGH"
    },
    {
      "quarter": "2024-12 (Q4)",
      "signal": "YoY REVENUE GROWTH DECELERATION",
      "detail": "YoY growth: -29.6% vs prior quarter YoY: +8.6% (decel: -38.2%)",
      "severity": "WARNING"
    },
    {
      "quarter": "2024-09 (Q3)",
      "signal": "FCF MARGIN EXPANSION",
      "detail": "FCF margin: +16.8% -> +50.3% (+33.5%)",
      "severity": "MEDIUM"
    },
    {
      "quarter": "2024-09 (Q3)",
      "signal": "GROSS MARGIN INFLECTION",
      "detail": "GM: +49.2% -> -18.8% -> +54.9% (reversal +73.7%)",
      "severity": "HIGH"
    },
    {
      "quarter": "2024-09 (Q3)",
      "signal": "YoY REVENUE GROWTH ACCELERATION",
      "detail": "YoY growth: +8.6% vs prior quarter YoY: -24.6% (accel: +33.2%)",
      "severity": "HIGH"
    },
    {
      "quarter": "2024-09 (Q3)",
      "signal": "OP MARGIN TURNED POSITIVE (YoY)",
      "detail": "Op margin: -89.5% (year-ago) -> +22.0%",
      "severity": "HIGH"
    },
    {
      "quarter": "2024-09 (Q3)",
      "signal": "OP MARGIN TURNED POSITIVE (QoQ)",
      "detail": "Op margin: -79.9% -> +22.0%",
      "severity": "HIGH"
    },
    {
      "quarter": "2024-06 (Q2)",
      "signal": "FCF TURNED POSITIVE",
      "detail": "FCF margin: -24.4% -> +16.8%",
      "severity": "HIGH"
    },
    {
      "quarter": "2024-06 (Q2)",
      "signal": "YoY REVENUE GROWTH DECELERATION",
      "detail": "YoY growth: -24.6% vs prior quarter YoY: +82.0% (decel: -106.6%)",
      "severity": "WARNING"
    },
    {
      "quarter": "2024-03 (Q1)",
      "signal": "GROSS MARGIN INFLECTION",
      "detail": "GM: +32.2% -> +30.7% -> +49.2% (reversal +18.5%)",
      "severity": "HIGH"
    },
    {
      "quarter": "2024-03 (Q1)",
      "signal": "YoY REVENUE GROWTH ACCELERATION",
      "detail": "YoY growth: +82.0% vs prior quarter YoY: -16.2% (accel: +98.2%)",
      "severity": "HIGH"
    },
    {
      "quarter": "2024-03 (Q1)",
      "signal": "OP MARGIN TURNED POSITIVE (YoY)",
      "detail": "Op margin: -89.7% (year-ago) -> +13.2%",
      "severity": "HIGH"
    },
    {
      "quarter": "2024-03 (Q1)",
      "signal": "OP MARGIN TURNED POSITIVE (QoQ)",
      "detail": "Op margin: -15.8% -> +13.2%",
      "severity": "HIGH"
    },
    {
      "quarter": "2023-12 (Q4)",
      "signal": "YoY REVENUE GROWTH DECELERATION",
      "detail": "YoY growth: -16.2% vs prior quarter YoY: +12.7% (decel: -28.9%)",
      "severity": "WARNING"
    },
    {
      "quarter": "2023-09 (Q3)",
      "signal": "FCF TURNED POSITIVE",
      "detail": "FCF margin: -37.6% -> +17.5%",
      "severity": "HIGH"
    },
    {
      "quarter": "2023-09 (Q3)",
      "signal": "YoY REVENUE GROWTH DECELERATION",
      "detail": "YoY growth: +12.7% vs prior quarter YoY: +39.2% (decel: -26.5%)",
      "severity": "WARNING"
    },
    {
      "quarter": "2023-06 (Q2)",
      "signal": "FCF MARGIN EXPANSION",
      "detail": "FCF margin: -120.6% -> -37.6% (+83.0%)",
      "severity": "MEDIUM"
    },
    {
      "quarter": "2023-06 (Q2)",
      "signal": "GROSS MARGIN INFLECTION",
      "detail": "GM: +31.6% -> +2.1% -> +41.6% (reversal +39.5%)",
      "severity": "HIGH"
    },
    {
      "quarter": "2023-06 (Q2)",
      "signal": "YoY REVENUE GROWTH ACCELERATION",
      "detail": "YoY growth: +39.2% vs prior quarter YoY: -46.3% (accel: +85.5%)",
      "severity": "HIGH"
    },
    {
      "quarter": "2023-03 (Q1)",
      "signal": "YoY REVENUE GROWTH ACCELERATION",
      "detail": "YoY growth: -46.3% vs prior quarter YoY: -54.9% (accel: +8.6%)",
      "severity": "MEDIUM"
    },
    {
      "quarter": "2022-12 (Q4)",
      "signal": "FCF TURNED POSITIVE",
      "detail": "FCF margin: -42.5% -> +21.0%",
      "severity": "HIGH"
    },
    {
      "quarter": "2022-12 (Q4)",
      "signal": "YoY REVENUE GROWTH DECELERATION",
      "detail": "YoY growth: -54.9% vs prior quarter YoY: -27.1% (decel: -27.9%)",
      "severity": "WARNING"
    },
    {
      "quarter": "2022-09 (Q3)",
      "signal": "GROSS MARGIN INFLECTION",
      "detail": "GM: +46.2% -> +27.0% -> +30.8% (reversal +3.8%)",
      "severity": "MEDIUM"
    },
    {
      "quarter": "2022-09 (Q3)",
      "signal": "YoY REVENUE GROWTH ACCELERATION",
      "detail": "YoY growth: -27.1% vs prior quarter YoY: -38.9% (accel: +11.9%)",
      "severity": "MEDIUM"
    },
    {
      "quarter": "2022-06 (Q2)",
      "signal": "YoY REVENUE GROWTH DECELERATION",
      "detail": "YoY growth: -38.9% vs prior quarter YoY: -10.3% (decel: -28.6%)",
      "severity": "WARNING"
    },
    {
      "quarter": "2022-03 (Q1)",
      "signal": "YoY REVENUE GROWTH DECELERATION",
      "detail": "YoY growth: -10.3% vs prior quarter YoY: +25.7% (decel: -36.1%)",
      "severity": "WARNING"
    },
    {
      "quarter": "2022-03 (Q1)",
      "signal": "INCREMENTAL MARGIN (YoY)",
      "detail": "YoY Incr OPM: +250.7% vs year-ago OPM: +27.8%",
      "severity": "HIGH"
    },
    {
      "quarter": "2021-12 (Q4)",
      "signal": "FCF TURNED POSITIVE",
      "detail": "FCF margin: -11.7% -> +38.5%",
      "severity": "HIGH"
    },
    {
      "quarter": "2021-12 (Q4)",
      "signal": "OPERATING LEVERAGE",
      "detail": "Rev growth +122.8% vs OpEx growth +18.3% (leverage: 6.7x)",
      "severity": "MEDIUM"
    },
    {
      "quarter": "2021-12 (Q4)",
      "signal": "GROSS MARGIN INFLECTION",
      "detail": "GM: +36.3% -> +28.8% -> +60.0% (reversal +31.2%)",
      "severity": "HIGH"
    },
    {
      "quarter": "2021-12 (Q4)",
      "signal": "OP MARGIN TURNED POSITIVE (QoQ)",
      "detail": "Op margin: -10.5% -> +39.1%",
      "severity": "HIGH"
    },
    {
      "quarter": "2021-09 (Q3)",
      "signal": "FCF MARGIN EXPANSION",
      "detail": "FCF margin: -24.3% -> -11.7% (+12.6%)",
      "severity": "MEDIUM"
    },
    {
      "quarter": "2021-06 (Q2)",
      "signal": "OPERATING LEVERAGE",
      "detail": "Rev growth +15.9% vs OpEx growth +2.2% (leverage: 7.2x)",
      "severity": "MEDIUM"
    }
  ],
  "data_quality": {
    "n_quarters": 20,
    "coverage": {
      "revenue": [
        20,
        20
      ],
      "gross_profit": [
        19,
        20
      ],
      "op_income": [
        20,
        20
      ],
      "fcf": [
        20,
        20
      ]
    },
    "gaps": [],
    "warnings": []
  },
  "market_cap": null,
  "source": "SEC EDGAR",
  "last_updated": "2026-02-02T22:15:37.961903",
  "sector": "Healthcare",
  "industry": "Drug Manufacturers - Specialty & Generic"
}