{
  "ticker": "ECOR",
  "name": "electroCore, Inc.",
  "quarters": [
    {
      "date": "2020-12-31T00:00:00",
      "quarter_label": "2020-12 (Q4)",
      "revenue": 928265,
      "gross_profit": 109331,
      "operating_income": -6323230,
      "net_income": -6323769,
      "opex": 6432561,
      "cogs": 818934,
      "rd": 1018633,
      "sga": 5413928,
      "fcf": -3581071,
      "ocf": -3581071,
      "capex": null,
      "gross_margin": 0.11777994430469747,
      "op_margin": -6.811880228167603,
      "fcf_margin": -3.8578110776556263
    },
    {
      "date": "2021-03-31T00:00:00",
      "quarter_label": "2021-03 (Q1)",
      "revenue": 1203844,
      "gross_profit": 839857,
      "operating_income": -5383696,
      "net_income": -5383832,
      "opex": 6223553,
      "cogs": 363987,
      "rd": 498965,
      "sga": 5724588,
      "fcf": -4156000,
      "ocf": -4156000,
      "capex": null,
      "gross_margin": 0.6976460405168776,
      "op_margin": -4.472087745588299,
      "fcf_margin": -3.4522745472004677,
      "op_leverage_ratio": Infinity,
      "fcf_margin_change": 0.4055365304551586
    },
    {
      "date": "2021-06-30T00:00:00",
      "quarter_label": "2021-06 (Q2)",
      "revenue": 1269464,
      "gross_profit": 895193,
      "operating_income": -5202634,
      "net_income": -2893752,
      "opex": 6097827,
      "cogs": 374271,
      "rd": 824906,
      "sga": 5272921,
      "fcf": -1670000,
      "ocf": -1670000,
      "capex": null,
      "gross_margin": 0.7051739946938236,
      "op_margin": -4.09829187751681,
      "fcf_margin": -1.3155158397559914,
      "op_leverage_ratio": Infinity,
      "fcf_margin_change": 2.1367587074444763
    },
    {
      "date": "2021-09-30T00:00:00",
      "quarter_label": "2021-09 (Q3)",
      "revenue": 1487093,
      "gross_profit": 1132047,
      "operating_income": -3985043,
      "net_income": -3993685,
      "opex": 5117090,
      "cogs": 355046,
      "rd": 470275,
      "sga": 4646815,
      "fcf": -3447000,
      "ocf": -3447000,
      "capex": null,
      "gross_margin": 0.7612482877668041,
      "op_margin": -2.6797537208500075,
      "fcf_margin": -2.3179451453271582,
      "op_leverage_ratio": Infinity,
      "fcf_margin_change": -1.0024293055711668
    },
    {
      "date": "2021-12-31T00:00:00",
      "quarter_label": "2021-12 (Q4)",
      "revenue": 1490791,
      "gross_profit": 1199092,
      "operating_income": -5471733,
      "net_income": null,
      "opex": 6670825,
      "cogs": 291699,
      "rd": 741718,
      "sga": 5929107,
      "fcf": -4354000,
      "ocf": -4354000,
      "capex": null,
      "gross_margin": 0.8043327334280929,
      "op_margin": -3.670355536087889,
      "fcf_margin": -2.920597186325917,
      "rev_growth_yoy": 0.6059972098484808,
      "fcf_margin_change": -0.6026520409987586
    },
    {
      "date": "2022-03-31T00:00:00",
      "quarter_label": "2022-03 (Q1)",
      "revenue": 1899000,
      "gross_profit": 1539000,
      "operating_income": -5581000,
      "net_income": -5582000,
      "opex": 7120000,
      "cogs": 360000,
      "rd": 934000,
      "sga": 6186000,
      "fcf": -4780000,
      "ocf": -4780000,
      "capex": null,
      "gross_margin": 0.8104265402843602,
      "op_margin": -2.9389152185360716,
      "fcf_margin": -2.517114270668773,
      "rev_growth_yoy": 0.5774469117261041,
      "rev_growth_yoy_accel": -0.02855029812237675,
      "op_leverage_ratio": 4.066584346437022,
      "fcf_margin_change": 0.4034829156571438
    },
    {
      "date": "2022-06-30T00:00:00",
      "quarter_label": "2022-06 (Q2)",
      "revenue": 2157000,
      "gross_profit": 1799000,
      "operating_income": -5820000,
      "net_income": -5337000,
      "opex": 7619000,
      "cogs": 358000,
      "rd": 1341000,
      "sga": 6278000,
      "fcf": -3244000,
      "ocf": -3244000,
      "capex": null,
      "gross_margin": 0.8340287436254057,
      "op_margin": -2.698191933240612,
      "fcf_margin": -1.5039406583217432,
      "rev_growth_yoy": 0.6991423151818406,
      "rev_growth_yoy_accel": 0.12169540345573648,
      "op_leverage_ratio": 1.9385374223961351,
      "fcf_margin_change": 1.0131736123470299
    },
    {
      "date": "2022-09-30T00:00:00",
      "quarter_label": "2022-09 (Q3)",
      "revenue": 1976000,
      "gross_profit": 1718000,
      "operating_income": -5556000,
      "net_income": -5453000,
      "opex": 7274000,
      "cogs": 258000,
      "rd": 1617000,
      "sga": 5657000,
      "fcf": -4607000,
      "ocf": -4607000,
      "capex": null,
      "gross_margin": 0.8694331983805668,
      "op_margin": -2.811740890688259,
      "fcf_margin": -2.3314777327935223,
      "rev_growth_yoy": 0.32876692984231654,
      "rev_growth_yoy_accel": -0.370375385339524,
      "fcf_margin_change": -0.8275370744717792
    },
    {
      "date": "2022-12-31T00:00:00",
      "quarter_label": "2022-12 (Q4)",
      "revenue": 2560000,
      "gross_profit": 1920000,
      "operating_income": -5917000,
      "net_income": -5790000,
      "opex": 7837000,
      "cogs": 640000,
      "rd": 1628000,
      "sga": 6209000,
      "fcf": -4014000,
      "ocf": -4014000,
      "capex": null,
      "gross_margin": 0.75,
      "op_margin": -2.311328125,
      "fcf_margin": -1.56796875,
      "incr_op_margin_yoy": -0.4164452412952005,
      "rev_growth_yoy": 0.7172091862642047,
      "rev_growth_yoy_accel": 0.3884422564218882,
      "op_leverage_ratio": 3.818482536440843,
      "fcf_margin_change": 0.7635089827935224
    },
    {
      "date": "2023-03-31T00:00:00",
      "quarter_label": "2023-03 (Q1)",
      "revenue": 2780000,
      "gross_profit": 2322000,
      "operating_income": -6197000,
      "net_income": -5867000,
      "opex": 8519000,
      "cogs": 458000,
      "rd": 1809000,
      "sga": 6710000,
      "fcf": -5860000,
      "ocf": -5860000,
      "capex": null,
      "gross_margin": 0.8352517985611511,
      "op_margin": -2.229136690647482,
      "fcf_margin": -2.1079136690647484,
      "rev_growth_yoy": 0.46392838335966297,
      "rev_growth_yoy_accel": -0.25328080290454175,
      "op_leverage_ratio": 0.9875252016129032,
      "fcf_margin_change": -0.5399449190647485
    },
    {
      "date": "2023-06-30T00:00:00",
      "quarter_label": "2023-06 (Q2)",
      "revenue": 3551000,
      "gross_profit": 2966000,
      "operating_income": -4988000,
      "net_income": -4903000,
      "opex": 7954000,
      "cogs": 585000,
      "rd": 1155000,
      "sga": 6799000,
      "fcf": -3312000,
      "ocf": -3312000,
      "capex": null,
      "gross_margin": 0.8352576738946775,
      "op_margin": -1.4046747395099972,
      "fcf_margin": -0.9326950154885948,
      "incr_op_margin_yoy": 0.5968436154949784,
      "rev_growth_yoy": 0.6462679647658786,
      "rev_growth_yoy_accel": 0.1823395814062156,
      "op_leverage_ratio": Infinity,
      "fcf_margin_change": 1.1752186535761537
    },
    {
      "date": "2023-09-30T00:00:00",
      "quarter_label": "2023-09 (Q3)",
      "revenue": 4508000,
      "gross_profit": 3847000,
      "operating_income": -4126000,
      "net_income": -4032000,
      "opex": 7973000,
      "cogs": 661000,
      "rd": 1249000,
      "sga": 6724000,
      "fcf": -2447000,
      "ocf": -2373000,
      "capex": -74000,
      "gross_margin": 0.8533717834960071,
      "op_margin": -0.9152617568766637,
      "fcf_margin": -0.542812777284827,
      "incr_op_margin_yoy": 0.5647709320695102,
      "rev_growth_yoy": 1.2813765182186234,
      "rev_growth_yoy_accel": 0.6351085534527449,
      "op_leverage_ratio": 112.82185892780387,
      "fcf_margin_change": 0.3898822382037678
    },
    {
      "date": "2023-12-31T00:00:00",
      "quarter_label": "2023-12 (Q4)",
      "revenue": 5191000,
      "gross_profit": 4091000,
      "operating_income": -3958000,
      "net_income": -4032000,
      "opex": 8049000,
      "cogs": 1100000,
      "rd": 1108000,
      "sga": 6941000,
      "fcf": -3164000,
      "ocf": -3123000,
      "capex": -41000,
      "gross_margin": 0.7880947794259295,
      "op_margin": -0.7624735118474283,
      "fcf_margin": -0.6095164708148719,
      "incr_op_margin_yoy": 0.7445838084378563,
      "rev_growth_yoy": 1.027734375,
      "rev_growth_yoy_accel": -0.25364214321862333,
      "op_leverage_ratio": 15.894430369401766,
      "fcf_margin_change": -0.0667036935300449
    },
    {
      "date": "2024-03-31T00:00:00",
      "quarter_label": "2024-03 (Q1)",
      "revenue": 5443000,
      "gross_profit": 4555000,
      "operating_income": -3849000,
      "net_income": -3506000,
      "opex": 8404000,
      "cogs": 888000,
      "rd": 399000,
      "sga": 8005000,
      "fcf": -2558000,
      "ocf": -2558000,
      "capex": null,
      "gross_margin": 0.8368546757302958,
      "op_margin": -0.7071467940474003,
      "fcf_margin": -0.4699614183354768,
      "incr_op_margin_yoy": 0.8817123544874202,
      "rev_growth_yoy": 0.9579136690647482,
      "rev_growth_yoy_accel": -0.06982070593525191,
      "op_leverage_ratio": 1.1006850969039046,
      "fcf_margin_change": 0.13955505247939515
    },
    {
      "date": "2024-06-30T00:00:00",
      "quarter_label": "2024-06 (Q2)",
      "revenue": 6139000,
      "gross_profit": 5301000,
      "operating_income": -2591000,
      "net_income": -2655000,
      "opex": 7892000,
      "cogs": 838000,
      "rd": 635000,
      "sga": 7257000,
      "fcf": -1772000,
      "ocf": -1772000,
      "capex": null,
      "gross_margin": 0.8634956833360482,
      "op_margin": -0.4220557093989249,
      "fcf_margin": -0.28864635934191235,
      "incr_op_margin_yoy": 0.9261978361669243,
      "rev_growth_yoy": 0.7288087862573923,
      "rev_growth_yoy_accel": -0.22910488280735586,
      "op_leverage_ratio": Infinity,
      "fcf_margin_change": 0.18131505899356443
    },
    {
      "date": "2024-09-30T00:00:00",
      "quarter_label": "2024-09 (Q3)",
      "revenue": 6554000,
      "gross_profit": 5489000,
      "operating_income": -2651000,
      "net_income": -2497000,
      "opex": 8140000,
      "cogs": 1065000,
      "rd": 521000,
      "sga": 7619000,
      "fcf": -1363000,
      "ocf": -1363000,
      "capex": null,
      "gross_margin": 0.8375038144644492,
      "op_margin": -0.404485810192249,
      "fcf_margin": -0.2079646017699115,
      "incr_op_margin_yoy": 0.7209188660801564,
      "rev_growth_yoy": 0.4538598047914818,
      "rev_growth_yoy_accel": -0.2749489814659105,
      "op_leverage_ratio": 2.151225112842798,
      "fcf_margin_change": 0.08068175757200086
    },
    {
      "date": "2024-12-31T00:00:00",
      "quarter_label": "2024-12 (Q4)",
      "revenue": 7046000,
      "gross_profit": 6052000,
      "operating_income": -3071000,
      "net_income": -3228000,
      "opex": 9123000,
      "cogs": 994000,
      "rd": 805000,
      "sga": 8318000,
      "fcf": -1255000,
      "ocf": -1255000,
      "capex": null,
      "gross_margin": 0.8589270508089696,
      "op_margin": -0.43585012773204657,
      "fcf_margin": -0.17811524269088844,
      "incr_op_margin_yoy": 0.47816711590296496,
      "rev_growth_yoy": 0.357349258331728,
      "rev_growth_yoy_accel": -0.09651054645975382,
      "op_leverage_ratio": 0.6216265466236984,
      "fcf_margin_change": 0.029849359079023058
    },
    {
      "date": "2025-03-31T00:00:00",
      "quarter_label": "2025-03 (Q1)",
      "revenue": 6719000,
      "gross_profit": 5706000,
      "operating_income": -3822000,
      "net_income": -3855000,
      "opex": 9528000,
      "cogs": 1013000,
      "rd": 642000,
      "sga": 8886000,
      "fcf": -4392000,
      "ocf": -4355000,
      "capex": -37000,
      "gross_margin": 0.8492335168923947,
      "op_margin": -0.5688346480130971,
      "fcf_margin": -0.6536687006995089,
      "incr_op_margin_yoy": 0.02115987460815047,
      "rev_growth_yoy": 0.23442954253169207,
      "rev_growth_yoy_accel": -0.12291971580003591,
      "fcf_margin_change": -0.4755534580086205
    },
    {
      "date": "2025-06-30T00:00:00",
      "quarter_label": "2025-06 (Q2)",
      "revenue": 7381000,
      "gross_profit": 6442000,
      "operating_income": -3506000,
      "net_income": -3671000,
      "opex": 9948000,
      "cogs": 939000,
      "rd": 511000,
      "sga": 9437000,
      "fcf": -648000,
      "ocf": -623000,
      "capex": -25000,
      "gross_margin": 0.8727814659260262,
      "op_margin": -0.4750033870749221,
      "fcf_margin": -0.08779298198076141,
      "incr_op_margin_yoy": -0.7367149758454107,
      "rev_growth_yoy": 0.2023130803062388,
      "rev_growth_yoy_accel": -0.03211646222545328,
      "op_leverage_ratio": 2.235145536112942,
      "fcf_margin_change": 0.5658757187187475
    },
    {
      "date": "2025-09-30T00:00:00",
      "quarter_label": "2025-09 (Q3)",
      "revenue": 8689000,
      "gross_profit": 7470000,
      "operating_income": -2884000,
      "net_income": -3405000,
      "opex": 10354000,
      "cogs": 1219000,
      "rd": 662000,
      "sga": 9692000,
      "fcf": -1673000,
      "ocf": -1669000,
      "capex": -4000,
      "gross_margin": 0.859707676372425,
      "op_margin": -0.3319139141443204,
      "fcf_margin": -0.1925422948555645,
      "incr_op_margin_yoy": -0.10913348946135831,
      "rev_growth_yoy": 0.3257552639609399,
      "rev_growth_yoy_accel": 0.12344218365470111,
      "op_leverage_ratio": 4.342124600308474,
      "fcf_margin_change": -0.1047493128748031
    }
  ],
  "signals": [
    {
      "quarter": "2025-09 (Q3)",
      "signal": "OPERATING LEVERAGE",
      "detail": "Rev growth +17.7% vs OpEx growth +4.1% (leverage: 4.3x)",
      "severity": "MEDIUM"
    },
    {
      "quarter": "2025-09 (Q3)",
      "signal": "YoY REVENUE GROWTH ACCELERATION",
      "detail": "YoY growth: +32.6% vs prior quarter YoY: +20.2% (accel: +12.3%)",
      "severity": "MEDIUM"
    },
    {
      "quarter": "2025-06 (Q2)",
      "signal": "FCF MARGIN EXPANSION",
      "detail": "FCF margin: -65.4% -> -8.8% (+56.6%)",
      "severity": "MEDIUM"
    },
    {
      "quarter": "2025-06 (Q2)",
      "signal": "OPERATING LEVERAGE",
      "detail": "Rev growth +9.9% vs OpEx growth +4.4% (leverage: 2.2x)",
      "severity": "MEDIUM"
    },
    {
      "quarter": "2025-06 (Q2)",
      "signal": "GROSS MARGIN INFLECTION",
      "detail": "GM: +85.9% -> +84.9% -> +87.3% (reversal +2.4%)",
      "severity": "MEDIUM"
    },
    {
      "quarter": "2025-03 (Q1)",
      "signal": "YoY REVENUE GROWTH DECELERATION",
      "detail": "YoY growth: +23.4% vs prior quarter YoY: +35.7% (decel: -12.3%)",
      "severity": "WARNING"
    },
    {
      "quarter": "2024-12 (Q4)",
      "signal": "GROSS MARGIN INFLECTION",
      "detail": "GM: +86.3% -> +83.8% -> +85.9% (reversal +2.1%)",
      "severity": "MEDIUM"
    },
    {
      "quarter": "2024-12 (Q4)",
      "signal": "YoY REVENUE GROWTH DECELERATION",
      "detail": "YoY growth: +35.7% vs prior quarter YoY: +45.4% (decel: -9.7%)",
      "severity": "WARNING"
    },
    {
      "quarter": "2024-09 (Q3)",
      "signal": "FCF MARGIN EXPANSION",
      "detail": "FCF margin: -28.9% -> -20.8% (+8.1%)",
      "severity": "MEDIUM"
    },
    {
      "quarter": "2024-09 (Q3)",
      "signal": "OPERATING LEVERAGE",
      "detail": "Rev growth +6.8% vs OpEx growth +3.1% (leverage: 2.2x)",
      "severity": "MEDIUM"
    },
    {
      "quarter": "2024-09 (Q3)",
      "signal": "YoY REVENUE GROWTH DECELERATION",
      "detail": "YoY growth: +45.4% vs prior quarter YoY: +72.9% (decel: -27.5%)",
      "severity": "WARNING"
    },
    {
      "quarter": "2024-06 (Q2)",
      "signal": "FCF MARGIN EXPANSION",
      "detail": "FCF margin: -47.0% -> -28.9% (+18.1%)",
      "severity": "MEDIUM"
    },
    {
      "quarter": "2024-06 (Q2)",
      "signal": "YoY REVENUE GROWTH DECELERATION",
      "detail": "YoY growth: +72.9% vs prior quarter YoY: +95.8% (decel: -22.9%)",
      "severity": "WARNING"
    },
    {
      "quarter": "2024-03 (Q1)",
      "signal": "FCF MARGIN EXPANSION",
      "detail": "FCF margin: -61.0% -> -47.0% (+14.0%)",
      "severity": "MEDIUM"
    },
    {
      "quarter": "2024-03 (Q1)",
      "signal": "GROSS MARGIN INFLECTION",
      "detail": "GM: +85.3% -> +78.8% -> +83.7% (reversal +4.9%)",
      "severity": "MEDIUM"
    },
    {
      "quarter": "2024-03 (Q1)",
      "signal": "YoY REVENUE GROWTH DECELERATION",
      "detail": "YoY growth: +95.8% vs prior quarter YoY: +102.8% (decel: -7.0%)",
      "severity": "WARNING"
    },
    {
      "quarter": "2023-12 (Q4)",
      "signal": "OPERATING LEVERAGE",
      "detail": "Rev growth +15.2% vs OpEx growth +1.0% (leverage: 15.9x)",
      "severity": "MEDIUM"
    },
    {
      "quarter": "2023-12 (Q4)",
      "signal": "YoY REVENUE GROWTH DECELERATION",
      "detail": "YoY growth: +102.8% vs prior quarter YoY: +128.1% (decel: -25.4%)",
      "severity": "WARNING"
    },
    {
      "quarter": "2023-09 (Q3)",
      "signal": "FCF MARGIN EXPANSION",
      "detail": "FCF margin: -93.3% -> -54.3% (+39.0%)",
      "severity": "MEDIUM"
    },
    {
      "quarter": "2023-09 (Q3)",
      "signal": "OPERATING LEVERAGE",
      "detail": "Rev growth +27.0% vs OpEx growth +0.2% (leverage: 112.8x)",
      "severity": "MEDIUM"
    },
    {
      "quarter": "2023-09 (Q3)",
      "signal": "YoY REVENUE GROWTH ACCELERATION",
      "detail": "YoY growth: +128.1% vs prior quarter YoY: +64.6% (accel: +63.5%)",
      "severity": "HIGH"
    },
    {
      "quarter": "2023-06 (Q2)",
      "signal": "FCF MARGIN EXPANSION",
      "detail": "FCF margin: -210.8% -> -93.3% (+117.5%)",
      "severity": "MEDIUM"
    },
    {
      "quarter": "2023-06 (Q2)",
      "signal": "YoY REVENUE GROWTH ACCELERATION",
      "detail": "YoY growth: +64.6% vs prior quarter YoY: +46.4% (accel: +18.2%)",
      "severity": "HIGH"
    },
    {
      "quarter": "2023-03 (Q1)",
      "signal": "GROSS MARGIN INFLECTION",
      "detail": "GM: +86.9% -> +75.0% -> +83.5% (reversal +8.5%)",
      "severity": "HIGH"
    },
    {
      "quarter": "2023-03 (Q1)",
      "signal": "YoY REVENUE GROWTH DECELERATION",
      "detail": "YoY growth: +46.4% vs prior quarter YoY: +71.7% (decel: -25.3%)",
      "severity": "WARNING"
    },
    {
      "quarter": "2022-12 (Q4)",
      "signal": "FCF MARGIN EXPANSION",
      "detail": "FCF margin: -233.1% -> -156.8% (+76.4%)",
      "severity": "MEDIUM"
    },
    {
      "quarter": "2022-12 (Q4)",
      "signal": "OPERATING LEVERAGE",
      "detail": "Rev growth +29.6% vs OpEx growth +7.7% (leverage: 3.8x)",
      "severity": "MEDIUM"
    },
    {
      "quarter": "2022-12 (Q4)",
      "signal": "YoY REVENUE GROWTH ACCELERATION",
      "detail": "YoY growth: +71.7% vs prior quarter YoY: +32.9% (accel: +38.8%)",
      "severity": "HIGH"
    },
    {
      "quarter": "2022-09 (Q3)",
      "signal": "YoY REVENUE GROWTH DECELERATION",
      "detail": "YoY growth: +32.9% vs prior quarter YoY: +69.9% (decel: -37.0%)",
      "severity": "WARNING"
    },
    {
      "quarter": "2022-06 (Q2)",
      "signal": "FCF MARGIN EXPANSION",
      "detail": "FCF margin: -251.7% -> -150.4% (+101.3%)",
      "severity": "MEDIUM"
    },
    {
      "quarter": "2022-06 (Q2)",
      "signal": "OPERATING LEVERAGE",
      "detail": "Rev growth +13.6% vs OpEx growth +7.0% (leverage: 1.9x)",
      "severity": "MEDIUM"
    },
    {
      "quarter": "2022-06 (Q2)",
      "signal": "YoY REVENUE GROWTH ACCELERATION",
      "detail": "YoY growth: +69.9% vs prior quarter YoY: +57.7% (accel: +12.2%)",
      "severity": "MEDIUM"
    },
    {
      "quarter": "2022-03 (Q1)",
      "signal": "FCF MARGIN EXPANSION",
      "detail": "FCF margin: -292.1% -> -251.7% (+40.3%)",
      "severity": "MEDIUM"
    },
    {
      "quarter": "2022-03 (Q1)",
      "signal": "OPERATING LEVERAGE",
      "detail": "Rev growth +27.4% vs OpEx growth +6.7% (leverage: 4.1x)",
      "severity": "MEDIUM"
    },
    {
      "quarter": "2021-06 (Q2)",
      "signal": "FCF MARGIN EXPANSION",
      "detail": "FCF margin: -345.2% -> -131.6% (+213.7%)",
      "severity": "MEDIUM"
    },
    {
      "quarter": "2021-03 (Q1)",
      "signal": "FCF MARGIN EXPANSION",
      "detail": "FCF margin: -385.8% -> -345.2% (+40.6%)",
      "severity": "MEDIUM"
    }
  ],
  "data_quality": {
    "n_quarters": 20,
    "coverage": {
      "revenue": [
        20,
        20
      ],
      "gross_profit": [
        20,
        20
      ],
      "op_income": [
        20,
        20
      ],
      "fcf": [
        20,
        20
      ]
    },
    "gaps": [],
    "warnings": []
  },
  "market_cap": null,
  "source": "SEC EDGAR",
  "last_updated": "2026-02-02T23:33:55.302156",
  "sector": "Healthcare",
  "industry": "Medical Devices"
}