{
  "ticker": "ECVT",
  "name": "Ecovyst Inc.",
  "quarters": [
    {
      "date": "2020-12-31T00:00:00",
      "quarter_label": "2020-12 (Q4)",
      "revenue": 281505000,
      "gross_profit": 67227000,
      "operating_income": -245623000,
      "net_income": -299059000,
      "opex": 312850000,
      "cogs": 10504000,
      "rd": null,
      "sga": 6000000,
      "fcf": 52723000,
      "ocf": 72992000,
      "capex": -20269000,
      "gross_margin": 0.23881280971918795,
      "op_margin": -0.8725351237100585,
      "fcf_margin": 0.18728974618568053
    },
    {
      "date": "2021-03-31T00:00:00",
      "quarter_label": "2021-03 (Q1)",
      "revenue": 126624000,
      "gross_profit": 30119000,
      "operating_income": 2482000,
      "net_income": -92635000,
      "opex": 27637000,
      "cogs": 96505000,
      "rd": null,
      "sga": 22130000,
      "fcf": 4860000,
      "ocf": 17423000,
      "capex": -12563000,
      "gross_margin": 0.23786170078342178,
      "op_margin": 0.019601339398534243,
      "fcf_margin": 0.03838134950720243,
      "fcf_margin_change": -0.1489083966784781
    },
    {
      "date": "2021-06-30T00:00:00",
      "quarter_label": "2021-06 (Q2)",
      "revenue": 146952000,
      "gross_profit": 38473000,
      "operating_income": 11652000,
      "net_income": -1490000,
      "opex": 26821000,
      "cogs": 108479000,
      "rd": null,
      "sga": 21856000,
      "fcf": 16399000,
      "ocf": 31875000,
      "capex": -15476000,
      "gross_margin": 0.26180657629702214,
      "op_margin": 0.07929119712559203,
      "fcf_margin": 0.11159426207196908,
      "op_leverage_ratio": Infinity,
      "fcf_margin_change": 0.07321291256476666
    },
    {
      "date": "2021-09-30T00:00:00",
      "quarter_label": "2021-09 (Q3)",
      "revenue": 167428000,
      "gross_profit": 53644000,
      "operating_income": 22494000,
      "net_income": -71259000,
      "opex": 31150000,
      "cogs": 113784000,
      "rd": null,
      "sga": 24836000,
      "fcf": 18959000,
      "ocf": 35568000,
      "capex": -16609000,
      "gross_margin": 0.32040041092290417,
      "op_margin": 0.13435028788494158,
      "fcf_margin": 0.11323673459636381,
      "op_leverage_ratio": 0.863290576094757,
      "fcf_margin_change": 0.001642472524394728
    },
    {
      "date": "2021-12-31T00:00:00",
      "quarter_label": "2021-12 (Q4)",
      "revenue": 170197000,
      "gross_profit": 54425000,
      "operating_income": 17979000,
      "net_income": 25435000,
      "opex": 36446000,
      "cogs": 115772000,
      "rd": null,
      "sga": 28959000,
      "fcf": 29655000,
      "ocf": 45052000,
      "capex": -15397000,
      "gross_margin": 0.3197764942977843,
      "op_margin": 0.10563640957243664,
      "fcf_margin": 0.17423926391181982,
      "incr_op_margin_yoy": -2.3682215114816545,
      "rev_growth_yoy": -0.3954032788049946,
      "op_leverage_ratio": 0.09727582905817944,
      "fcf_margin_change": 0.06100252931545601
    },
    {
      "date": "2022-03-31T00:00:00",
      "quarter_label": "2022-03 (Q1)",
      "revenue": 179714000,
      "gross_profit": 47735000,
      "operating_income": 16436000,
      "net_income": 7875000,
      "opex": 31299000,
      "cogs": 131979000,
      "rd": null,
      "sga": 23536000,
      "fcf": -4327000,
      "ocf": 6423000,
      "capex": -10750000,
      "gross_margin": 0.26561647951745554,
      "op_margin": 0.09145642520894309,
      "fcf_margin": -0.024077144796732588,
      "incr_op_margin_yoy": 0.2628366924091166,
      "rev_growth_yoy": 0.41927280768258784,
      "rev_growth_yoy_accel": 0.8146760864875824,
      "op_leverage_ratio": Infinity,
      "fcf_margin_change": -0.1983164087085524
    },
    {
      "date": "2022-06-30T00:00:00",
      "quarter_label": "2022-06 (Q2)",
      "revenue": 225172000,
      "gross_profit": 59859000,
      "operating_income": 27411000,
      "net_income": 19245000,
      "opex": 32448000,
      "cogs": 165313000,
      "rd": null,
      "sga": 22783000,
      "fcf": 31347000,
      "ocf": 46432000,
      "capex": -15085000,
      "gross_margin": 0.26583678254845183,
      "op_margin": 0.12173360808626295,
      "fcf_margin": 0.13921357895297817,
      "incr_op_margin_yoy": 0.20147021222193812,
      "rev_growth_yoy": 0.532282650117045,
      "rev_growth_yoy_accel": 0.11300984243445716,
      "op_leverage_ratio": 6.890311356619979,
      "fcf_margin_change": 0.16329072374971076
    },
    {
      "date": "2022-09-30T00:00:00",
      "quarter_label": "2022-09 (Q3)",
      "revenue": 232533000,
      "gross_profit": 67669000,
      "operating_income": 38536000,
      "net_income": 21325000,
      "opex": 29133000,
      "cogs": 164864000,
      "rd": null,
      "sga": 21460000,
      "fcf": 42831000,
      "ocf": 56470000,
      "capex": -13639000,
      "gross_margin": 0.29100815798187785,
      "op_margin": 0.16572271462545102,
      "fcf_margin": 0.18419321128614002,
      "incr_op_margin_yoy": 0.2464019660548345,
      "rev_growth_yoy": 0.38885371622428744,
      "rev_growth_yoy_accel": -0.14342893389275757,
      "op_leverage_ratio": Infinity,
      "fcf_margin_change": 0.04497963233316185
    },
    {
      "date": "2022-12-31T00:00:00",
      "quarter_label": "2022-12 (Q4)",
      "revenue": 182740000,
      "gross_profit": 49367000,
      "operating_income": 22002000,
      "net_income": 25252000,
      "opex": 27365000,
      "cogs": 133373000,
      "rd": null,
      "sga": 17555000,
      "fcf": 57885000,
      "ocf": 77281000,
      "capex": -19396000,
      "gross_margin": 0.2701488453540549,
      "op_margin": 0.12040056911458903,
      "fcf_margin": 0.31676151909817224,
      "incr_op_margin_yoy": 0.32073666586940924,
      "rev_growth_yoy": 0.07369695118010305,
      "rev_growth_yoy_accel": -0.3151567650441844,
      "fcf_margin_change": 0.13256830781203222
    },
    {
      "date": "2023-03-31T00:00:00",
      "quarter_label": "2023-03 (Q1)",
      "revenue": 160874000,
      "gross_profit": 36493000,
      "operating_income": 8658000,
      "net_income": -1471000,
      "opex": 27835000,
      "cogs": 124381000,
      "rd": null,
      "sga": 21119000,
      "fcf": -14584000,
      "ocf": 4114000,
      "capex": -18698000,
      "gross_margin": 0.22684212489277322,
      "op_margin": 0.053818516354414016,
      "fcf_margin": -0.09065479816502356,
      "incr_op_margin_yoy": 0.41284501061571127,
      "rev_growth_yoy": -0.1048332350289905,
      "rev_growth_yoy_accel": -0.17853018620909356,
      "fcf_margin_change": -0.4074163172631958
    },
    {
      "date": "2023-06-30T00:00:00",
      "quarter_label": "2023-06 (Q2)",
      "revenue": 184110000,
      "gross_profit": 60970000,
      "operating_income": 33313000,
      "net_income": 26122000,
      "opex": 27657000,
      "cogs": 123140000,
      "rd": null,
      "sga": 21395000,
      "fcf": 16497000,
      "ocf": 37026000,
      "capex": -20529000,
      "gross_margin": 0.33116071913529954,
      "op_margin": 0.18094074194774862,
      "fcf_margin": 0.08960404106240834,
      "incr_op_margin_yoy": -0.14373386586138034,
      "rev_growth_yoy": -0.18235837493116372,
      "rev_growth_yoy_accel": -0.07752513990217322,
      "op_leverage_ratio": Infinity,
      "fcf_margin_change": 0.1802588392274319
    },
    {
      "date": "2023-09-30T00:00:00",
      "quarter_label": "2023-09 (Q3)",
      "revenue": 173326000,
      "gross_profit": 53184000,
      "operating_income": 31929000,
      "net_income": 16574000,
      "opex": 21255000,
      "cogs": 120142000,
      "rd": null,
      "sga": 16945000,
      "fcf": 17851000,
      "ocf": 32266000,
      "capex": -14415000,
      "gross_margin": 0.30684375108177653,
      "op_margin": 0.18421356288150653,
      "fcf_margin": 0.10299089576866714,
      "incr_op_margin_yoy": 0.1115915347847383,
      "rev_growth_yoy": -0.25461762416517225,
      "rev_growth_yoy_accel": -0.07225924923400853,
      "fcf_margin_change": 0.013386854706258805
    },
    {
      "date": "2023-12-31T00:00:00",
      "quarter_label": "2023-12 (Q4)",
      "revenue": 172808000,
      "gross_profit": 47317000,
      "operating_income": 22750000,
      "net_income": 29929000,
      "opex": 24567000,
      "cogs": 125491000,
      "rd": null,
      "sga": 19755000,
      "fcf": 52498000,
      "ocf": 64191000,
      "capex": -11693000,
      "gross_margin": 0.27381255497430673,
      "op_margin": 0.1316489977315865,
      "fcf_margin": 0.30379380584232213,
      "incr_op_margin_yoy": -0.07531212243254128,
      "rev_growth_yoy": -0.05435044325270877,
      "rev_growth_yoy_accel": 0.20026718091246348,
      "fcf_margin_change": 0.20080291007365497
    },
    {
      "date": "2024-03-31T00:00:00",
      "quarter_label": "2024-03 (Q1)",
      "revenue": 160537000,
      "gross_profit": 39223000,
      "operating_income": 13953000,
      "net_income": 1221000,
      "opex": 25270000,
      "cogs": 121314000,
      "rd": null,
      "sga": 21604000,
      "fcf": 19131000,
      "ocf": 36503000,
      "capex": -17372000,
      "gross_margin": 0.24432373845281774,
      "op_margin": 0.08691454306483863,
      "fcf_margin": 0.11916878974940356,
      "rev_growth_yoy": -0.00209480711612815,
      "rev_growth_yoy_accel": 0.052255636136580616,
      "fcf_margin_change": -0.18462501609291856
    },
    {
      "date": "2024-06-30T00:00:00",
      "quarter_label": "2024-06 (Q2)",
      "revenue": 182820000,
      "gross_profit": 53663000,
      "operating_income": 27848000,
      "net_income": 8295000,
      "opex": 25815000,
      "cogs": 129157000,
      "rd": null,
      "sga": 22707000,
      "fcf": -9320000,
      "ocf": 9957000,
      "capex": -19277000,
      "gross_margin": 0.2935291543594793,
      "op_margin": 0.15232469095284978,
      "fcf_margin": -0.05097910513072968,
      "incr_op_margin_yoy": 4.236434108527132,
      "rev_growth_yoy": -0.007006680788658954,
      "rev_growth_yoy_accel": -0.004911873672530804,
      "op_leverage_ratio": 6.435869909780437,
      "fcf_margin_change": -0.17014789488013324
    },
    {
      "date": "2024-09-30T00:00:00",
      "quarter_label": "2024-09 (Q3)",
      "revenue": 179175000,
      "gross_profit": 54703000,
      "operating_income": 31541000,
      "net_income": 14251000,
      "opex": 23162000,
      "cogs": 124472000,
      "rd": null,
      "sga": 19950000,
      "fcf": 53623000,
      "ocf": 59935000,
      "capex": -6312000,
      "gross_margin": 0.3053048695409516,
      "op_margin": 0.176034603041719,
      "fcf_margin": 0.299277242918934,
      "incr_op_margin_yoy": -0.06633612583347581,
      "rev_growth_yoy": 0.03374565847016604,
      "rev_growth_yoy_accel": 0.040752339258824995,
      "fcf_margin_change": 0.35025634804966366
    },
    {
      "date": "2024-12-31T00:00:00",
      "quarter_label": "2024-12 (Q4)",
      "revenue": 181961000,
      "gross_profit": 53933000,
      "operating_income": 24752000,
      "net_income": -30419000,
      "opex": 29181000,
      "cogs": 128028000,
      "rd": null,
      "sga": 19616000,
      "fcf": 17503000,
      "ocf": 43495000,
      "capex": -25992000,
      "gross_margin": 0.29639867883777293,
      "op_margin": 0.1360291491033793,
      "fcf_margin": 0.09619094201504719,
      "incr_op_margin_yoy": 0.21872610073200044,
      "rev_growth_yoy": 0.05296629785658071,
      "rev_growth_yoy_accel": 0.01922063938641467,
      "op_leverage_ratio": 0.05983501619319854,
      "fcf_margin_change": -0.2030863009038868
    },
    {
      "date": "2025-03-31T00:00:00",
      "quarter_label": "2025-03 (Q1)",
      "revenue": 162197000,
      "gross_profit": 25615000,
      "operating_income": -912000,
      "net_income": -3597000,
      "opex": 26527000,
      "cogs": 136582000,
      "rd": null,
      "sga": 21345000,
      "fcf": -13997000,
      "ocf": 10256000,
      "capex": -24253000,
      "gross_margin": 0.1579252390611417,
      "op_margin": -0.005622792036844085,
      "fcf_margin": -0.08629629401283624,
      "incr_op_margin_yoy": -8.954819277108435,
      "rev_growth_yoy": 0.01034029538361873,
      "rev_growth_yoy_accel": -0.042626002472961985,
      "fcf_margin_change": -0.18248723602788341
    },
    {
      "date": "2025-06-30T00:00:00",
      "quarter_label": "2025-06 (Q2)",
      "revenue": 200128000,
      "gross_profit": 49722000,
      "operating_income": 17809000,
      "net_income": 5986000,
      "opex": 31913000,
      "cogs": 150406000,
      "rd": null,
      "sga": 22661000,
      "fcf": 7765000,
      "ocf": 33037000,
      "capex": -25272000,
      "gross_margin": 0.24845099136552606,
      "op_margin": 0.08898804764950431,
      "fcf_margin": 0.03880016789254877,
      "incr_op_margin_yoy": -0.5800207996302288,
      "rev_growth_yoy": 0.09467235532217481,
      "rev_growth_yoy_accel": 0.08433205993855608,
      "op_leverage_ratio": 1.1517898937203304,
      "fcf_margin_change": 0.125096461905385
    },
    {
      "date": "2025-09-30T00:00:00",
      "quarter_label": "2025-09 (Q3)",
      "revenue": 204907000,
      "gross_profit": 52075000,
      "operating_income": 28275000,
      "net_income": -79255000,
      "opex": 23800000,
      "cogs": 152832000,
      "rd": null,
      "sga": 15658000,
      "fcf": 53183000,
      "ocf": 55254000,
      "capex": -2071000,
      "gross_margin": 0.2541396828805263,
      "op_margin": 0.13798942935087624,
      "fcf_margin": 0.25954701401123437,
      "incr_op_margin_yoy": -0.1269236748018032,
      "rev_growth_yoy": 0.14361378540532999,
      "rev_growth_yoy_accel": 0.04894143008315517,
      "op_leverage_ratio": Infinity,
      "fcf_margin_change": 0.2207468461186856
    }
  ],
  "signals": [
    {
      "quarter": "2025-09 (Q3)",
      "signal": "FCF MARGIN EXPANSION",
      "detail": "FCF margin: +3.9% -> +26.0% (+22.1%)",
      "severity": "MEDIUM"
    },
    {
      "quarter": "2025-06 (Q2)",
      "signal": "FCF TURNED POSITIVE",
      "detail": "FCF margin: -8.6% -> +3.9%",
      "severity": "HIGH"
    },
    {
      "quarter": "2025-06 (Q2)",
      "signal": "GROSS MARGIN INFLECTION",
      "detail": "GM: +29.6% -> +15.8% -> +24.8% (reversal +9.1%)",
      "severity": "HIGH"
    },
    {
      "quarter": "2025-06 (Q2)",
      "signal": "YoY REVENUE GROWTH ACCELERATION",
      "detail": "YoY growth: +9.5% vs prior quarter YoY: +1.0% (accel: +8.4%)",
      "severity": "MEDIUM"
    },
    {
      "quarter": "2025-06 (Q2)",
      "signal": "OP MARGIN TURNED POSITIVE (QoQ)",
      "detail": "Op margin: -0.6% -> +8.9%",
      "severity": "HIGH"
    },
    {
      "quarter": "2024-09 (Q3)",
      "signal": "FCF TURNED POSITIVE",
      "detail": "FCF margin: -5.1% -> +29.9%",
      "severity": "HIGH"
    },
    {
      "quarter": "2024-06 (Q2)",
      "signal": "OPERATING LEVERAGE",
      "detail": "Rev growth +13.9% vs OpEx growth +2.2% (leverage: 6.4x)",
      "severity": "MEDIUM"
    },
    {
      "quarter": "2024-06 (Q2)",
      "signal": "GROSS MARGIN INFLECTION",
      "detail": "GM: +27.4% -> +24.4% -> +29.4% (reversal +4.9%)",
      "severity": "MEDIUM"
    },
    {
      "quarter": "2024-06 (Q2)",
      "signal": "INCREMENTAL MARGIN (YoY)",
      "detail": "YoY Incr OPM: +423.6% vs year-ago OPM: +18.1%",
      "severity": "HIGH"
    },
    {
      "quarter": "2024-03 (Q1)",
      "signal": "YoY REVENUE GROWTH ACCELERATION",
      "detail": "YoY growth: -0.2% vs prior quarter YoY: -5.4% (accel: +5.2%)",
      "severity": "MEDIUM"
    },
    {
      "quarter": "2023-12 (Q4)",
      "signal": "FCF MARGIN EXPANSION",
      "detail": "FCF margin: +10.3% -> +30.4% (+20.1%)",
      "severity": "MEDIUM"
    },
    {
      "quarter": "2023-12 (Q4)",
      "signal": "YoY REVENUE GROWTH ACCELERATION",
      "detail": "YoY growth: -5.4% vs prior quarter YoY: -25.5% (accel: +20.0%)",
      "severity": "HIGH"
    },
    {
      "quarter": "2023-09 (Q3)",
      "signal": "YoY REVENUE GROWTH DECELERATION",
      "detail": "YoY growth: -25.5% vs prior quarter YoY: -18.2% (decel: -7.2%)",
      "severity": "WARNING"
    },
    {
      "quarter": "2023-06 (Q2)",
      "signal": "FCF TURNED POSITIVE",
      "detail": "FCF margin: -9.1% -> +9.0%",
      "severity": "HIGH"
    },
    {
      "quarter": "2023-06 (Q2)",
      "signal": "GROSS MARGIN INFLECTION",
      "detail": "GM: +27.0% -> +22.7% -> +33.1% (reversal +10.4%)",
      "severity": "HIGH"
    },
    {
      "quarter": "2023-06 (Q2)",
      "signal": "YoY REVENUE GROWTH DECELERATION",
      "detail": "YoY growth: -18.2% vs prior quarter YoY: -10.5% (decel: -7.8%)",
      "severity": "WARNING"
    },
    {
      "quarter": "2023-03 (Q1)",
      "signal": "YoY REVENUE GROWTH DECELERATION",
      "detail": "YoY growth: -10.5% vs prior quarter YoY: +7.4% (decel: -17.9%)",
      "severity": "WARNING"
    },
    {
      "quarter": "2023-03 (Q1)",
      "signal": "INCREMENTAL MARGIN (YoY)",
      "detail": "YoY Incr OPM: +41.3% vs year-ago OPM: +9.1%",
      "severity": "HIGH"
    },
    {
      "quarter": "2022-12 (Q4)",
      "signal": "FCF MARGIN EXPANSION",
      "detail": "FCF margin: +18.4% -> +31.7% (+13.3%)",
      "severity": "MEDIUM"
    },
    {
      "quarter": "2022-12 (Q4)",
      "signal": "YoY REVENUE GROWTH DECELERATION",
      "detail": "YoY growth: +7.4% vs prior quarter YoY: +38.9% (decel: -31.5%)",
      "severity": "WARNING"
    },
    {
      "quarter": "2022-12 (Q4)",
      "signal": "INCREMENTAL MARGIN (YoY)",
      "detail": "YoY Incr OPM: +32.1% vs year-ago OPM: +10.6%",
      "severity": "HIGH"
    },
    {
      "quarter": "2022-09 (Q3)",
      "signal": "YoY REVENUE GROWTH DECELERATION",
      "detail": "YoY growth: +38.9% vs prior quarter YoY: +53.2% (decel: -14.3%)",
      "severity": "WARNING"
    },
    {
      "quarter": "2022-09 (Q3)",
      "signal": "INCREMENTAL MARGIN (YoY)",
      "detail": "YoY Incr OPM: +24.6% vs year-ago OPM: +13.4%",
      "severity": "MEDIUM"
    },
    {
      "quarter": "2022-06 (Q2)",
      "signal": "FCF TURNED POSITIVE",
      "detail": "FCF margin: -2.4% -> +13.9%",
      "severity": "HIGH"
    },
    {
      "quarter": "2022-06 (Q2)",
      "signal": "OPERATING LEVERAGE",
      "detail": "Rev growth +25.3% vs OpEx growth +3.7% (leverage: 6.9x)",
      "severity": "MEDIUM"
    },
    {
      "quarter": "2022-06 (Q2)",
      "signal": "YoY REVENUE GROWTH ACCELERATION",
      "detail": "YoY growth: +53.2% vs prior quarter YoY: +41.9% (accel: +11.3%)",
      "severity": "MEDIUM"
    },
    {
      "quarter": "2022-06 (Q2)",
      "signal": "INCREMENTAL MARGIN (YoY)",
      "detail": "YoY Incr OPM: +20.1% vs year-ago OPM: +7.9%",
      "severity": "MEDIUM"
    },
    {
      "quarter": "2022-03 (Q1)",
      "signal": "YoY REVENUE GROWTH ACCELERATION",
      "detail": "YoY growth: +41.9% vs prior quarter YoY: -39.5% (accel: +81.5%)",
      "severity": "HIGH"
    },
    {
      "quarter": "2022-03 (Q1)",
      "signal": "INCREMENTAL MARGIN (YoY)",
      "detail": "YoY Incr OPM: +26.3% vs year-ago OPM: +2.0%",
      "severity": "HIGH"
    },
    {
      "quarter": "2021-12 (Q4)",
      "signal": "FCF MARGIN EXPANSION",
      "detail": "FCF margin: +11.3% -> +17.4% (+6.1%)",
      "severity": "MEDIUM"
    },
    {
      "quarter": "2021-12 (Q4)",
      "signal": "OP MARGIN TURNED POSITIVE (YoY)",
      "detail": "Op margin: -87.3% (year-ago) -> +10.6%",
      "severity": "HIGH"
    },
    {
      "quarter": "2021-06 (Q2)",
      "signal": "FCF MARGIN EXPANSION",
      "detail": "FCF margin: +3.8% -> +11.2% (+7.3%)",
      "severity": "MEDIUM"
    },
    {
      "quarter": "2021-06 (Q2)",
      "signal": "GROSS MARGIN INFLECTION",
      "detail": "GM: +23.9% -> +23.8% -> +26.2% (reversal +2.4%)",
      "severity": "MEDIUM"
    },
    {
      "quarter": "2021-03 (Q1)",
      "signal": "OP MARGIN TURNED POSITIVE (QoQ)",
      "detail": "Op margin: -87.3% -> +2.0%",
      "severity": "HIGH"
    }
  ],
  "data_quality": {
    "n_quarters": 20,
    "coverage": {
      "revenue": [
        20,
        20
      ],
      "gross_profit": [
        20,
        20
      ],
      "op_income": [
        20,
        20
      ],
      "fcf": [
        20,
        20
      ]
    },
    "gaps": [],
    "warnings": []
  },
  "market_cap": null,
  "source": "SEC EDGAR",
  "last_updated": "2026-02-02T21:54:55.196490"
}