{
  "ticker": "EGAN",
  "name": "eGain Corporation",
  "quarters": [
    {
      "date": "2021-03-31T00:00:00",
      "quarter_label": "2021-03 (Q1)",
      "revenue": 19743000,
      "gross_profit": 14897000,
      "operating_income": 1577000,
      "net_income": 1261000,
      "opex": 13320000,
      "cogs": 4846000,
      "rd": 4371000,
      "sga": null,
      "fcf": -977000,
      "ocf": -940000,
      "capex": -37000,
      "gross_margin": 0.7545459150078508,
      "op_margin": 0.07987641189282277,
      "fcf_margin": -0.049485893734488175
    },
    {
      "date": "2021-06-30T00:00:00",
      "quarter_label": "2021-06 (Q2)",
      "revenue": 20248000,
      "gross_profit": 15169000,
      "operating_income": 1514000,
      "net_income": 2048000,
      "opex": 13655000,
      "cogs": 5078000,
      "rd": 4549000,
      "sga": null,
      "fcf": 8807000,
      "ocf": 8855000,
      "capex": -48000,
      "gross_margin": 0.7491604109047807,
      "op_margin": 0.07477281706835243,
      "fcf_margin": 0.4349565389174239,
      "op_leverage_ratio": 1.017039101710714,
      "fcf_margin_change": 0.4844424326519121
    },
    {
      "date": "2021-09-30T00:00:00",
      "quarter_label": "2021-09 (Q3)",
      "revenue": 21451000,
      "gross_profit": 16153000,
      "operating_income": 691000,
      "net_income": 551000,
      "opex": 15462000,
      "cogs": 5298000,
      "rd": 5609000,
      "sga": null,
      "fcf": 7039000,
      "ocf": 7170000,
      "capex": -131000,
      "gross_margin": 0.7530185072956972,
      "op_margin": 0.03221295044520069,
      "fcf_margin": 0.32814321010675496,
      "op_leverage_ratio": 0.44896971521041684,
      "fcf_margin_change": -0.10681332881066896
    },
    {
      "date": "2021-12-31T00:00:00",
      "quarter_label": "2021-12 (Q4)",
      "revenue": 23093000,
      "gross_profit": 16992000,
      "operating_income": -630000,
      "net_income": -826000,
      "opex": 17622000,
      "cogs": 6101000,
      "rd": 6186000,
      "sga": null,
      "fcf": -2634000,
      "ocf": -2489000,
      "capex": -145000,
      "gross_margin": 0.7358073875200277,
      "op_margin": -0.027280994240678993,
      "fcf_margin": -0.11406053782531503,
      "op_leverage_ratio": 0.5479457057169052,
      "fcf_margin_change": -0.44220374793206996
    },
    {
      "date": "2022-03-31T00:00:00",
      "quarter_label": "2022-03 (Q1)",
      "revenue": 23904000,
      "gross_profit": 17367000,
      "operating_income": -476000,
      "net_income": -615000,
      "opex": 17843000,
      "cogs": 6537000,
      "rd": 6193000,
      "sga": null,
      "fcf": 900000,
      "ocf": 1166000,
      "capex": -266000,
      "gross_margin": 0.726531124497992,
      "op_margin": -0.01991298527443106,
      "fcf_margin": 0.03765060240963856,
      "incr_op_margin_yoy": -0.49339101177601535,
      "rev_growth_yoy": 0.21075824342805044,
      "op_leverage_ratio": 2.800292658859426,
      "fcf_margin_change": 0.15171114023495358
    },
    {
      "date": "2022-06-30T00:00:00",
      "quarter_label": "2022-06 (Q2)",
      "revenue": 23503000,
      "gross_profit": 16902000,
      "operating_income": -1723000,
      "net_income": -1551000,
      "opex": 18625000,
      "cogs": 6601000,
      "rd": 6399000,
      "sga": null,
      "fcf": 2188000,
      "ocf": 2274000,
      "capex": -86000,
      "gross_margin": 0.7191422371612135,
      "op_margin": -0.07330979023954388,
      "fcf_margin": 0.09309449857465005,
      "incr_op_margin_yoy": -0.9944700460829493,
      "rev_growth_yoy": 0.1607566179375741,
      "rev_growth_yoy_accel": -0.05000162549047635,
      "fcf_margin_change": 0.05544389616501149
    },
    {
      "date": "2022-09-30T00:00:00",
      "quarter_label": "2022-09 (Q3)",
      "revenue": 24763000,
      "gross_profit": 18481000,
      "operating_income": -670000,
      "net_income": -16000,
      "opex": 19151000,
      "cogs": 6282000,
      "rd": 6874000,
      "sga": null,
      "fcf": 640000,
      "ocf": 760000,
      "capex": -120000,
      "gross_margin": 0.7463150668335824,
      "op_margin": -0.0270564955780802,
      "fcf_margin": 0.025845010701449744,
      "incr_op_margin_yoy": -0.41092995169082125,
      "rev_growth_yoy": 0.15439839634515873,
      "rev_growth_yoy_accel": -0.006358221592415364,
      "op_leverage_ratio": 1.898269115066453,
      "fcf_margin_change": -0.0672494878732003
    },
    {
      "date": "2022-12-31T00:00:00",
      "quarter_label": "2022-12 (Q4)",
      "revenue": 25600000,
      "gross_profit": 18848000,
      "operating_income": 213000,
      "net_income": -104000,
      "opex": 18635000,
      "cogs": 6752000,
      "rd": 7188000,
      "sga": null,
      "fcf": 7242000,
      "ocf": 7415000,
      "capex": -173000,
      "gross_margin": 0.73625,
      "op_margin": 0.0083203125,
      "fcf_margin": 0.282890625,
      "incr_op_margin_yoy": 0.33625847626645394,
      "rev_growth_yoy": 0.10856103581171783,
      "rev_growth_yoy_accel": -0.045837360533440896,
      "op_leverage_ratio": null,
      "fcf_margin_change": 0.2570456142985503
    },
    {
      "date": "2023-03-31T00:00:00",
      "quarter_label": "2023-03 (Q1)",
      "revenue": 23013000,
      "gross_profit": 15418000,
      "operating_income": -512000,
      "net_income": -372000,
      "opex": 15930000,
      "cogs": 7595000,
      "rd": 6687000,
      "sga": null,
      "fcf": 980000,
      "ocf": 905000,
      "capex": 75000,
      "gross_margin": 0.6699691478729414,
      "op_margin": -0.02224829444227176,
      "fcf_margin": 0.04258462608091079,
      "rev_growth_yoy": -0.03727409638554217,
      "rev_growth_yoy_accel": -0.14583513219726,
      "fcf_margin_change": -0.24030599891908921
    },
    {
      "date": "2023-06-30T00:00:00",
      "quarter_label": "2023-06 (Q2)",
      "revenue": 24635000,
      "gross_profit": 17949000,
      "operating_income": 2358000,
      "net_income": 2601000,
      "opex": 15591000,
      "cogs": 6686000,
      "rd": 6551000,
      "sga": null,
      "fcf": -4529000,
      "ocf": -4459000,
      "capex": -70000,
      "gross_margin": 0.7285975238481834,
      "op_margin": 0.0957174751370002,
      "fcf_margin": -0.18384412421351734,
      "incr_op_margin_yoy": 3.6051236749116606,
      "rev_growth_yoy": 0.04816406416202187,
      "rev_growth_yoy_accel": 0.08543816054756403,
      "op_leverage_ratio": null,
      "fcf_margin_change": -0.22642875029442813
    },
    {
      "date": "2023-09-30T00:00:00",
      "quarter_label": "2023-09 (Q3)",
      "revenue": 24176000,
      "gross_profit": 17338000,
      "operating_income": 1416000,
      "net_income": 2596000,
      "opex": 15922000,
      "cogs": 6838000,
      "rd": 6632000,
      "sga": null,
      "fcf": 8099000,
      "ocf": 8131000,
      "capex": -32000,
      "gross_margin": 0.7171575115817339,
      "op_margin": 0.0585704831237591,
      "fcf_margin": 0.33500165453342157,
      "rev_growth_yoy": -0.023704720752735938,
      "rev_growth_yoy_accel": -0.0718687849147578,
      "fcf_margin_change": 0.5188457787469389
    },
    {
      "date": "2023-12-31T00:00:00",
      "quarter_label": "2023-12 (Q4)",
      "revenue": 23815000,
      "gross_profit": 16825000,
      "operating_income": 2425000,
      "net_income": 2185000,
      "opex": 14400000,
      "cogs": 6990000,
      "rd": 6660000,
      "sga": null,
      "fcf": 7592000,
      "ocf": 7695000,
      "capex": -103000,
      "gross_margin": 0.7064875078731891,
      "op_margin": 0.10182657988662608,
      "fcf_margin": 0.3187906781440269,
      "incr_op_margin_yoy": -1.2392156862745098,
      "rev_growth_yoy": -0.0697265625,
      "rev_growth_yoy_accel": -0.046021841747264064,
      "fcf_margin_change": -0.01621097638939467
    },
    {
      "date": "2024-03-31T00:00:00",
      "quarter_label": "2024-03 (Q1)",
      "revenue": 22350000,
      "gross_profit": 15492000,
      "operating_income": 938000,
      "net_income": 1493000,
      "opex": 14554000,
      "cogs": 6858000,
      "rd": 6655000,
      "sga": null,
      "fcf": 1734000,
      "ocf": 1748000,
      "capex": -14000,
      "gross_margin": 0.6931543624161074,
      "op_margin": 0.04196868008948546,
      "fcf_margin": 0.07758389261744966,
      "rev_growth_yoy": -0.028809803154738627,
      "rev_growth_yoy_accel": 0.04091675934526138,
      "fcf_margin_change": -0.24120678552657723
    },
    {
      "date": "2024-06-30T00:00:00",
      "quarter_label": "2024-06 (Q2)",
      "revenue": 22462000,
      "gross_profit": 15556000,
      "operating_income": 1192000,
      "net_income": 1506000,
      "opex": 14364000,
      "cogs": 6906000,
      "rd": 6679000,
      "sga": null,
      "fcf": -5169000,
      "ocf": -5120000,
      "capex": -49000,
      "gross_margin": 0.6925474134093135,
      "op_margin": 0.05306740272460155,
      "fcf_margin": -0.23012198379485352,
      "incr_op_margin_yoy": 0.5365853658536586,
      "rev_growth_yoy": -0.08820783438197687,
      "rev_growth_yoy_accel": -0.05939803122723824,
      "fcf_margin_change": -0.3077058764123032
    },
    {
      "date": "2024-09-30T00:00:00",
      "quarter_label": "2024-09 (Q3)",
      "revenue": 21799000,
      "gross_profit": 15133000,
      "operating_income": 509000,
      "net_income": 652000,
      "opex": 14624000,
      "cogs": 6666000,
      "rd": 7421000,
      "sga": null,
      "fcf": 845000,
      "ocf": 954000,
      "capex": -109000,
      "gross_margin": 0.6942061562456994,
      "op_margin": 0.02334969494013487,
      "fcf_margin": 0.038763246020459656,
      "incr_op_margin_yoy": 0.38157341186369376,
      "rev_growth_yoy": -0.09832064857710125,
      "rev_growth_yoy_accel": -0.010112814195124387,
      "fcf_margin_change": 0.26888522981531315
    },
    {
      "date": "2024-12-31T00:00:00",
      "quarter_label": "2024-12 (Q4)",
      "revenue": 22389000,
      "gross_profit": 15709000,
      "operating_income": 650000,
      "net_income": 671000,
      "opex": 15059000,
      "cogs": 6680000,
      "rd": 7708000,
      "sga": null,
      "fcf": 6285000,
      "ocf": 6424000,
      "capex": -139000,
      "gross_margin": 0.7016391978203582,
      "op_margin": 0.02903211398454598,
      "fcf_margin": 0.2807182098351869,
      "incr_op_margin_yoy": 1.2447405329593269,
      "rev_growth_yoy": -0.05987822800755826,
      "rev_growth_yoy_accel": 0.038442420569542994,
      "op_leverage_ratio": 0.9098972693569726,
      "fcf_margin_change": 0.24195496381472725
    },
    {
      "date": "2025-03-31T00:00:00",
      "quarter_label": "2025-03 (Q1)",
      "revenue": 21009000,
      "gross_profit": 14286000,
      "operating_income": 27000,
      "net_income": 66000,
      "opex": 14259000,
      "cogs": 6723000,
      "rd": 7514000,
      "sga": null,
      "fcf": 2106000,
      "ocf": 2210000,
      "capex": -104000,
      "gross_margin": 0.6799942881622162,
      "op_margin": 0.0012851635013565615,
      "fcf_margin": 0.1002427531058118,
      "incr_op_margin_yoy": 0.6793437733035048,
      "rev_growth_yoy": -0.06,
      "rev_growth_yoy_accel": -0.00012177199244173958,
      "fcf_margin_change": -0.18047545672937512
    },
    {
      "date": "2025-06-30T00:00:00",
      "quarter_label": "2025-06 (Q2)",
      "revenue": 23234000,
      "gross_profit": 16880000,
      "operating_income": 3247000,
      "net_income": 30865000,
      "opex": 13633000,
      "cogs": 6354000,
      "rd": 6961000,
      "sga": null,
      "fcf": -4538000,
      "ocf": -4325000,
      "capex": -213000,
      "gross_margin": 0.7265214771455626,
      "op_margin": 0.13975208745803563,
      "fcf_margin": -0.19531720754067314,
      "rev_growth_yoy": 0.03436915679814798,
      "rev_growth_yoy_accel": 0.09436915679814797,
      "op_leverage_ratio": null,
      "fcf_margin_change": -0.29555996064648493
    },
    {
      "date": "2025-09-30T00:00:00",
      "quarter_label": "2025-09 (Q3)",
      "revenue": 23508000,
      "gross_profit": 17677000,
      "operating_income": 2833000,
      "net_income": 2820000,
      "opex": 14844000,
      "cogs": 5831000,
      "rd": 7315000,
      "sga": null,
      "fcf": 10208000,
      "ocf": 10432000,
      "capex": -224000,
      "gross_margin": 0.75195678067041,
      "op_margin": 0.12051216607112472,
      "fcf_margin": 0.434235153990131,
      "incr_op_margin_yoy": 1.3598595669982445,
      "rev_growth_yoy": 0.07839809165558054,
      "rev_growth_yoy_accel": 0.044028934857432554,
      "op_leverage_ratio": 0.1327620254123719,
      "fcf_margin_change": 0.6295523615308042
    },
    {
      "date": "2025-12-31T00:00:00",
      "quarter_label": "2025-12 (Q4)",
      "revenue": 22979000,
      "gross_profit": 16807000,
      "operating_income": 2046000,
      "net_income": 2336000,
      "opex": 14761000,
      "cogs": 6172000,
      "rd": 7277000,
      "sga": null,
      "fcf": 9874000,
      "ocf": 10108000,
      "capex": -234000,
      "gross_margin": 0.7314069367683537,
      "op_margin": 0.08903781713738632,
      "fcf_margin": 0.4296966795770051,
      "rev_growth_yoy": 0.02635222653981866,
      "rev_growth_yoy_accel": -0.052045865115761876,
      "fcf_margin_change": -0.004538474413125937
    }
  ],
  "signals": [
    {
      "quarter": "2025-12 (Q4)",
      "signal": "YoY REVENUE GROWTH DECELERATION",
      "detail": "YoY growth: +2.6% vs prior quarter YoY: +7.8% (decel: -5.2%)",
      "severity": "WARNING"
    },
    {
      "quarter": "2025-09 (Q3)",
      "signal": "FCF TURNED POSITIVE",
      "detail": "FCF margin: -19.5% -> +43.4%",
      "severity": "HIGH"
    },
    {
      "quarter": "2025-09 (Q3)",
      "signal": "INCREMENTAL MARGIN (YoY)",
      "detail": "YoY Incr OPM: +136.0% vs year-ago OPM: +2.3%",
      "severity": "HIGH"
    },
    {
      "quarter": "2025-06 (Q2)",
      "signal": "GROSS MARGIN INFLECTION",
      "detail": "GM: +70.2% -> +68.0% -> +72.7% (reversal +4.7%)",
      "severity": "MEDIUM"
    },
    {
      "quarter": "2025-06 (Q2)",
      "signal": "YoY REVENUE GROWTH ACCELERATION",
      "detail": "YoY growth: +3.4% vs prior quarter YoY: -6.0% (accel: +9.4%)",
      "severity": "MEDIUM"
    },
    {
      "quarter": "2025-03 (Q1)",
      "signal": "INCREMENTAL MARGIN (YoY)",
      "detail": "YoY Incr OPM: +67.9% vs year-ago OPM: +4.2%",
      "severity": "HIGH"
    },
    {
      "quarter": "2024-12 (Q4)",
      "signal": "FCF MARGIN EXPANSION",
      "detail": "FCF margin: +3.9% -> +28.1% (+24.2%)",
      "severity": "MEDIUM"
    },
    {
      "quarter": "2024-12 (Q4)",
      "signal": "INCREMENTAL MARGIN (YoY)",
      "detail": "YoY Incr OPM: +124.5% vs year-ago OPM: +10.2%",
      "severity": "HIGH"
    },
    {
      "quarter": "2024-09 (Q3)",
      "signal": "FCF TURNED POSITIVE",
      "detail": "FCF margin: -23.0% -> +3.9%",
      "severity": "HIGH"
    },
    {
      "quarter": "2024-09 (Q3)",
      "signal": "INCREMENTAL MARGIN (YoY)",
      "detail": "YoY Incr OPM: +38.2% vs year-ago OPM: +5.9%",
      "severity": "HIGH"
    },
    {
      "quarter": "2024-06 (Q2)",
      "signal": "YoY REVENUE GROWTH DECELERATION",
      "detail": "YoY growth: -8.8% vs prior quarter YoY: -2.9% (decel: -5.9%)",
      "severity": "WARNING"
    },
    {
      "quarter": "2024-06 (Q2)",
      "signal": "INCREMENTAL MARGIN (YoY)",
      "detail": "YoY Incr OPM: +53.7% vs year-ago OPM: +9.6%",
      "severity": "HIGH"
    },
    {
      "quarter": "2024-03 (Q1)",
      "signal": "OP MARGIN TURNED POSITIVE (YoY)",
      "detail": "Op margin: -2.2% (year-ago) -> +4.2%",
      "severity": "HIGH"
    },
    {
      "quarter": "2023-09 (Q3)",
      "signal": "FCF TURNED POSITIVE",
      "detail": "FCF margin: -18.4% -> +33.5%",
      "severity": "HIGH"
    },
    {
      "quarter": "2023-09 (Q3)",
      "signal": "YoY REVENUE GROWTH DECELERATION",
      "detail": "YoY growth: -2.4% vs prior quarter YoY: +4.8% (decel: -7.2%)",
      "severity": "WARNING"
    },
    {
      "quarter": "2023-09 (Q3)",
      "signal": "OP MARGIN TURNED POSITIVE (YoY)",
      "detail": "Op margin: -2.7% (year-ago) -> +5.9%",
      "severity": "HIGH"
    },
    {
      "quarter": "2023-06 (Q2)",
      "signal": "GROSS MARGIN INFLECTION",
      "detail": "GM: +73.6% -> +67.0% -> +72.9% (reversal +5.9%)",
      "severity": "HIGH"
    },
    {
      "quarter": "2023-06 (Q2)",
      "signal": "YoY REVENUE GROWTH ACCELERATION",
      "detail": "YoY growth: +4.8% vs prior quarter YoY: -3.7% (accel: +8.5%)",
      "severity": "MEDIUM"
    },
    {
      "quarter": "2023-06 (Q2)",
      "signal": "OP MARGIN TURNED POSITIVE (YoY)",
      "detail": "Op margin: -7.3% (year-ago) -> +9.6%",
      "severity": "HIGH"
    },
    {
      "quarter": "2023-06 (Q2)",
      "signal": "OP MARGIN TURNED POSITIVE (QoQ)",
      "detail": "Op margin: -2.2% -> +9.6%",
      "severity": "HIGH"
    },
    {
      "quarter": "2023-03 (Q1)",
      "signal": "YoY REVENUE GROWTH DECELERATION",
      "detail": "YoY growth: -3.7% vs prior quarter YoY: +10.9% (decel: -14.6%)",
      "severity": "WARNING"
    },
    {
      "quarter": "2022-12 (Q4)",
      "signal": "FCF MARGIN EXPANSION",
      "detail": "FCF margin: +2.6% -> +28.3% (+25.7%)",
      "severity": "MEDIUM"
    },
    {
      "quarter": "2022-12 (Q4)",
      "signal": "OP MARGIN TURNED POSITIVE (YoY)",
      "detail": "Op margin: -2.7% (year-ago) -> +0.8%",
      "severity": "HIGH"
    },
    {
      "quarter": "2022-12 (Q4)",
      "signal": "OP MARGIN TURNED POSITIVE (QoQ)",
      "detail": "Op margin: -2.7% -> +0.8%",
      "severity": "HIGH"
    },
    {
      "quarter": "2022-09 (Q3)",
      "signal": "OPERATING LEVERAGE",
      "detail": "Rev growth +5.4% vs OpEx growth +2.8% (leverage: 1.9x)",
      "severity": "MEDIUM"
    },
    {
      "quarter": "2022-09 (Q3)",
      "signal": "GROSS MARGIN INFLECTION",
      "detail": "GM: +72.7% -> +71.9% -> +74.6% (reversal +2.7%)",
      "severity": "MEDIUM"
    },
    {
      "quarter": "2022-06 (Q2)",
      "signal": "FCF MARGIN EXPANSION",
      "detail": "FCF margin: +3.8% -> +9.3% (+5.5%)",
      "severity": "MEDIUM"
    },
    {
      "quarter": "2022-06 (Q2)",
      "signal": "YoY REVENUE GROWTH DECELERATION",
      "detail": "YoY growth: +16.1% vs prior quarter YoY: +21.1% (decel: -5.0%)",
      "severity": "WARNING"
    },
    {
      "quarter": "2022-03 (Q1)",
      "signal": "FCF TURNED POSITIVE",
      "detail": "FCF margin: -11.4% -> +3.8%",
      "severity": "HIGH"
    },
    {
      "quarter": "2022-03 (Q1)",
      "signal": "OPERATING LEVERAGE",
      "detail": "Rev growth +3.5% vs OpEx growth +1.3% (leverage: 2.8x)",
      "severity": "MEDIUM"
    },
    {
      "quarter": "2021-06 (Q2)",
      "signal": "FCF TURNED POSITIVE",
      "detail": "FCF margin: -4.9% -> +43.5%",
      "severity": "HIGH"
    }
  ],
  "data_quality": {
    "n_quarters": 20,
    "coverage": {
      "revenue": [
        20,
        20
      ],
      "gross_profit": [
        20,
        20
      ],
      "op_income": [
        20,
        20
      ],
      "fcf": [
        20,
        20
      ]
    },
    "gaps": [],
    "warnings": []
  },
  "market_cap": null,
  "source": "SEC EDGAR",
  "last_updated": "2026-02-04T13:46:39.441954"
}