{
  "ticker": "EGRX",
  "name": "Eagle Pharmaceuticals, Inc.",
  "quarters": [
    {
      "date": "2018-09-30T00:00:00",
      "quarter_label": "2018-09 (Q3)",
      "revenue": 51337000,
      "gross_profit": 38346000,
      "operating_income": 18402000,
      "net_income": 14040000,
      "opex": 32935000,
      "cogs": 8621000,
      "rd": 5975000,
      "sga": 13878000,
      "fcf": 3655000,
      "ocf": 3688000,
      "capex": -33000,
      "gross_margin": 0.7469466466680952,
      "op_margin": 0.35845491555797965,
      "fcf_margin": 0.07119621325749459
    },
    {
      "date": "2018-12-31T00:00:00",
      "quarter_label": "2018-12 (Q4)",
      "revenue": 56053000,
      "gross_profit": 37495000,
      "operating_income": 15726000,
      "net_income": 12590000,
      "opex": 40324000,
      "cogs": 12455000,
      "rd": 5859000,
      "sga": 15476000,
      "fcf": 38027000,
      "ocf": 38108000,
      "capex": -81000,
      "gross_margin": 0.6689204859686368,
      "op_margin": 0.2805559024494675,
      "fcf_margin": 0.6784115033985693,
      "op_leverage_ratio": 0.40946361053303126,
      "fcf_margin_change": 0.6072152901410747
    },
    {
      "date": "2019-03-31T00:00:00",
      "quarter_label": "2019-03 (Q1)",
      "revenue": 49785000,
      "gross_profit": 36685000,
      "operating_income": 12169000,
      "net_income": 8973000,
      "opex": 37616000,
      "cogs": 9554000,
      "rd": 6375000,
      "sga": 18141000,
      "fcf": 26004000,
      "ocf": 26181000,
      "capex": -177000,
      "gross_margin": 0.7368685346992065,
      "op_margin": 0.24443105353017977,
      "fcf_margin": 0.5223260018077734,
      "fcf_margin_change": -0.15608550159079582
    },
    {
      "date": "2019-06-30T00:00:00",
      "quarter_label": "2019-06 (Q2)",
      "revenue": 56702000,
      "gross_profit": 35418000,
      "operating_income": 9233000,
      "net_income": 6725000,
      "opex": 47469000,
      "cogs": 18175000,
      "rd": 8957000,
      "sga": 17228000,
      "fcf": 22226000,
      "ocf": 22392000,
      "capex": -166000,
      "gross_margin": 0.6246340517089344,
      "op_margin": 0.16283376247751402,
      "fcf_margin": 0.3919791189023315,
      "op_leverage_ratio": 0.530424277147239,
      "fcf_margin_change": -0.13034688290544194
    },
    {
      "date": "2019-09-30T00:00:00",
      "quarter_label": "2019-09 (Q3)",
      "revenue": 41147000,
      "gross_profit": 26225000,
      "operating_income": -2484000,
      "net_income": -2390000,
      "opex": 43631000,
      "cogs": 12137000,
      "rd": 10172000,
      "sga": 18537000,
      "fcf": 10310000,
      "ocf": 10614000,
      "capex": -304000,
      "gross_margin": 0.6373490169392665,
      "op_margin": -0.06036892118501956,
      "fcf_margin": 0.25056504726954576,
      "incr_op_margin_yoy": 2.0496565260058883,
      "rev_growth_yoy": -0.19849231548395893,
      "fcf_margin_change": -0.14141407163278574
    },
    {
      "date": "2019-12-31T00:00:00",
      "quarter_label": "2019-12 (Q4)",
      "revenue": 48258000,
      "gross_profit": 36667000,
      "operating_income": 2897000,
      "net_income": 1005000,
      "opex": 45361000,
      "cogs": 8025000,
      "rd": 11306000,
      "sga": 22464000,
      "fcf": -3331000,
      "ocf": -3201000,
      "capex": -130000,
      "gross_margin": 0.7598118446682416,
      "op_margin": 0.06003149736831199,
      "fcf_margin": -0.06902482489949853,
      "incr_op_margin_yoy": 1.6457985888389994,
      "rev_growth_yoy": -0.13906481365850176,
      "rev_growth_yoy_accel": 0.05942750182545717,
      "op_leverage_ratio": 4.3585453170790025,
      "fcf_margin_change": -0.3195898721690443
    },
    {
      "date": "2020-03-31T00:00:00",
      "quarter_label": "2020-03 (Q1)",
      "revenue": 46020000,
      "gross_profit": 41255000,
      "operating_income": 4035000,
      "net_income": -2871000,
      "opex": 41985000,
      "cogs": 4765000,
      "rd": 9427000,
      "sga": 24755000,
      "fcf": 2686000,
      "ocf": 3158000,
      "capex": -472000,
      "gross_margin": 0.896458061712299,
      "op_margin": 0.08767926988265971,
      "fcf_margin": 0.05836592785745328,
      "incr_op_margin_yoy": 2.160424966799469,
      "rev_growth_yoy": -0.07562518830973185,
      "rev_growth_yoy_accel": 0.06343962534876992,
      "fcf_margin_change": 0.1273907527569518
    },
    {
      "date": "2020-06-30T00:00:00",
      "quarter_label": "2020-06 (Q2)",
      "revenue": 41938000,
      "gross_profit": 31625000,
      "operating_income": 3709000,
      "net_income": -256000,
      "opex": 38229000,
      "cogs": 10313000,
      "rd": 7135000,
      "sga": 17959000,
      "fcf": 21048000,
      "ocf": 20952000,
      "capex": 96000,
      "gross_margin": 0.754089370022414,
      "op_margin": 0.08844007821069197,
      "fcf_margin": 0.5018837331298583,
      "incr_op_margin_yoy": 0.3741533459767001,
      "rev_growth_yoy": -0.2603788226164862,
      "rev_growth_yoy_accel": -0.18475363430675434,
      "fcf_margin_change": 0.4435178052724051
    },
    {
      "date": "2020-09-30T00:00:00",
      "quarter_label": "2020-09 (Q3)",
      "revenue": 49928000,
      "gross_profit": 41202000,
      "operating_income": 15417000,
      "net_income": 7059000,
      "opex": 34511000,
      "cogs": 8726000,
      "rd": 4828000,
      "sga": 17697000,
      "fcf": 5426000,
      "ocf": 5627000,
      "capex": -201000,
      "gross_margin": 0.8252283287934626,
      "op_margin": 0.30878464989585,
      "fcf_margin": 0.10867649415157828,
      "incr_op_margin_yoy": 2.0386060813119236,
      "rev_growth_yoy": 0.21340559457554623,
      "rev_growth_yoy_accel": 0.47378441719203246,
      "op_leverage_ratio": Infinity,
      "fcf_margin_change": -0.3932072389782801
    },
    {
      "date": "2020-12-31T00:00:00",
      "quarter_label": "2020-12 (Q4)",
      "revenue": 49916000,
      "gross_profit": 40073000,
      "operating_income": 9793000,
      "net_income": 8057000,
      "opex": 40123000,
      "cogs": 9843000,
      "rd": 9395000,
      "sga": 18187000,
      "fcf": 19590000,
      "ocf": 19760000,
      "capex": -170000,
      "gross_margin": 0.8028087186473275,
      "op_margin": 0.19618959852552287,
      "fcf_margin": 0.39245933167721775,
      "incr_op_margin_yoy": 4.159227985524729,
      "rev_growth_yoy": 0.034356997803473,
      "rev_growth_yoy_accel": -0.17904859677207324,
      "fcf_margin_change": 0.2837828375256395
    },
    {
      "date": "2021-03-31T00:00:00",
      "quarter_label": "2021-03 (Q1)",
      "revenue": 41249000,
      "gross_profit": 32807000,
      "operating_income": -3773000,
      "net_income": -421000,
      "opex": 45022000,
      "cogs": 8442000,
      "rd": 14288000,
      "sga": 19879000,
      "fcf": 10094000,
      "ocf": 10478000,
      "capex": -384000,
      "gross_margin": 0.7953404931028631,
      "op_margin": -0.09146888409415986,
      "fcf_margin": 0.2447089626415186,
      "incr_op_margin_yoy": 1.6365541815133096,
      "rev_growth_yoy": -0.10367231638418078,
      "rev_growth_yoy_accel": -0.1380293141876538,
      "fcf_margin_change": -0.14775036903569916
    },
    {
      "date": "2021-06-30T00:00:00",
      "quarter_label": "2021-06 (Q2)",
      "revenue": 48124000,
      "gross_profit": 40217000,
      "operating_income": 10820000,
      "net_income": 3612000,
      "opex": 37304000,
      "cogs": 7907000,
      "rd": 9911000,
      "sga": 16636000,
      "fcf": 8708000,
      "ocf": 8593000,
      "capex": 115000,
      "gross_margin": 0.8356952871747985,
      "op_margin": 0.22483584074474275,
      "fcf_margin": 0.18094921452913307,
      "incr_op_margin_yoy": 1.1495311994827029,
      "rev_growth_yoy": 0.1475034574848586,
      "rev_growth_yoy_accel": 0.2511757738690394,
      "op_leverage_ratio": Infinity,
      "fcf_margin_change": -0.06375974811238552
    },
    {
      "date": "2021-09-30T00:00:00",
      "quarter_label": "2021-09 (Q3)",
      "revenue": 39853000,
      "gross_profit": 34367000,
      "operating_income": -10177000,
      "net_income": -5622000,
      "opex": 50030000,
      "cogs": 5486000,
      "rd": 23289000,
      "sga": 18482000,
      "fcf": 1062000,
      "ocf": 1067000,
      "capex": -5000,
      "gross_margin": 0.8623441146212331,
      "op_margin": -0.25536346071813915,
      "fcf_margin": 0.026647931146965096,
      "incr_op_margin_yoy": 2.5403473945409427,
      "rev_growth_yoy": -0.20179057843294343,
      "rev_growth_yoy_accel": -0.34929403591780206,
      "fcf_margin_change": -0.15430128338216798
    },
    {
      "date": "2021-12-31T00:00:00",
      "quarter_label": "2021-12 (Q4)",
      "revenue": 42320000,
      "gross_profit": 32627000,
      "operating_income": 5899000,
      "net_income": -6196000,
      "opex": 36421000,
      "cogs": 9693000,
      "rd": 3787000,
      "sga": 20325000,
      "fcf": 8032000,
      "ocf": 8081000,
      "capex": -49000,
      "gross_margin": 0.7709593572778828,
      "op_margin": 0.13939035916824197,
      "fcf_margin": 0.1897920604914934,
      "incr_op_margin_yoy": 0.5126382306477093,
      "rev_growth_yoy": -0.15217565510056896,
      "rev_growth_yoy_accel": 0.049614923332374467,
      "op_leverage_ratio": Infinity,
      "fcf_margin_change": 0.1631441293445283
    },
    {
      "date": "2022-03-31T00:00:00",
      "quarter_label": "2022-03 (Q1)",
      "revenue": 115874000,
      "gross_profit": 90698000,
      "operating_income": 59829000,
      "net_income": 44058000,
      "opex": 56045000,
      "cogs": 25176000,
      "rd": 6108000,
      "sga": 22182000,
      "fcf": -16779000,
      "ocf": -16611000,
      "capex": -168000,
      "gross_margin": 0.782729516543832,
      "op_margin": 0.5163280805012341,
      "fcf_margin": -0.14480383865232926,
      "incr_op_margin_yoy": 0.8522881072026801,
      "rev_growth_yoy": 1.80913476690344,
      "rev_growth_yoy_accel": 1.9613104220040092,
      "op_leverage_ratio": 3.2257073747319165,
      "fcf_margin_change": -0.33459589914382265
    },
    {
      "date": "2022-06-30T00:00:00",
      "quarter_label": "2022-06 (Q2)",
      "revenue": 74136000,
      "gross_profit": 52965000,
      "operating_income": 2203000,
      "net_income": -9450000,
      "opex": 71933000,
      "cogs": 21171000,
      "rd": 11437000,
      "sga": 36832000,
      "fcf": 42992000,
      "ocf": 42992000,
      "capex": null,
      "gross_margin": 0.7144302363224344,
      "op_margin": 0.02971565771015431,
      "fcf_margin": 0.5799071975828207,
      "incr_op_margin_yoy": -0.331270182992465,
      "rev_growth_yoy": 0.5405203225002078,
      "rev_growth_yoy_accel": -1.2686144444032323,
      "fcf_margin_change": 0.72471103623515
    },
    {
      "date": "2022-09-30T00:00:00",
      "quarter_label": "2022-09 (Q3)",
      "revenue": 65901000,
      "gross_profit": 45032000,
      "operating_income": 9462000,
      "net_income": -7131000,
      "opex": 56439000,
      "cogs": 20869000,
      "rd": 9326000,
      "sga": 23462000,
      "fcf": -13237000,
      "ocf": -13237000,
      "capex": null,
      "gross_margin": 0.6833280223365351,
      "op_margin": 0.14357900487094277,
      "fcf_margin": -0.20086189890896952,
      "incr_op_margin_yoy": 0.7539542383292384,
      "rev_growth_yoy": 0.6536019873033397,
      "rev_growth_yoy_accel": 0.11308166480313198,
      "fcf_margin_change": -0.7807690964917903
    },
    {
      "date": "2022-12-31T00:00:00",
      "quarter_label": "2022-12 (Q4)",
      "revenue": 60699000,
      "gross_profit": 42457000,
      "operating_income": 9466000,
      "net_income": 8165000,
      "opex": 51233000,
      "cogs": 18242000,
      "rd": 7217000,
      "sga": 24150000,
      "fcf": 37547000,
      "ocf": 37557000,
      "capex": -10000,
      "gross_margin": 0.6994678660274469,
      "op_margin": 0.15594985090363928,
      "fcf_margin": 0.6185769123049804,
      "incr_op_margin_yoy": 0.19408020022852168,
      "rev_growth_yoy": 0.43428638941398867,
      "rev_growth_yoy_accel": -0.21931559788935107,
      "fcf_margin_change": 0.8194388112139499
    },
    {
      "date": "2023-03-31T00:00:00",
      "quarter_label": "2023-03 (Q1)",
      "revenue": 66305000,
      "gross_profit": 49005000,
      "operating_income": 11773000,
      "net_income": 5750000,
      "opex": 54532000,
      "cogs": 17300000,
      "rd": 9272000,
      "sga": 27960000,
      "fcf": -33570000,
      "ocf": -33512000,
      "capex": -58000,
      "gross_margin": 0.7390845335947516,
      "op_margin": 0.17755825352537516,
      "fcf_margin": -0.5062966593771209,
      "incr_op_margin_yoy": 0.9694768907986847,
      "rev_growth_yoy": -0.4277836270431676,
      "rev_growth_yoy_accel": -0.8620700164571562,
      "op_leverage_ratio": 1.4342967977672623,
      "fcf_margin_change": -1.1248735716821012
    },
    {
      "date": "2023-06-30T00:00:00",
      "quarter_label": "2023-06 (Q2)",
      "revenue": 64646000,
      "gross_profit": 47788000,
      "operating_income": 10304000,
      "net_income": 5164000,
      "opex": 54342000,
      "cogs": 16858000,
      "rd": 9833000,
      "sga": 27651000,
      "fcf": -132000,
      "ocf": -126000,
      "capex": -6000,
      "gross_margin": 0.7392259381864307,
      "op_margin": 0.15939114562385917,
      "fcf_margin": -0.002041889676082047,
      "incr_op_margin_yoy": -0.8536354056902002,
      "rev_growth_yoy": -0.1280079853242689,
      "rev_growth_yoy_accel": 0.2997756417188987,
      "fcf_margin_change": 0.5042547697010388
    }
  ],
  "signals": [
    {
      "quarter": "2023-06 (Q2)",
      "signal": "FCF MARGIN EXPANSION",
      "detail": "FCF margin: -50.6% -> -0.2% (+50.4%)",
      "severity": "MEDIUM"
    },
    {
      "quarter": "2023-06 (Q2)",
      "signal": "YoY REVENUE GROWTH ACCELERATION",
      "detail": "YoY growth: -12.8% vs prior quarter YoY: -42.8% (accel: +30.0%)",
      "severity": "HIGH"
    },
    {
      "quarter": "2023-03 (Q1)",
      "signal": "YoY REVENUE GROWTH DECELERATION",
      "detail": "YoY growth: -42.8% vs prior quarter YoY: +43.4% (decel: -86.2%)",
      "severity": "WARNING"
    },
    {
      "quarter": "2023-03 (Q1)",
      "signal": "INCREMENTAL MARGIN (YoY)",
      "detail": "YoY Incr OPM: +96.9% vs year-ago OPM: +51.6%",
      "severity": "HIGH"
    },
    {
      "quarter": "2022-12 (Q4)",
      "signal": "FCF TURNED POSITIVE",
      "detail": "FCF margin: -20.1% -> +61.9%",
      "severity": "HIGH"
    },
    {
      "quarter": "2022-12 (Q4)",
      "signal": "YoY REVENUE GROWTH DECELERATION",
      "detail": "YoY growth: +43.4% vs prior quarter YoY: +65.4% (decel: -21.9%)",
      "severity": "WARNING"
    },
    {
      "quarter": "2022-09 (Q3)",
      "signal": "YoY REVENUE GROWTH ACCELERATION",
      "detail": "YoY growth: +65.4% vs prior quarter YoY: +54.1% (accel: +11.3%)",
      "severity": "MEDIUM"
    },
    {
      "quarter": "2022-09 (Q3)",
      "signal": "OP MARGIN TURNED POSITIVE (YoY)",
      "detail": "Op margin: -25.5% (year-ago) -> +14.4%",
      "severity": "HIGH"
    },
    {
      "quarter": "2022-06 (Q2)",
      "signal": "FCF TURNED POSITIVE",
      "detail": "FCF margin: -14.5% -> +58.0%",
      "severity": "HIGH"
    },
    {
      "quarter": "2022-06 (Q2)",
      "signal": "YoY REVENUE GROWTH DECELERATION",
      "detail": "YoY growth: +54.1% vs prior quarter YoY: +180.9% (decel: -126.9%)",
      "severity": "WARNING"
    },
    {
      "quarter": "2022-03 (Q1)",
      "signal": "OPERATING LEVERAGE",
      "detail": "Rev growth +173.8% vs OpEx growth +53.9% (leverage: 3.2x)",
      "severity": "MEDIUM"
    },
    {
      "quarter": "2022-03 (Q1)",
      "signal": "YoY REVENUE GROWTH ACCELERATION",
      "detail": "YoY growth: +180.9% vs prior quarter YoY: -15.2% (accel: +196.1%)",
      "severity": "HIGH"
    },
    {
      "quarter": "2022-03 (Q1)",
      "signal": "OP MARGIN TURNED POSITIVE (YoY)",
      "detail": "Op margin: -9.1% (year-ago) -> +51.6%",
      "severity": "HIGH"
    },
    {
      "quarter": "2021-12 (Q4)",
      "signal": "FCF MARGIN EXPANSION",
      "detail": "FCF margin: +2.7% -> +19.0% (+16.3%)",
      "severity": "MEDIUM"
    },
    {
      "quarter": "2021-12 (Q4)",
      "signal": "INCREMENTAL MARGIN (YoY)",
      "detail": "YoY Incr OPM: +51.3% vs year-ago OPM: +19.6%",
      "severity": "HIGH"
    },
    {
      "quarter": "2021-12 (Q4)",
      "signal": "OP MARGIN TURNED POSITIVE (QoQ)",
      "detail": "Op margin: -25.5% -> +13.9%",
      "severity": "HIGH"
    },
    {
      "quarter": "2021-09 (Q3)",
      "signal": "YoY REVENUE GROWTH DECELERATION",
      "detail": "YoY growth: -20.2% vs prior quarter YoY: +14.8% (decel: -34.9%)",
      "severity": "WARNING"
    },
    {
      "quarter": "2021-06 (Q2)",
      "signal": "GROSS MARGIN INFLECTION",
      "detail": "GM: +80.3% -> +79.5% -> +83.6% (reversal +4.0%)",
      "severity": "MEDIUM"
    },
    {
      "quarter": "2021-06 (Q2)",
      "signal": "YoY REVENUE GROWTH ACCELERATION",
      "detail": "YoY growth: +14.8% vs prior quarter YoY: -10.4% (accel: +25.1%)",
      "severity": "HIGH"
    },
    {
      "quarter": "2021-06 (Q2)",
      "signal": "INCREMENTAL MARGIN (YoY)",
      "detail": "YoY Incr OPM: +115.0% vs year-ago OPM: +8.8%",
      "severity": "HIGH"
    },
    {
      "quarter": "2021-06 (Q2)",
      "signal": "OP MARGIN TURNED POSITIVE (QoQ)",
      "detail": "Op margin: -9.1% -> +22.5%",
      "severity": "HIGH"
    },
    {
      "quarter": "2021-03 (Q1)",
      "signal": "YoY REVENUE GROWTH DECELERATION",
      "detail": "YoY growth: -10.4% vs prior quarter YoY: +3.4% (decel: -13.8%)",
      "severity": "WARNING"
    },
    {
      "quarter": "2020-12 (Q4)",
      "signal": "FCF MARGIN EXPANSION",
      "detail": "FCF margin: +10.9% -> +39.2% (+28.4%)",
      "severity": "MEDIUM"
    },
    {
      "quarter": "2020-12 (Q4)",
      "signal": "YoY REVENUE GROWTH DECELERATION",
      "detail": "YoY growth: +3.4% vs prior quarter YoY: +21.3% (decel: -17.9%)",
      "severity": "WARNING"
    },
    {
      "quarter": "2020-12 (Q4)",
      "signal": "INCREMENTAL MARGIN (YoY)",
      "detail": "YoY Incr OPM: +415.9% vs year-ago OPM: +6.0%",
      "severity": "HIGH"
    },
    {
      "quarter": "2020-09 (Q3)",
      "signal": "GROSS MARGIN INFLECTION",
      "detail": "GM: +89.6% -> +75.4% -> +82.5% (reversal +7.1%)",
      "severity": "HIGH"
    },
    {
      "quarter": "2020-09 (Q3)",
      "signal": "YoY REVENUE GROWTH ACCELERATION",
      "detail": "YoY growth: +21.3% vs prior quarter YoY: -26.0% (accel: +47.4%)",
      "severity": "HIGH"
    },
    {
      "quarter": "2020-09 (Q3)",
      "signal": "OP MARGIN TURNED POSITIVE (YoY)",
      "detail": "Op margin: -6.0% (year-ago) -> +30.9%",
      "severity": "HIGH"
    },
    {
      "quarter": "2020-06 (Q2)",
      "signal": "FCF MARGIN EXPANSION",
      "detail": "FCF margin: +5.8% -> +50.2% (+44.4%)",
      "severity": "MEDIUM"
    },
    {
      "quarter": "2020-06 (Q2)",
      "signal": "YoY REVENUE GROWTH DECELERATION",
      "detail": "YoY growth: -26.0% vs prior quarter YoY: -7.6% (decel: -18.5%)",
      "severity": "WARNING"
    },
    {
      "quarter": "2020-06 (Q2)",
      "signal": "INCREMENTAL MARGIN (YoY)",
      "detail": "YoY Incr OPM: +37.4% vs year-ago OPM: +16.3%",
      "severity": "HIGH"
    },
    {
      "quarter": "2020-03 (Q1)",
      "signal": "FCF TURNED POSITIVE",
      "detail": "FCF margin: -6.9% -> +5.8%",
      "severity": "HIGH"
    },
    {
      "quarter": "2020-03 (Q1)",
      "signal": "YoY REVENUE GROWTH ACCELERATION",
      "detail": "YoY growth: -7.6% vs prior quarter YoY: -13.9% (accel: +6.3%)",
      "severity": "MEDIUM"
    },
    {
      "quarter": "2020-03 (Q1)",
      "signal": "INCREMENTAL MARGIN (YoY)",
      "detail": "YoY Incr OPM: +216.0% vs year-ago OPM: +24.4%",
      "severity": "HIGH"
    },
    {
      "quarter": "2019-12 (Q4)",
      "signal": "OPERATING LEVERAGE",
      "detail": "Rev growth +17.3% vs OpEx growth +4.0% (leverage: 4.4x)",
      "severity": "MEDIUM"
    },
    {
      "quarter": "2019-12 (Q4)",
      "signal": "YoY REVENUE GROWTH ACCELERATION",
      "detail": "YoY growth: -13.9% vs prior quarter YoY: -19.8% (accel: +5.9%)",
      "severity": "MEDIUM"
    },
    {
      "quarter": "2019-12 (Q4)",
      "signal": "INCREMENTAL MARGIN (YoY)",
      "detail": "YoY Incr OPM: +164.6% vs year-ago OPM: +28.1%",
      "severity": "HIGH"
    },
    {
      "quarter": "2019-12 (Q4)",
      "signal": "OP MARGIN TURNED POSITIVE (QoQ)",
      "detail": "Op margin: -6.0% -> +6.0%",
      "severity": "HIGH"
    },
    {
      "quarter": "2019-03 (Q1)",
      "signal": "GROSS MARGIN INFLECTION",
      "detail": "GM: +74.7% -> +66.9% -> +73.7% (reversal +6.8%)",
      "severity": "HIGH"
    },
    {
      "quarter": "2018-12 (Q4)",
      "signal": "FCF MARGIN EXPANSION",
      "detail": "FCF margin: +7.1% -> +67.8% (+60.7%)",
      "severity": "MEDIUM"
    }
  ],
  "data_quality": {
    "n_quarters": 20,
    "coverage": {
      "revenue": [
        20,
        20
      ],
      "gross_profit": [
        20,
        20
      ],
      "op_income": [
        20,
        20
      ],
      "fcf": [
        20,
        20
      ]
    },
    "gaps": [],
    "warnings": []
  },
  "market_cap": null,
  "source": "SEC EDGAR",
  "last_updated": "2026-02-03T01:02:09.391182",
  "sector": "Healthcare",
  "industry": "Drug Manufacturers - Specialty & Generic"
}