{
  "ticker": "EHTH",
  "name": "EHEALTH, INC.",
  "quarters": [
    {
      "date": "2020-12-31T00:00:00",
      "quarter_label": "2020-12 (Q4)",
      "revenue": 293316000,
      "gross_profit": 291393000,
      "operating_income": 79393000,
      "net_income": 59873000,
      "opex": 213923000,
      "cogs": 1923000,
      "rd": null,
      "sga": null,
      "fcf": -98198000,
      "ocf": -96901000,
      "capex": -1297000,
      "gross_margin": 0.9934439307777277,
      "op_margin": 0.27067394891516317,
      "fcf_margin": -0.334785691881793
    },
    {
      "date": "2021-03-31T00:00:00",
      "quarter_label": "2021-03 (Q1)",
      "revenue": 134214000,
      "gross_profit": 133218000,
      "operating_income": -642000,
      "net_income": -800000,
      "opex": 134856000,
      "cogs": 996000,
      "rd": null,
      "sga": null,
      "fcf": 40910000,
      "ocf": 42809000,
      "capex": -1899000,
      "gross_margin": 0.9925790156019492,
      "op_margin": -0.004783405605972551,
      "fcf_margin": 0.30481171859865586,
      "fcf_margin_change": 0.6395974104804489
    },
    {
      "date": "2021-06-30T00:00:00",
      "quarter_label": "2021-06 (Q2)",
      "revenue": 96557000,
      "gross_profit": 96311000,
      "operating_income": -25333000,
      "net_income": -18409000,
      "opex": 121890000,
      "cogs": 246000,
      "rd": null,
      "sga": null,
      "fcf": -32889000,
      "ocf": -32083000,
      "capex": -806000,
      "gross_margin": 0.9974522820717296,
      "op_margin": -0.2623631637271249,
      "fcf_margin": -0.34061745911741254,
      "fcf_margin_change": -0.6454291777160683
    },
    {
      "date": "2021-09-30T00:00:00",
      "quarter_label": "2021-09 (Q3)",
      "revenue": 63914000,
      "gross_profit": 63939000,
      "operating_income": -66037000,
      "net_income": -53014000,
      "opex": 129951000,
      "cogs": -25000,
      "rd": null,
      "sga": null,
      "fcf": -71896000,
      "ocf": -71047000,
      "capex": -849000,
      "gross_margin": 1.0003911506086303,
      "op_margin": -1.033216509684889,
      "fcf_margin": -1.1248865663234973,
      "fcf_margin_change": -0.7842691072060848
    },
    {
      "date": "2021-12-31T00:00:00",
      "quarter_label": "2021-12 (Q4)",
      "revenue": 243514000,
      "gross_profit": 242739000,
      "operating_income": -33633000,
      "net_income": -32152000,
      "opex": 277147000,
      "cogs": 775000,
      "rd": null,
      "sga": null,
      "fcf": -102612000,
      "ocf": -102301000,
      "capex": -311000,
      "gross_margin": 0.9968174314413134,
      "op_margin": -0.13811526236684543,
      "fcf_margin": -0.42138029025025253,
      "incr_op_margin_yoy": 2.2695072487048713,
      "rev_growth_yoy": -0.1697895784750917,
      "op_leverage_ratio": 2.4808125569947963,
      "fcf_margin_change": 0.7035062760732447
    },
    {
      "date": "2022-03-31T00:00:00",
      "quarter_label": "2022-03 (Q1)",
      "revenue": 105250000,
      "gross_profit": 105377000,
      "operating_income": -39714000,
      "net_income": -32742000,
      "opex": 144964000,
      "cogs": -127000,
      "rd": null,
      "sga": null,
      "fcf": 47057000,
      "ocf": 47112000,
      "capex": -55000,
      "gross_margin": 1.001206650831354,
      "op_margin": -0.37733016627078386,
      "fcf_margin": 0.4470973871733967,
      "incr_op_margin_yoy": 1.3489849468305484,
      "rev_growth_yoy": -0.21580461054733485,
      "rev_growth_yoy_accel": -0.04601503207224314,
      "fcf_margin_change": 0.8684776774236492
    },
    {
      "date": "2022-06-30T00:00:00",
      "quarter_label": "2022-06 (Q2)",
      "revenue": 50409000,
      "gross_profit": 49986000,
      "operating_income": -45473000,
      "net_income": -37502000,
      "opex": 95882000,
      "cogs": 423000,
      "rd": null,
      "sga": null,
      "fcf": -25938000,
      "ocf": -25766000,
      "capex": -172000,
      "gross_margin": 0.991608641314051,
      "op_margin": -0.9020809776032058,
      "fcf_margin": -0.5145509730405284,
      "incr_op_margin_yoy": 0.43642194677992546,
      "rev_growth_yoy": -0.4779353128204066,
      "rev_growth_yoy_accel": -0.2621307022730717,
      "fcf_margin_change": -0.9616483602139252
    },
    {
      "date": "2022-09-30T00:00:00",
      "quarter_label": "2022-09 (Q3)",
      "revenue": 53376000,
      "gross_profit": 52882000,
      "operating_income": -48269000,
      "net_income": -39149000,
      "opex": 101645000,
      "cogs": 494000,
      "rd": null,
      "sga": null,
      "fcf": -29601000,
      "ocf": -29636000,
      "capex": 35000,
      "gross_margin": 0.9907449040767387,
      "op_margin": -0.904320293764988,
      "fcf_margin": -0.5545750899280576,
      "incr_op_margin_yoy": -1.6860884418295692,
      "rev_growth_yoy": -0.1648778045498639,
      "rev_growth_yoy_accel": 0.3130575082705427,
      "op_leverage_ratio": 0.9792598057519889,
      "fcf_margin_change": -0.04002411688752916
    },
    {
      "date": "2022-12-31T00:00:00",
      "quarter_label": "2022-12 (Q4)",
      "revenue": 196321000,
      "gross_profit": 195464000,
      "operating_income": 30743000,
      "net_income": 20671000,
      "opex": 165578000,
      "cogs": 857000,
      "rd": null,
      "sga": null,
      "fcf": -18601000,
      "ocf": -18579000,
      "capex": -22000,
      "gross_margin": 0.9956347003122438,
      "op_margin": 0.15659557561340864,
      "fcf_margin": -0.09474788738851167,
      "incr_op_margin_yoy": -1.3641006081410378,
      "rev_growth_yoy": -0.193799945793671,
      "rev_growth_yoy_accel": -0.028922141243807098,
      "op_leverage_ratio": 4.257786501372315,
      "fcf_margin_change": 0.4598272025395459
    },
    {
      "date": "2023-03-31T00:00:00",
      "quarter_label": "2023-03 (Q1)",
      "revenue": 73723000,
      "gross_profit": 73508000,
      "operating_income": -22894000,
      "net_income": -19878000,
      "opex": 96617000,
      "cogs": 215000,
      "rd": null,
      "sga": null,
      "fcf": 60736000,
      "ocf": 60803000,
      "capex": -67000,
      "gross_margin": 0.9970836780923186,
      "op_margin": -0.3105408081602756,
      "fcf_margin": 0.8238405924880974,
      "incr_op_margin_yoy": -0.5335109588606591,
      "rev_growth_yoy": -0.2995439429928741,
      "rev_growth_yoy_accel": -0.10574399719920313,
      "fcf_margin_change": 0.9185884798766091
    },
    {
      "date": "2023-06-30T00:00:00",
      "quarter_label": "2023-06 (Q2)",
      "revenue": 66768000,
      "gross_profit": null,
      "operating_income": -26152000,
      "net_income": -23501000,
      "opex": 92920000,
      "cogs": null,
      "rd": null,
      "sga": null,
      "fcf": -9734000,
      "ocf": -9428000,
      "capex": -306000,
      "gross_margin": null,
      "op_margin": -0.39168463934819076,
      "fcf_margin": -0.1457884016295231,
      "incr_op_margin_yoy": 1.1810624121278808,
      "rev_growth_yoy": 0.3245253823721954,
      "rev_growth_yoy_accel": 0.6240693253650695,
      "fcf_margin_change": -0.9696289941176205
    },
    {
      "date": "2023-09-30T00:00:00",
      "quarter_label": "2023-09 (Q3)",
      "revenue": 64718000,
      "gross_profit": null,
      "operating_income": -39396000,
      "net_income": -37025000,
      "opex": 104114000,
      "cogs": null,
      "rd": null,
      "sga": null,
      "fcf": -26067000,
      "ocf": -24681000,
      "capex": -1386000,
      "gross_margin": null,
      "op_margin": -0.6087332735869464,
      "fcf_margin": -0.4027782069903273,
      "incr_op_margin_yoy": 0.7823135249515076,
      "rev_growth_yoy": 0.21249250599520383,
      "rev_growth_yoy_accel": -0.11203287637699158,
      "fcf_margin_change": -0.2569898053608042
    },
    {
      "date": "2023-12-31T00:00:00",
      "quarter_label": "2023-12 (Q4)",
      "revenue": 247662000,
      "gross_profit": null,
      "operating_income": 59368000,
      "net_income": 52190000,
      "opex": 188294000,
      "cogs": null,
      "rd": null,
      "sga": null,
      "fcf": -33713000,
      "ocf": -33386000,
      "capex": -327000,
      "gross_margin": null,
      "op_margin": 0.23971380349024074,
      "fcf_margin": -0.1361250413870517,
      "incr_op_margin_yoy": 0.5575466001830895,
      "rev_growth_yoy": 0.2615155790771237,
      "rev_growth_yoy_accel": 0.04902307308191986,
      "op_leverage_ratio": 3.496176051355314,
      "fcf_margin_change": 0.26665316560327557
    },
    {
      "date": "2024-03-31T00:00:00",
      "quarter_label": "2024-03 (Q1)",
      "revenue": 92964000,
      "gross_profit": 29453000,
      "operating_income": -17911000,
      "net_income": -16984000,
      "opex": 110875000,
      "cogs": null,
      "rd": null,
      "sga": null,
      "fcf": 70557000,
      "ocf": 70761000,
      "capex": -204000,
      "gross_margin": 0.31682156533711975,
      "op_margin": -0.1926659782281313,
      "fcf_margin": 0.7589712146637408,
      "incr_op_margin_yoy": 0.25897822358505274,
      "rev_growth_yoy": 0.26099046430557626,
      "rev_growth_yoy_accel": -0.0005251147715474302,
      "fcf_margin_change": 0.8950962560507926
    },
    {
      "date": "2024-06-30T00:00:00",
      "quarter_label": "2024-06 (Q2)",
      "revenue": 65856000,
      "gross_profit": 18886000,
      "operating_income": -27959000,
      "net_income": -27968000,
      "opex": 93815000,
      "cogs": null,
      "rd": null,
      "sga": null,
      "fcf": -32443000,
      "ocf": -32182000,
      "capex": -261000,
      "gross_margin": 0.28677721088435376,
      "op_margin": -0.42454749757045673,
      "fcf_margin": -0.49263544703595724,
      "rev_growth_yoy": -0.013659237958303379,
      "rev_growth_yoy_accel": -0.27464970226387964,
      "fcf_margin_change": -1.2516066616996981
    },
    {
      "date": "2024-09-30T00:00:00",
      "quarter_label": "2024-09 (Q3)",
      "revenue": 58409000,
      "gross_profit": -3781000,
      "operating_income": -43199000,
      "net_income": -42473000,
      "opex": 101608000,
      "cogs": null,
      "rd": null,
      "sga": null,
      "fcf": -30281000,
      "ocf": -29283000,
      "capex": -998000,
      "gross_margin": -0.06473317468198395,
      "op_margin": -0.7395949254395726,
      "fcf_margin": -0.5184303788799671,
      "incr_op_margin_yoy": 0.6027896655571406,
      "rev_growth_yoy": -0.09748447108995952,
      "rev_growth_yoy_accel": -0.08382523313165613,
      "fcf_margin_change": -0.025794931844009883
    },
    {
      "date": "2024-12-31T00:00:00",
      "quarter_label": "2024-12 (Q4)",
      "revenue": 315181000,
      "gross_profit": 163900000,
      "operating_income": 112640000,
      "net_income": 97482000,
      "opex": 202541000,
      "cogs": null,
      "rd": null,
      "sga": null,
      "fcf": -28293000,
      "ocf": -27662000,
      "capex": -631000,
      "gross_margin": 0.5200186559469003,
      "op_margin": 0.35738194878498386,
      "fcf_margin": -0.08976746694756346,
      "incr_op_margin_yoy": 0.7889927279728669,
      "rev_growth_yoy": 0.2726255945603282,
      "rev_growth_yoy_accel": 0.3701100656502877,
      "op_leverage_ratio": 4.425502741372693,
      "fcf_margin_change": 0.4286629119324037
    },
    {
      "date": "2025-03-31T00:00:00",
      "quarter_label": "2025-03 (Q1)",
      "revenue": 113119000,
      "gross_profit": 41735000,
      "operating_income": 4798000,
      "net_income": 1950000,
      "opex": 108321000,
      "cogs": null,
      "rd": null,
      "sga": null,
      "fcf": 76813000,
      "ocf": 77121000,
      "capex": -308000,
      "gross_margin": 0.3689477452947781,
      "op_margin": 0.04241550933088164,
      "fcf_margin": 0.679045960448731,
      "incr_op_margin_yoy": 1.1267179359960307,
      "rev_growth_yoy": 0.21680435437373607,
      "rev_growth_yoy_accel": -0.055821240186592125,
      "fcf_margin_change": 0.7688134273962944
    },
    {
      "date": "2025-06-30T00:00:00",
      "quarter_label": "2025-06 (Q2)",
      "revenue": 60782000,
      "gross_profit": 18888000,
      "operating_income": -23044000,
      "net_income": -17398000,
      "opex": 83826000,
      "cogs": null,
      "rd": null,
      "sga": null,
      "fcf": -42789000,
      "ocf": -41204000,
      "capex": -1585000,
      "gross_margin": 0.31074989306044554,
      "op_margin": -0.37912539896679937,
      "fcf_margin": -0.7039748609785792,
      "incr_op_margin_yoy": -0.96866377611352,
      "rev_growth_yoy": -0.07704689018464529,
      "rev_growth_yoy_accel": -0.29385124455838135,
      "fcf_margin_change": -1.3830208214273103
    },
    {
      "date": "2025-09-30T00:00:00",
      "quarter_label": "2025-09 (Q3)",
      "revenue": 53869000,
      "gross_profit": -180000,
      "operating_income": -41525000,
      "net_income": -31691000,
      "opex": 95394000,
      "cogs": null,
      "rd": null,
      "sga": null,
      "fcf": -25527000,
      "ocf": -25313000,
      "capex": -214000,
      "gross_margin": -0.003341439417846999,
      "op_margin": -0.7708515101449813,
      "fcf_margin": -0.4738718001076686,
      "incr_op_margin_yoy": -0.36872246696035244,
      "rev_growth_yoy": -0.07772774743618278,
      "rev_growth_yoy_accel": -0.0006808572515374922,
      "fcf_margin_change": 0.2301030608709106
    }
  ],
  "signals": [
    {
      "quarter": "2025-09 (Q3)",
      "signal": "FCF MARGIN EXPANSION",
      "detail": "FCF margin: -70.4% -> -47.4% (+23.0%)",
      "severity": "MEDIUM"
    },
    {
      "quarter": "2025-06 (Q2)",
      "signal": "YoY REVENUE GROWTH DECELERATION",
      "detail": "YoY growth: -7.7% vs prior quarter YoY: +21.7% (decel: -29.4%)",
      "severity": "WARNING"
    },
    {
      "quarter": "2025-03 (Q1)",
      "signal": "FCF TURNED POSITIVE",
      "detail": "FCF margin: -9.0% -> +67.9%",
      "severity": "HIGH"
    },
    {
      "quarter": "2025-03 (Q1)",
      "signal": "YoY REVENUE GROWTH DECELERATION",
      "detail": "YoY growth: +21.7% vs prior quarter YoY: +27.3% (decel: -5.6%)",
      "severity": "WARNING"
    },
    {
      "quarter": "2025-03 (Q1)",
      "signal": "OP MARGIN TURNED POSITIVE (YoY)",
      "detail": "Op margin: -19.3% (year-ago) -> +4.2%",
      "severity": "HIGH"
    },
    {
      "quarter": "2024-12 (Q4)",
      "signal": "FCF MARGIN EXPANSION",
      "detail": "FCF margin: -51.8% -> -9.0% (+42.9%)",
      "severity": "MEDIUM"
    },
    {
      "quarter": "2024-12 (Q4)",
      "signal": "OPERATING LEVERAGE",
      "detail": "Rev growth +439.6% vs OpEx growth +99.3% (leverage: 4.4x)",
      "severity": "MEDIUM"
    },
    {
      "quarter": "2024-12 (Q4)",
      "signal": "GROSS MARGIN INFLECTION",
      "detail": "GM: +28.7% -> -6.5% -> +52.0% (reversal +58.5%)",
      "severity": "HIGH"
    },
    {
      "quarter": "2024-12 (Q4)",
      "signal": "YoY REVENUE GROWTH ACCELERATION",
      "detail": "YoY growth: +27.3% vs prior quarter YoY: -9.7% (accel: +37.0%)",
      "severity": "HIGH"
    },
    {
      "quarter": "2024-12 (Q4)",
      "signal": "INCREMENTAL MARGIN (YoY)",
      "detail": "YoY Incr OPM: +78.9% vs year-ago OPM: +24.0%",
      "severity": "HIGH"
    },
    {
      "quarter": "2024-12 (Q4)",
      "signal": "OP MARGIN TURNED POSITIVE (QoQ)",
      "detail": "Op margin: -74.0% -> +35.7%",
      "severity": "HIGH"
    },
    {
      "quarter": "2024-09 (Q3)",
      "signal": "YoY REVENUE GROWTH DECELERATION",
      "detail": "YoY growth: -9.7% vs prior quarter YoY: -1.4% (decel: -8.4%)",
      "severity": "WARNING"
    },
    {
      "quarter": "2024-06 (Q2)",
      "signal": "YoY REVENUE GROWTH DECELERATION",
      "detail": "YoY growth: -1.4% vs prior quarter YoY: +26.1% (decel: -27.5%)",
      "severity": "WARNING"
    },
    {
      "quarter": "2024-03 (Q1)",
      "signal": "FCF TURNED POSITIVE",
      "detail": "FCF margin: -13.6% -> +75.9%",
      "severity": "HIGH"
    },
    {
      "quarter": "2023-12 (Q4)",
      "signal": "FCF MARGIN EXPANSION",
      "detail": "FCF margin: -40.3% -> -13.6% (+26.7%)",
      "severity": "MEDIUM"
    },
    {
      "quarter": "2023-12 (Q4)",
      "signal": "OPERATING LEVERAGE",
      "detail": "Rev growth +282.7% vs OpEx growth +80.9% (leverage: 3.5x)",
      "severity": "MEDIUM"
    },
    {
      "quarter": "2023-12 (Q4)",
      "signal": "INCREMENTAL MARGIN (YoY)",
      "detail": "YoY Incr OPM: +55.8% vs year-ago OPM: +15.7%",
      "severity": "HIGH"
    },
    {
      "quarter": "2023-12 (Q4)",
      "signal": "OP MARGIN TURNED POSITIVE (QoQ)",
      "detail": "Op margin: -60.9% -> +24.0%",
      "severity": "HIGH"
    },
    {
      "quarter": "2023-09 (Q3)",
      "signal": "YoY REVENUE GROWTH DECELERATION",
      "detail": "YoY growth: +21.2% vs prior quarter YoY: +32.5% (decel: -11.2%)",
      "severity": "WARNING"
    },
    {
      "quarter": "2023-06 (Q2)",
      "signal": "YoY REVENUE GROWTH ACCELERATION",
      "detail": "YoY growth: +32.5% vs prior quarter YoY: -30.0% (accel: +62.4%)",
      "severity": "HIGH"
    },
    {
      "quarter": "2023-03 (Q1)",
      "signal": "FCF TURNED POSITIVE",
      "detail": "FCF margin: -9.5% -> +82.4%",
      "severity": "HIGH"
    },
    {
      "quarter": "2023-03 (Q1)",
      "signal": "YoY REVENUE GROWTH DECELERATION",
      "detail": "YoY growth: -30.0% vs prior quarter YoY: -19.4% (decel: -10.6%)",
      "severity": "WARNING"
    },
    {
      "quarter": "2022-12 (Q4)",
      "signal": "FCF MARGIN EXPANSION",
      "detail": "FCF margin: -55.5% -> -9.5% (+46.0%)",
      "severity": "MEDIUM"
    },
    {
      "quarter": "2022-12 (Q4)",
      "signal": "OPERATING LEVERAGE",
      "detail": "Rev growth +267.8% vs OpEx growth +62.9% (leverage: 4.3x)",
      "severity": "MEDIUM"
    },
    {
      "quarter": "2022-12 (Q4)",
      "signal": "OP MARGIN TURNED POSITIVE (YoY)",
      "detail": "Op margin: -13.8% (year-ago) -> +15.7%",
      "severity": "HIGH"
    },
    {
      "quarter": "2022-12 (Q4)",
      "signal": "OP MARGIN TURNED POSITIVE (QoQ)",
      "detail": "Op margin: -90.4% -> +15.7%",
      "severity": "HIGH"
    },
    {
      "quarter": "2022-09 (Q3)",
      "signal": "YoY REVENUE GROWTH ACCELERATION",
      "detail": "YoY growth: -16.5% vs prior quarter YoY: -47.8% (accel: +31.3%)",
      "severity": "HIGH"
    },
    {
      "quarter": "2022-06 (Q2)",
      "signal": "YoY REVENUE GROWTH DECELERATION",
      "detail": "YoY growth: -47.8% vs prior quarter YoY: -21.6% (decel: -26.2%)",
      "severity": "WARNING"
    },
    {
      "quarter": "2022-03 (Q1)",
      "signal": "FCF TURNED POSITIVE",
      "detail": "FCF margin: -42.1% -> +44.7%",
      "severity": "HIGH"
    },
    {
      "quarter": "2021-12 (Q4)",
      "signal": "FCF MARGIN EXPANSION",
      "detail": "FCF margin: -112.5% -> -42.1% (+70.4%)",
      "severity": "MEDIUM"
    },
    {
      "quarter": "2021-12 (Q4)",
      "signal": "OPERATING LEVERAGE",
      "detail": "Rev growth +281.0% vs OpEx growth +113.3% (leverage: 2.5x)",
      "severity": "MEDIUM"
    },
    {
      "quarter": "2021-03 (Q1)",
      "signal": "FCF TURNED POSITIVE",
      "detail": "FCF margin: -33.5% -> +30.5%",
      "severity": "HIGH"
    }
  ],
  "data_quality": {
    "n_quarters": 20,
    "coverage": {
      "revenue": [
        20,
        20
      ],
      "gross_profit": [
        17,
        20
      ],
      "op_income": [
        20,
        20
      ],
      "fcf": [
        20,
        20
      ]
    },
    "gaps": [],
    "warnings": []
  },
  "market_cap": null,
  "source": "SEC EDGAR",
  "last_updated": "2026-02-02T23:23:35.262675",
  "sector": "Financial Services",
  "industry": "Insurance Brokers"
}