{
  "ticker": "EKSO",
  "name": "Ekso Bionics Holdings, Inc.",
  "quarters": [
    {
      "date": "2020-12-31T00:00:00",
      "quarter_label": "2020-12 (Q4)",
      "revenue": 2254000,
      "gross_profit": 1361000,
      "operating_income": -2997000,
      "net_income": -3976000,
      "opex": 4358000,
      "cogs": 893000,
      "rd": 712000,
      "sga": null,
      "fcf": -1740000,
      "ocf": -1740000,
      "capex": null,
      "gross_margin": 0.6038154392191659,
      "op_margin": -1.3296362023070099,
      "fcf_margin": -0.771960958296362
    },
    {
      "date": "2021-03-31T00:00:00",
      "quarter_label": "2021-03 (Q1)",
      "revenue": 1910000,
      "gross_profit": 1235000,
      "operating_income": -3139000,
      "net_income": -3670000,
      "opex": 4374000,
      "cogs": 675000,
      "rd": 603000,
      "sga": null,
      "fcf": -2000000,
      "ocf": -2000000,
      "capex": null,
      "gross_margin": 0.6465968586387435,
      "op_margin": -1.6434554973821989,
      "fcf_margin": -1.0471204188481675,
      "fcf_margin_change": -0.2751594605518055
    },
    {
      "date": "2021-06-30T00:00:00",
      "quarter_label": "2021-06 (Q2)",
      "revenue": 2211000,
      "gross_profit": 1292000,
      "operating_income": -3348000,
      "net_income": -1273000,
      "opex": 4640000,
      "cogs": 919000,
      "rd": 709000,
      "sga": null,
      "fcf": -3606000,
      "ocf": -3606000,
      "capex": null,
      "gross_margin": 0.5843509724106739,
      "op_margin": -1.514246947082768,
      "fcf_margin": -1.6309362279511532,
      "op_leverage_ratio": 2.591375034444751,
      "fcf_margin_change": -0.5838158091029857
    },
    {
      "date": "2021-09-30T00:00:00",
      "quarter_label": "2021-09 (Q3)",
      "revenue": 3049000,
      "gross_profit": 1807000,
      "operating_income": -2789000,
      "net_income": -1958000,
      "opex": 4596000,
      "cogs": 1242000,
      "rd": 618000,
      "sga": null,
      "fcf": -2475000,
      "ocf": -2475000,
      "capex": null,
      "gross_margin": 0.5926533289603149,
      "op_margin": -0.9147261397179403,
      "fcf_margin": -0.8117415546080682,
      "op_leverage_ratio": Infinity,
      "fcf_margin_change": 0.819194673343085
    },
    {
      "date": "2021-12-31T00:00:00",
      "quarter_label": "2021-12 (Q4)",
      "revenue": 4076000,
      "gross_profit": 2415000,
      "operating_income": -4552000,
      "net_income": -2863000,
      "opex": 6967000,
      "cogs": 1661000,
      "rd": 818000,
      "sga": null,
      "fcf": -3074000,
      "ocf": -3075000,
      "capex": 1000,
      "gross_margin": 0.5924926398429833,
      "op_margin": -1.1167811579980373,
      "fcf_margin": -0.754170755642787,
      "incr_op_margin_yoy": -0.8534577387486278,
      "rev_growth_yoy": 0.808340727595386,
      "op_leverage_ratio": 0.6529222751297208,
      "fcf_margin_change": 0.05757079896528117
    },
    {
      "date": "2022-03-31T00:00:00",
      "quarter_label": "2022-03 (Q1)",
      "revenue": 2567000,
      "gross_profit": 1209000,
      "operating_income": -4237000,
      "net_income": -4620000,
      "opex": 5446000,
      "cogs": 1358000,
      "rd": 999000,
      "sga": null,
      "fcf": -4206000,
      "ocf": -4206000,
      "capex": null,
      "gross_margin": 0.4709777950915465,
      "op_margin": -1.6505648617062718,
      "fcf_margin": -1.638488507985976,
      "rev_growth_yoy": 0.34397905759162306,
      "rev_growth_yoy_accel": -0.46436167000376294,
      "fcf_margin_change": -0.8843177523431889
    },
    {
      "date": "2022-06-30T00:00:00",
      "quarter_label": "2022-06 (Q2)",
      "revenue": 3465000,
      "gross_profit": 1641000,
      "operating_income": -3229000,
      "net_income": -2978000,
      "opex": 4870000,
      "cogs": 1824000,
      "rd": 920000,
      "sga": null,
      "fcf": -4248000,
      "ocf": -4248000,
      "capex": null,
      "gross_margin": 0.47359307359307357,
      "op_margin": -0.9318903318903319,
      "fcf_margin": -1.225974025974026,
      "incr_op_margin_yoy": 0.094896331738437,
      "rev_growth_yoy": 0.5671641791044776,
      "rev_growth_yoy_accel": 0.22318512151285452,
      "op_leverage_ratio": Infinity,
      "fcf_margin_change": 0.41251448201194996
    },
    {
      "date": "2022-09-30T00:00:00",
      "quarter_label": "2022-09 (Q3)",
      "revenue": 3329000,
      "gross_profit": 1686000,
      "operating_income": -3654000,
      "net_income": -4304000,
      "opex": 5340000,
      "cogs": 1643000,
      "rd": 936000,
      "sga": null,
      "fcf": -2731000,
      "ocf": -2590000,
      "capex": -141000,
      "gross_margin": 0.5064583959146891,
      "op_margin": -1.0976269149894864,
      "fcf_margin": -0.8203664764193451,
      "rev_growth_yoy": 0.09183338799606429,
      "rev_growth_yoy_accel": -0.4753307911084133,
      "fcf_margin_change": 0.4056075495546808
    },
    {
      "date": "2022-12-31T00:00:00",
      "quarter_label": "2022-12 (Q4)",
      "revenue": 3551000,
      "gross_profit": 1678000,
      "operating_income": -4436000,
      "net_income": -3178000,
      "opex": 6114000,
      "cogs": 1873000,
      "rd": 771000,
      "sga": null,
      "fcf": -3697000,
      "ocf": -3644000,
      "capex": -53000,
      "gross_margin": 0.4725429456491129,
      "op_margin": -1.249225570261898,
      "fcf_margin": -1.0411151788228667,
      "rev_growth_yoy": -0.1288027477919529,
      "rev_growth_yoy_accel": -0.22063613578801716,
      "op_leverage_ratio": 0.46008648452290307,
      "fcf_margin_change": -0.22074870240352162
    },
    {
      "date": "2023-03-31T00:00:00",
      "quarter_label": "2023-03 (Q1)",
      "revenue": 4122000,
      "gross_profit": 2000000,
      "operating_income": -4448000,
      "net_income": -4389000,
      "opex": 6448000,
      "cogs": 2122000,
      "rd": 1154000,
      "sga": null,
      "fcf": -4256000,
      "ocf": -4214000,
      "capex": -42000,
      "gross_margin": 0.485201358563804,
      "op_margin": -1.0790878214459,
      "fcf_margin": -1.032508491023775,
      "incr_op_margin_yoy": -0.13569131832797426,
      "rev_growth_yoy": 0.6057654850019478,
      "rev_growth_yoy_accel": 0.7345682327939007,
      "op_leverage_ratio": 2.9435024628299016,
      "fcf_margin_change": 0.008606687799091794
    },
    {
      "date": "2023-06-30T00:00:00",
      "quarter_label": "2023-06 (Q2)",
      "revenue": 4703000,
      "gross_profit": 2254000,
      "operating_income": -4284000,
      "net_income": -4230000,
      "opex": 6538000,
      "cogs": 2449000,
      "rd": 1398000,
      "sga": null,
      "fcf": -2958000,
      "ocf": -2903000,
      "capex": -55000,
      "gross_margin": 0.4792685519880927,
      "op_margin": -0.9109079311078035,
      "fcf_margin": -0.6289602381458643,
      "incr_op_margin_yoy": -0.8521809369951535,
      "rev_growth_yoy": 0.35728715728715726,
      "rev_growth_yoy_accel": -0.24847832771479056,
      "op_leverage_ratio": 10.098355706507089,
      "fcf_margin_change": 0.40354825287791063
    },
    {
      "date": "2023-09-30T00:00:00",
      "quarter_label": "2023-09 (Q3)",
      "revenue": 4607000,
      "gross_profit": 2456000,
      "operating_income": -2931000,
      "net_income": -3365000,
      "opex": 5387000,
      "cogs": 2151000,
      "rd": 1159000,
      "sga": null,
      "fcf": -3370000,
      "ocf": -3353000,
      "capex": -17000,
      "gross_margin": 0.5331018016062513,
      "op_margin": -0.6362057738224441,
      "fcf_margin": -0.7314955502496201,
      "incr_op_margin_yoy": 0.5657276995305164,
      "rev_growth_yoy": 0.38389906878942626,
      "rev_growth_yoy_accel": 0.026611911502268992,
      "fcf_margin_change": -0.10253531210375577
    },
    {
      "date": "2023-12-31T00:00:00",
      "quarter_label": "2023-12 (Q4)",
      "revenue": 4847000,
      "gross_profit": 2369000,
      "operating_income": -3449000,
      "net_income": -3214000,
      "opex": 5818000,
      "cogs": 2478000,
      "rd": 1313000,
      "sga": null,
      "fcf": -1627000,
      "ocf": -1584000,
      "capex": -43000,
      "gross_margin": 0.48875593150402313,
      "op_margin": -0.7115741695894368,
      "fcf_margin": -0.33567154941200744,
      "incr_op_margin_yoy": 0.7615740740740741,
      "rev_growth_yoy": 0.36496761475640666,
      "rev_growth_yoy_accel": -0.0189314540330196,
      "op_leverage_ratio": 0.6511225478025218,
      "fcf_margin_change": 0.39582400083761266
    },
    {
      "date": "2024-03-31T00:00:00",
      "quarter_label": "2024-03 (Q1)",
      "revenue": 3756000,
      "gross_profit": 1951000,
      "operating_income": -3256000,
      "net_income": -3429000,
      "opex": 5207000,
      "cogs": 1805000,
      "rd": 1136000,
      "sga": null,
      "fcf": -3474000,
      "ocf": -3466000,
      "capex": -8000,
      "gross_margin": 0.5194355697550586,
      "op_margin": -0.8668796592119276,
      "fcf_margin": -0.9249201277955271,
      "rev_growth_yoy": -0.08879184861717612,
      "rev_growth_yoy_accel": -0.45375946337358275,
      "fcf_margin_change": -0.5892485783835197
    },
    {
      "date": "2024-06-30T00:00:00",
      "quarter_label": "2024-06 (Q2)",
      "revenue": 4950000,
      "gross_profit": 2637000,
      "operating_income": -2335000,
      "net_income": -2416000,
      "opex": 4972000,
      "cogs": 2313000,
      "rd": 1116000,
      "sga": null,
      "fcf": -2670000,
      "ocf": -2670000,
      "capex": null,
      "gross_margin": 0.5327272727272727,
      "op_margin": -0.4717171717171717,
      "fcf_margin": -0.5393939393939394,
      "rev_growth_yoy": 0.05251966829683181,
      "rev_growth_yoy_accel": 0.14131151691400792,
      "op_leverage_ratio": Infinity,
      "fcf_margin_change": 0.3855261884015877
    },
    {
      "date": "2024-09-30T00:00:00",
      "quarter_label": "2024-09 (Q3)",
      "revenue": 4129000,
      "gross_profit": 2209000,
      "operating_income": -2639000,
      "net_income": -2072000,
      "opex": 4848000,
      "cogs": 1920000,
      "rd": 777000,
      "sga": null,
      "fcf": -2285000,
      "ocf": -2277000,
      "capex": -8000,
      "gross_margin": 0.5349963671591185,
      "op_margin": -0.6391378057641075,
      "fcf_margin": -0.55340276095907,
      "rev_growth_yoy": -0.10375515519861081,
      "rev_growth_yoy_accel": -0.1562748234954426,
      "fcf_margin_change": -0.014008821565130614
    },
    {
      "date": "2024-12-31T00:00:00",
      "quarter_label": "2024-12 (Q4)",
      "revenue": 5090000,
      "gross_profit": 2714000,
      "operating_income": -2230000,
      "net_income": -3413000,
      "opex": 4944000,
      "cogs": 2376000,
      "rd": 845000,
      "sga": null,
      "fcf": -1454000,
      "ocf": -1433000,
      "capex": -21000,
      "gross_margin": 0.5332023575638507,
      "op_margin": -0.4381139489194499,
      "fcf_margin": -0.2856581532416503,
      "rev_growth_yoy": 0.050134103569218075,
      "rev_growth_yoy_accel": 0.15388925876782888,
      "op_leverage_ratio": 11.753572293533544,
      "fcf_margin_change": 0.26774460771741976
    },
    {
      "date": "2025-03-31T00:00:00",
      "quarter_label": "2025-03 (Q1)",
      "revenue": 3375000,
      "gross_profit": 1806000,
      "operating_income": -3440000,
      "net_income": -2891000,
      "opex": 5246000,
      "cogs": 1569000,
      "rd": 988000,
      "sga": null,
      "fcf": -1975000,
      "ocf": -1965000,
      "capex": -10000,
      "gross_margin": 0.5351111111111111,
      "op_margin": -1.0192592592592593,
      "fcf_margin": -0.5851851851851851,
      "rev_growth_yoy": -0.10143769968051118,
      "rev_growth_yoy_accel": -0.15157180324972924,
      "fcf_margin_change": -0.29952703194353486
    },
    {
      "date": "2025-06-30T00:00:00",
      "quarter_label": "2025-06 (Q2)",
      "revenue": 2057000,
      "gross_profit": 819000,
      "operating_income": -3975000,
      "net_income": -2709000,
      "opex": 4794000,
      "cogs": 1238000,
      "rd": 852000,
      "sga": null,
      "fcf": -3484000,
      "ocf": -3444000,
      "capex": -40000,
      "gross_margin": 0.39815264948954787,
      "op_margin": -1.9324258629071462,
      "fcf_margin": -1.6937287311618863,
      "incr_op_margin_yoy": 0.5668855858969928,
      "rev_growth_yoy": -0.5844444444444444,
      "rev_growth_yoy_accel": -0.48300674476393324,
      "fcf_margin_change": -1.1085435459767012
    },
    {
      "date": "2025-09-30T00:00:00",
      "quarter_label": "2025-09 (Q3)",
      "revenue": 4227000,
      "gross_profit": 2549000,
      "operating_income": -1402000,
      "net_income": -1421000,
      "opex": 3951000,
      "cogs": 1678000,
      "rd": 550000,
      "sga": null,
      "fcf": -2073000,
      "ocf": -2061000,
      "capex": -12000,
      "gross_margin": 0.6030281523539153,
      "op_margin": -0.3316773125147859,
      "fcf_margin": -0.49041873669268987,
      "rev_growth_yoy": 0.02373456042625333,
      "rev_growth_yoy_accel": 0.6081790048706978,
      "op_leverage_ratio": Infinity,
      "fcf_margin_change": 1.2033099944691963
    }
  ],
  "signals": [
    {
      "quarter": "2025-09 (Q3)",
      "signal": "FCF MARGIN EXPANSION",
      "detail": "FCF margin: -169.4% -> -49.0% (+120.3%)",
      "severity": "MEDIUM"
    },
    {
      "quarter": "2025-09 (Q3)",
      "signal": "GROSS MARGIN INFLECTION",
      "detail": "GM: +53.5% -> +39.8% -> +60.3% (reversal +20.5%)",
      "severity": "HIGH"
    },
    {
      "quarter": "2025-09 (Q3)",
      "signal": "YoY REVENUE GROWTH ACCELERATION",
      "detail": "YoY growth: +2.4% vs prior quarter YoY: -58.4% (accel: +60.8%)",
      "severity": "HIGH"
    },
    {
      "quarter": "2025-06 (Q2)",
      "signal": "YoY REVENUE GROWTH DECELERATION",
      "detail": "YoY growth: -58.4% vs prior quarter YoY: -10.1% (decel: -48.3%)",
      "severity": "WARNING"
    },
    {
      "quarter": "2025-03 (Q1)",
      "signal": "YoY REVENUE GROWTH DECELERATION",
      "detail": "YoY growth: -10.1% vs prior quarter YoY: +5.0% (decel: -15.2%)",
      "severity": "WARNING"
    },
    {
      "quarter": "2024-12 (Q4)",
      "signal": "FCF MARGIN EXPANSION",
      "detail": "FCF margin: -55.3% -> -28.6% (+26.8%)",
      "severity": "MEDIUM"
    },
    {
      "quarter": "2024-12 (Q4)",
      "signal": "OPERATING LEVERAGE",
      "detail": "Rev growth +23.3% vs OpEx growth +2.0% (leverage: 11.8x)",
      "severity": "MEDIUM"
    },
    {
      "quarter": "2024-12 (Q4)",
      "signal": "YoY REVENUE GROWTH ACCELERATION",
      "detail": "YoY growth: +5.0% vs prior quarter YoY: -10.4% (accel: +15.4%)",
      "severity": "HIGH"
    },
    {
      "quarter": "2024-09 (Q3)",
      "signal": "YoY REVENUE GROWTH DECELERATION",
      "detail": "YoY growth: -10.4% vs prior quarter YoY: +5.3% (decel: -15.6%)",
      "severity": "WARNING"
    },
    {
      "quarter": "2024-06 (Q2)",
      "signal": "FCF MARGIN EXPANSION",
      "detail": "FCF margin: -92.5% -> -53.9% (+38.6%)",
      "severity": "MEDIUM"
    },
    {
      "quarter": "2024-06 (Q2)",
      "signal": "YoY REVENUE GROWTH ACCELERATION",
      "detail": "YoY growth: +5.3% vs prior quarter YoY: -8.9% (accel: +14.1%)",
      "severity": "MEDIUM"
    },
    {
      "quarter": "2024-03 (Q1)",
      "signal": "GROSS MARGIN INFLECTION",
      "detail": "GM: +53.3% -> +48.9% -> +51.9% (reversal +3.1%)",
      "severity": "MEDIUM"
    },
    {
      "quarter": "2024-03 (Q1)",
      "signal": "YoY REVENUE GROWTH DECELERATION",
      "detail": "YoY growth: -8.9% vs prior quarter YoY: +36.5% (decel: -45.4%)",
      "severity": "WARNING"
    },
    {
      "quarter": "2023-12 (Q4)",
      "signal": "FCF MARGIN EXPANSION",
      "detail": "FCF margin: -73.1% -> -33.6% (+39.6%)",
      "severity": "MEDIUM"
    },
    {
      "quarter": "2023-09 (Q3)",
      "signal": "GROSS MARGIN INFLECTION",
      "detail": "GM: +48.5% -> +47.9% -> +53.3% (reversal +5.4%)",
      "severity": "HIGH"
    },
    {
      "quarter": "2023-06 (Q2)",
      "signal": "FCF MARGIN EXPANSION",
      "detail": "FCF margin: -103.3% -> -62.9% (+40.4%)",
      "severity": "MEDIUM"
    },
    {
      "quarter": "2023-06 (Q2)",
      "signal": "OPERATING LEVERAGE",
      "detail": "Rev growth +14.1% vs OpEx growth +1.4% (leverage: 10.1x)",
      "severity": "MEDIUM"
    },
    {
      "quarter": "2023-06 (Q2)",
      "signal": "YoY REVENUE GROWTH DECELERATION",
      "detail": "YoY growth: +35.7% vs prior quarter YoY: +60.6% (decel: -24.8%)",
      "severity": "WARNING"
    },
    {
      "quarter": "2023-03 (Q1)",
      "signal": "OPERATING LEVERAGE",
      "detail": "Rev growth +16.1% vs OpEx growth +5.5% (leverage: 2.9x)",
      "severity": "MEDIUM"
    },
    {
      "quarter": "2023-03 (Q1)",
      "signal": "YoY REVENUE GROWTH ACCELERATION",
      "detail": "YoY growth: +60.6% vs prior quarter YoY: -12.9% (accel: +73.5%)",
      "severity": "HIGH"
    },
    {
      "quarter": "2022-12 (Q4)",
      "signal": "YoY REVENUE GROWTH DECELERATION",
      "detail": "YoY growth: -12.9% vs prior quarter YoY: +9.2% (decel: -22.1%)",
      "severity": "WARNING"
    },
    {
      "quarter": "2022-09 (Q3)",
      "signal": "FCF MARGIN EXPANSION",
      "detail": "FCF margin: -122.6% -> -82.0% (+40.6%)",
      "severity": "MEDIUM"
    },
    {
      "quarter": "2022-09 (Q3)",
      "signal": "YoY REVENUE GROWTH DECELERATION",
      "detail": "YoY growth: +9.2% vs prior quarter YoY: +56.7% (decel: -47.5%)",
      "severity": "WARNING"
    },
    {
      "quarter": "2022-06 (Q2)",
      "signal": "FCF MARGIN EXPANSION",
      "detail": "FCF margin: -163.8% -> -122.6% (+41.3%)",
      "severity": "MEDIUM"
    },
    {
      "quarter": "2022-06 (Q2)",
      "signal": "YoY REVENUE GROWTH ACCELERATION",
      "detail": "YoY growth: +56.7% vs prior quarter YoY: +34.4% (accel: +22.3%)",
      "severity": "HIGH"
    },
    {
      "quarter": "2022-03 (Q1)",
      "signal": "YoY REVENUE GROWTH DECELERATION",
      "detail": "YoY growth: +34.4% vs prior quarter YoY: +80.8% (decel: -46.4%)",
      "severity": "WARNING"
    },
    {
      "quarter": "2021-12 (Q4)",
      "signal": "FCF MARGIN EXPANSION",
      "detail": "FCF margin: -81.2% -> -75.4% (+5.8%)",
      "severity": "MEDIUM"
    },
    {
      "quarter": "2021-09 (Q3)",
      "signal": "FCF MARGIN EXPANSION",
      "detail": "FCF margin: -163.1% -> -81.2% (+81.9%)",
      "severity": "MEDIUM"
    },
    {
      "quarter": "2021-06 (Q2)",
      "signal": "OPERATING LEVERAGE",
      "detail": "Rev growth +15.8% vs OpEx growth +6.1% (leverage: 2.6x)",
      "severity": "MEDIUM"
    }
  ],
  "data_quality": {
    "n_quarters": 20,
    "coverage": {
      "revenue": [
        20,
        20
      ],
      "gross_profit": [
        20,
        20
      ],
      "op_income": [
        20,
        20
      ],
      "fcf": [
        20,
        20
      ]
    },
    "gaps": [],
    "warnings": []
  },
  "market_cap": null,
  "source": "SEC EDGAR",
  "last_updated": "2026-02-02T23:52:17.319065"
}