{
  "ticker": "EL",
  "name": "Estee Lauder Companies Inc",
  "quarters": [
    {
      "date": "2020-12-31T00:00:00",
      "quarter_label": "2020-12 (Q4)",
      "revenue": 4853000000,
      "gross_profit": 3769000000,
      "operating_income": 1063000000,
      "net_income": null,
      "opex": 2706000000,
      "cogs": 1084000000,
      "rd": null,
      "sga": 2590000000,
      "fcf": 1486000000,
      "ocf": 1620000000,
      "capex": -134000000,
      "gross_margin": 0.7766330105089635,
      "op_margin": 0.2190397692149186,
      "fcf_margin": 0.3062023490624356
    },
    {
      "date": "2021-03-31T00:00:00",
      "quarter_label": "2021-03 (Q1)",
      "revenue": 3864000000,
      "gross_profit": 2925000000,
      "operating_income": 616000000,
      "net_income": null,
      "opex": 2309000000,
      "cogs": 939000000,
      "rd": null,
      "sga": 2145000000,
      "fcf": 663000000,
      "ocf": 799000000,
      "capex": -136000000,
      "gross_margin": 0.7569875776397516,
      "op_margin": 0.15942028985507245,
      "fcf_margin": 0.17158385093167702,
      "fcf_margin_change": -0.13461849813075857
    },
    {
      "date": "2021-06-30T00:00:00",
      "quarter_label": "2021-06 (Q2)",
      "revenue": 3936000000,
      "gross_profit": 2950000000,
      "operating_income": 234000000,
      "net_income": null,
      "opex": 2716000000,
      "cogs": 986000000,
      "rd": null,
      "sga": 2610000000,
      "fcf": 603000000,
      "ocf": 854000000,
      "capex": -251000000,
      "gross_margin": 0.7494918699186992,
      "op_margin": 0.05945121951219512,
      "fcf_margin": 0.15320121951219512,
      "op_leverage_ratio": 0.10571214919041007,
      "fcf_margin_change": -0.018382631419481904
    },
    {
      "date": "2021-09-30T00:00:00",
      "quarter_label": "2021-09 (Q3)",
      "revenue": 4392000000,
      "gross_profit": 3335000000,
      "operating_income": 935000000,
      "net_income": null,
      "opex": 2400000000,
      "cogs": 1057000000,
      "rd": null,
      "sga": 2394000000,
      "fcf": -286000000,
      "ocf": -81000000,
      "capex": -205000000,
      "gross_margin": 0.7593351548269581,
      "op_margin": 0.2128870673952641,
      "fcf_margin": -0.0651183970856102,
      "op_leverage_ratio": Infinity,
      "fcf_margin_change": -0.2183196165978053
    },
    {
      "date": "2021-12-31T00:00:00",
      "quarter_label": "2021-12 (Q4)",
      "revenue": 5539000000,
      "gross_profit": 4316000000,
      "operating_income": 1418000000,
      "net_income": null,
      "opex": 2898000000,
      "cogs": 1223000000,
      "rd": null,
      "sga": 2885000000,
      "fcf": 1673000000,
      "ocf": 1927000000,
      "capex": -254000000,
      "gross_margin": 0.7792020220256364,
      "op_margin": 0.256002888608052,
      "fcf_margin": 0.30204007943672145,
      "incr_op_margin_yoy": 0.5174927113702624,
      "rev_growth_yoy": 0.1413558623531836,
      "op_leverage_ratio": 1.2585862575987008,
      "fcf_margin_change": 0.36715847652233163
    },
    {
      "date": "2022-03-31T00:00:00",
      "quarter_label": "2022-03 (Q1)",
      "revenue": 4245000000,
      "gross_profit": 3251000000,
      "operating_income": 738000000,
      "net_income": null,
      "opex": 2513000000,
      "cogs": 994000000,
      "rd": null,
      "sga": 2275000000,
      "fcf": -76000000,
      "ocf": 123000000,
      "capex": -199000000,
      "gross_margin": 0.7658421672555948,
      "op_margin": 0.17385159010600706,
      "fcf_margin": -0.01790341578327444,
      "incr_op_margin_yoy": 0.32020997375328086,
      "rev_growth_yoy": 0.0986024844720497,
      "rev_growth_yoy_accel": -0.0427533778811339,
      "fcf_margin_change": -0.3199434952199959
    },
    {
      "date": "2022-06-30T00:00:00",
      "quarter_label": "2022-06 (Q2)",
      "revenue": 3561000000,
      "gross_profit": 2530000000,
      "operating_income": 79000000,
      "net_income": null,
      "opex": 2451000000,
      "cogs": 1031000000,
      "rd": null,
      "sga": 2334000000,
      "fcf": 689000000,
      "ocf": 1071000000,
      "capex": -382000000,
      "gross_margin": 0.7104745857905083,
      "op_margin": 0.02218477955630441,
      "fcf_margin": 0.19348497613030047,
      "incr_op_margin_yoy": 0.41333333333333333,
      "rev_growth_yoy": -0.09527439024390244,
      "rev_growth_yoy_accel": -0.19387687471595214,
      "fcf_margin_change": 0.21138839191357492
    },
    {
      "date": "2022-09-30T00:00:00",
      "quarter_label": "2022-09 (Q3)",
      "revenue": 3930000000,
      "gross_profit": 2907000000,
      "operating_income": 661000000,
      "net_income": null,
      "opex": 2246000000,
      "cogs": 1023000000,
      "rd": null,
      "sga": 2244000000,
      "fcf": -802000000,
      "ocf": -650000000,
      "capex": -152000000,
      "gross_margin": 0.7396946564885496,
      "op_margin": 0.16819338422391858,
      "fcf_margin": -0.20407124681933841,
      "incr_op_margin_yoy": 0.5930735930735931,
      "rev_growth_yoy": -0.1051912568306011,
      "rev_growth_yoy_accel": -0.009916866586698658,
      "op_leverage_ratio": Infinity,
      "fcf_margin_change": -0.3975562229496389
    },
    {
      "date": "2022-12-31T00:00:00",
      "quarter_label": "2022-12 (Q4)",
      "revenue": 4620000000,
      "gross_profit": 3401000000,
      "operating_income": 556000000,
      "net_income": null,
      "opex": 2845000000,
      "cogs": 1219000000,
      "rd": null,
      "sga": 2630000000,
      "fcf": 1134000000,
      "ocf": 1401000000,
      "capex": -267000000,
      "gross_margin": 0.7361471861471861,
      "op_margin": 0.12034632034632034,
      "fcf_margin": 0.24545454545454545,
      "incr_op_margin_yoy": 0.9379760609357998,
      "rev_growth_yoy": -0.16591442498645964,
      "rev_growth_yoy_accel": -0.06072316815585854,
      "op_leverage_ratio": 0.6583236692196919,
      "fcf_margin_change": 0.4495257922738839
    },
    {
      "date": "2023-03-31T00:00:00",
      "quarter_label": "2023-03 (Q1)",
      "revenue": 3751000000,
      "gross_profit": 2592000000,
      "operating_income": 297000000,
      "net_income": null,
      "opex": 2295000000,
      "cogs": 1159000000,
      "rd": null,
      "sga": 2281000000,
      "fcf": 33000000,
      "ocf": 266000000,
      "capex": -233000000,
      "gross_margin": 0.6910157291388963,
      "op_margin": 0.07917888563049853,
      "fcf_margin": 0.008797653958944282,
      "incr_op_margin_yoy": 0.8927125506072875,
      "rev_growth_yoy": -0.11637220259128386,
      "rev_growth_yoy_accel": 0.04954222239517578,
      "fcf_margin_change": -0.23665689149560118
    },
    {
      "date": "2023-06-30T00:00:00",
      "quarter_label": "2023-06 (Q2)",
      "revenue": 3609000000,
      "gross_profit": 2446000000,
      "operating_income": -5000000,
      "net_income": null,
      "opex": 2451000000,
      "cogs": 1163000000,
      "rd": null,
      "sga": 2420000000,
      "fcf": 363000000,
      "ocf": 714000000,
      "capex": -351000000,
      "gross_margin": 0.6777500692712662,
      "op_margin": -0.0013854253255749516,
      "fcf_margin": 0.10058187863674148,
      "incr_op_margin_yoy": -1.75,
      "rev_growth_yoy": 0.013479359730412805,
      "rev_growth_yoy_accel": 0.12985156232169667,
      "fcf_margin_change": 0.09178422467779719
    },
    {
      "date": "2023-09-30T00:00:00",
      "quarter_label": "2023-09 (Q3)",
      "revenue": 3518000000,
      "gross_profit": 2448000000,
      "operating_income": 98000000,
      "net_income": null,
      "opex": 2350000000,
      "cogs": 1070000000,
      "rd": null,
      "sga": 2349000000,
      "fcf": -703000000,
      "ocf": -408000000,
      "capex": -295000000,
      "gross_margin": 0.6958499147242752,
      "op_margin": 0.02785673678226265,
      "fcf_margin": -0.19982944855031268,
      "incr_op_margin_yoy": 1.366504854368932,
      "rev_growth_yoy": -0.10483460559796437,
      "rev_growth_yoy_accel": -0.11831396532837718,
      "fcf_margin_change": -0.30041132718705416
    },
    {
      "date": "2023-12-31T00:00:00",
      "quarter_label": "2023-12 (Q4)",
      "revenue": 4279000000,
      "gross_profit": 3125000000,
      "operating_income": 574000000,
      "net_income": null,
      "opex": 2551000000,
      "cogs": 1154000000,
      "rd": null,
      "sga": 2544000000,
      "fcf": 1113000000,
      "ocf": 1345000000,
      "capex": -232000000,
      "gross_margin": 0.7303108202851133,
      "op_margin": 0.13414349146996962,
      "fcf_margin": 0.260107501752746,
      "incr_op_margin_yoy": -0.05278592375366569,
      "rev_growth_yoy": -0.07380952380952381,
      "rev_growth_yoy_accel": 0.03102508178844056,
      "op_leverage_ratio": 2.529068698576475,
      "fcf_margin_change": 0.4599369503030587
    },
    {
      "date": "2024-03-31T00:00:00",
      "quarter_label": "2024-03 (Q1)",
      "revenue": 3940000000,
      "gross_profit": 2833000000,
      "operating_income": 531000000,
      "net_income": null,
      "opex": 2302000000,
      "cogs": 1107000000,
      "rd": null,
      "sga": 2284000000,
      "fcf": 359000000,
      "ocf": 534000000,
      "capex": -175000000,
      "gross_margin": 0.7190355329949238,
      "op_margin": 0.13477157360406092,
      "fcf_margin": 0.09111675126903554,
      "incr_op_margin_yoy": 1.2380952380952381,
      "rev_growth_yoy": 0.050386563583044525,
      "rev_growth_yoy_accel": 0.12419608739256834,
      "fcf_margin_change": -0.16899075048371046
    },
    {
      "date": "2024-06-30T00:00:00",
      "quarter_label": "2024-06 (Q2)",
      "revenue": 3871000000,
      "gross_profit": 2778000000,
      "operating_income": -233000000,
      "net_income": null,
      "opex": 3011000000,
      "cogs": 1093000000,
      "rd": null,
      "sga": 2444000000,
      "fcf": 672000000,
      "ocf": 889000000,
      "capex": -217000000,
      "gross_margin": 0.7176440196331697,
      "op_margin": -0.06019116507362439,
      "fcf_margin": 0.1735985533453888,
      "incr_op_margin_yoy": -0.8702290076335878,
      "rev_growth_yoy": 0.07259628706012745,
      "rev_growth_yoy_accel": 0.02220972347708293,
      "fcf_margin_change": 0.08248180207635325
    },
    {
      "date": "2024-09-30T00:00:00",
      "quarter_label": "2024-09 (Q3)",
      "revenue": 3361000000,
      "gross_profit": 2433000000,
      "operating_income": -121000000,
      "net_income": -156000000,
      "opex": 2554000000,
      "cogs": 928000000,
      "rd": null,
      "sga": 2298000000,
      "fcf": -811000000,
      "ocf": -670000000,
      "capex": -141000000,
      "gross_margin": 0.7238916988991372,
      "op_margin": -0.036001190121987506,
      "fcf_margin": -0.24129723296637906,
      "incr_op_margin_yoy": 1.394904458598726,
      "rev_growth_yoy": -0.044627629334849345,
      "rev_growth_yoy_accel": -0.1172239163949768,
      "fcf_margin_change": -0.4148957863117678
    },
    {
      "date": "2024-12-31T00:00:00",
      "quarter_label": "2024-12 (Q4)",
      "revenue": 4004000000,
      "gross_profit": 3047000000,
      "operating_income": -580000000,
      "net_income": null,
      "opex": 3627000000,
      "cogs": 957000000,
      "rd": null,
      "sga": 2585000000,
      "fcf": 925000000,
      "ocf": 1057000000,
      "capex": -132000000,
      "gross_margin": 0.760989010989011,
      "op_margin": -0.14485514485514486,
      "fcf_margin": 0.23101898101898102,
      "incr_op_margin_yoy": 4.196363636363636,
      "rev_growth_yoy": -0.06426735218508997,
      "rev_growth_yoy_accel": -0.019639722850240626,
      "op_leverage_ratio": 0.45536917767062735,
      "fcf_margin_change": 0.47231621398536006
    },
    {
      "date": "2025-03-31T00:00:00",
      "quarter_label": "2025-03 (Q1)",
      "revenue": 3550000000,
      "gross_profit": 2661000000,
      "operating_income": 306000000,
      "net_income": null,
      "opex": 2355000000,
      "cogs": 889000000,
      "rd": null,
      "sga": 2258000000,
      "fcf": 162000000,
      "ocf": 284000000,
      "capex": -122000000,
      "gross_margin": 0.7495774647887324,
      "op_margin": 0.08619718309859155,
      "fcf_margin": 0.04563380281690141,
      "incr_op_margin_yoy": 0.5769230769230769,
      "rev_growth_yoy": -0.09898477157360407,
      "rev_growth_yoy_accel": -0.034717419388514095,
      "fcf_margin_change": -0.18538517820207961
    },
    {
      "date": "2025-06-30T00:00:00",
      "quarter_label": "2025-06 (Q2)",
      "revenue": 3411000000,
      "gross_profit": 2456000000,
      "operating_income": -390000000,
      "net_income": null,
      "opex": 2846000000,
      "cogs": 955000000,
      "rd": null,
      "sga": 2315000000,
      "fcf": 394000000,
      "ocf": 601000000,
      "capex": -207000000,
      "gross_margin": 0.7200234535326884,
      "op_margin": -0.11433597185576078,
      "fcf_margin": 0.11550864849017883,
      "incr_op_margin_yoy": 0.34130434782608693,
      "rev_growth_yoy": -0.1188323430638078,
      "rev_growth_yoy_accel": -0.019847571490203733,
      "fcf_margin_change": 0.06987484567327742
    },
    {
      "date": "2025-09-30T00:00:00",
      "quarter_label": "2025-09 (Q3)",
      "revenue": 3481000000,
      "gross_profit": 2554000000,
      "operating_income": 169000000,
      "net_income": 47000000,
      "opex": 2385000000,
      "cogs": 927000000,
      "rd": null,
      "sga": 2296000000,
      "fcf": -436000000,
      "ocf": -340000000,
      "capex": -96000000,
      "gross_margin": 0.7336972134444125,
      "op_margin": 0.04854926745188164,
      "fcf_margin": -0.12525136455041655,
      "incr_op_margin_yoy": 2.4166666666666665,
      "rev_growth_yoy": 0.03570365962511157,
      "rev_growth_yoy_accel": 0.15453600268891937,
      "op_leverage_ratio": Infinity,
      "fcf_margin_change": -0.24076001304059538
    }
  ],
  "signals": [
    {
      "quarter": "2025-09 (Q3)",
      "signal": "YoY REVENUE GROWTH ACCELERATION",
      "detail": "YoY growth: +3.6% vs prior quarter YoY: -11.9% (accel: +15.5%)",
      "severity": "HIGH"
    },
    {
      "quarter": "2025-09 (Q3)",
      "signal": "OP MARGIN TURNED POSITIVE (YoY)",
      "detail": "Op margin: -3.6% (year-ago) -> +4.9%",
      "severity": "HIGH"
    },
    {
      "quarter": "2025-09 (Q3)",
      "signal": "OP MARGIN TURNED POSITIVE (QoQ)",
      "detail": "Op margin: -11.4% -> +4.9%",
      "severity": "HIGH"
    },
    {
      "quarter": "2025-06 (Q2)",
      "signal": "FCF MARGIN EXPANSION",
      "detail": "FCF margin: +4.6% -> +11.6% (+7.0%)",
      "severity": "MEDIUM"
    },
    {
      "quarter": "2025-03 (Q1)",
      "signal": "INCREMENTAL MARGIN (YoY)",
      "detail": "YoY Incr OPM: +57.7% vs year-ago OPM: +13.5%",
      "severity": "HIGH"
    },
    {
      "quarter": "2025-03 (Q1)",
      "signal": "OP MARGIN TURNED POSITIVE (QoQ)",
      "detail": "Op margin: -14.5% -> +8.6%",
      "severity": "HIGH"
    },
    {
      "quarter": "2024-12 (Q4)",
      "signal": "FCF TURNED POSITIVE",
      "detail": "FCF margin: -24.1% -> +23.1%",
      "severity": "HIGH"
    },
    {
      "quarter": "2024-09 (Q3)",
      "signal": "YoY REVENUE GROWTH DECELERATION",
      "detail": "YoY growth: -4.5% vs prior quarter YoY: +7.3% (decel: -11.7%)",
      "severity": "WARNING"
    },
    {
      "quarter": "2024-06 (Q2)",
      "signal": "FCF MARGIN EXPANSION",
      "detail": "FCF margin: +9.1% -> +17.4% (+8.2%)",
      "severity": "MEDIUM"
    },
    {
      "quarter": "2024-03 (Q1)",
      "signal": "YoY REVENUE GROWTH ACCELERATION",
      "detail": "YoY growth: +5.0% vs prior quarter YoY: -7.4% (accel: +12.4%)",
      "severity": "MEDIUM"
    },
    {
      "quarter": "2024-03 (Q1)",
      "signal": "INCREMENTAL MARGIN (YoY)",
      "detail": "YoY Incr OPM: +123.8% vs year-ago OPM: +7.9%",
      "severity": "HIGH"
    },
    {
      "quarter": "2023-12 (Q4)",
      "signal": "FCF TURNED POSITIVE",
      "detail": "FCF margin: -20.0% -> +26.0%",
      "severity": "HIGH"
    },
    {
      "quarter": "2023-12 (Q4)",
      "signal": "OPERATING LEVERAGE",
      "detail": "Rev growth +21.6% vs OpEx growth +8.6% (leverage: 2.5x)",
      "severity": "MEDIUM"
    },
    {
      "quarter": "2023-09 (Q3)",
      "signal": "YoY REVENUE GROWTH DECELERATION",
      "detail": "YoY growth: -10.5% vs prior quarter YoY: +1.3% (decel: -11.8%)",
      "severity": "WARNING"
    },
    {
      "quarter": "2023-09 (Q3)",
      "signal": "INCREMENTAL MARGIN (YoY)",
      "detail": "YoY Incr OPM: +136.7% vs year-ago OPM: +16.8%",
      "severity": "HIGH"
    },
    {
      "quarter": "2023-09 (Q3)",
      "signal": "OP MARGIN TURNED POSITIVE (QoQ)",
      "detail": "Op margin: -0.1% -> +2.8%",
      "severity": "HIGH"
    },
    {
      "quarter": "2023-06 (Q2)",
      "signal": "FCF MARGIN EXPANSION",
      "detail": "FCF margin: +0.9% -> +10.1% (+9.2%)",
      "severity": "MEDIUM"
    },
    {
      "quarter": "2023-06 (Q2)",
      "signal": "YoY REVENUE GROWTH ACCELERATION",
      "detail": "YoY growth: +1.3% vs prior quarter YoY: -11.6% (accel: +13.0%)",
      "severity": "MEDIUM"
    },
    {
      "quarter": "2023-03 (Q1)",
      "signal": "INCREMENTAL MARGIN (YoY)",
      "detail": "YoY Incr OPM: +89.3% vs year-ago OPM: +17.4%",
      "severity": "HIGH"
    },
    {
      "quarter": "2022-12 (Q4)",
      "signal": "FCF TURNED POSITIVE",
      "detail": "FCF margin: -20.4% -> +24.5%",
      "severity": "HIGH"
    },
    {
      "quarter": "2022-12 (Q4)",
      "signal": "YoY REVENUE GROWTH DECELERATION",
      "detail": "YoY growth: -16.6% vs prior quarter YoY: -10.5% (decel: -6.1%)",
      "severity": "WARNING"
    },
    {
      "quarter": "2022-12 (Q4)",
      "signal": "INCREMENTAL MARGIN (YoY)",
      "detail": "YoY Incr OPM: +93.8% vs year-ago OPM: +25.6%",
      "severity": "HIGH"
    },
    {
      "quarter": "2022-09 (Q3)",
      "signal": "GROSS MARGIN INFLECTION",
      "detail": "GM: +76.6% -> +71.0% -> +74.0% (reversal +2.9%)",
      "severity": "MEDIUM"
    },
    {
      "quarter": "2022-09 (Q3)",
      "signal": "INCREMENTAL MARGIN (YoY)",
      "detail": "YoY Incr OPM: +59.3% vs year-ago OPM: +21.3%",
      "severity": "HIGH"
    },
    {
      "quarter": "2022-06 (Q2)",
      "signal": "FCF TURNED POSITIVE",
      "detail": "FCF margin: -1.8% -> +19.3%",
      "severity": "HIGH"
    },
    {
      "quarter": "2022-06 (Q2)",
      "signal": "YoY REVENUE GROWTH DECELERATION",
      "detail": "YoY growth: -9.5% vs prior quarter YoY: +9.9% (decel: -19.4%)",
      "severity": "WARNING"
    },
    {
      "quarter": "2022-06 (Q2)",
      "signal": "INCREMENTAL MARGIN (YoY)",
      "detail": "YoY Incr OPM: +41.3% vs year-ago OPM: +5.9%",
      "severity": "HIGH"
    },
    {
      "quarter": "2022-03 (Q1)",
      "signal": "INCREMENTAL MARGIN (YoY)",
      "detail": "YoY Incr OPM: +32.0% vs year-ago OPM: +15.9%",
      "severity": "MEDIUM"
    },
    {
      "quarter": "2021-12 (Q4)",
      "signal": "FCF TURNED POSITIVE",
      "detail": "FCF margin: -6.5% -> +30.2%",
      "severity": "HIGH"
    },
    {
      "quarter": "2021-12 (Q4)",
      "signal": "INCREMENTAL MARGIN (YoY)",
      "detail": "YoY Incr OPM: +51.7% vs year-ago OPM: +21.9%",
      "severity": "HIGH"
    }
  ],
  "data_quality": {
    "n_quarters": 20,
    "coverage": {
      "revenue": [
        20,
        20
      ],
      "gross_profit": [
        20,
        20
      ],
      "op_income": [
        20,
        20
      ],
      "fcf": [
        20,
        20
      ]
    },
    "gaps": [],
    "warnings": []
  },
  "market_cap": null,
  "source": "SEC EDGAR",
  "last_updated": "2026-02-02T20:02:24.804728"
}