{
  "ticker": "ELA",
  "name": "ENVELA CORPORATION",
  "quarters": [
    {
      "date": "2020-12-31T00:00:00",
      "quarter_label": "2020-12 (Q4)",
      "revenue": 28736381,
      "gross_profit": 6133028,
      "operating_income": 1701888,
      "net_income": 1658796,
      "opex": 4431140,
      "cogs": 4431140,
      "rd": null,
      "sga": 4241731,
      "fcf": -319605,
      "ocf": 3662392,
      "capex": -3981997,
      "gross_margin": 0.21342381283154618,
      "op_margin": 0.05922415908948312,
      "fcf_margin": -0.011121964174959958
    },
    {
      "date": "2021-03-31T00:00:00",
      "quarter_label": "2021-03 (Q1)",
      "revenue": 25490441,
      "gross_profit": 6304264,
      "operating_income": 1946123,
      "net_income": 2008272,
      "opex": 4358141,
      "cogs": 19186177,
      "rd": null,
      "sga": 4153229,
      "fcf": -585475,
      "ocf": -384912,
      "capex": -200563,
      "gross_margin": 0.24731874980115096,
      "op_margin": 0.07634716872885801,
      "fcf_margin": -0.022968413924262826,
      "fcf_margin_change": -0.011846449749302868
    },
    {
      "date": "2021-06-30T00:00:00",
      "quarter_label": "2021-06 (Q2)",
      "revenue": 33724006,
      "gross_profit": 7127890,
      "operating_income": 2080446,
      "net_income": 2153112,
      "opex": 5047444,
      "cogs": 26596116,
      "rd": null,
      "sga": 4831225,
      "fcf": 364513,
      "ocf": 648544,
      "capex": -284031,
      "gross_margin": 0.21135952828379878,
      "op_margin": 0.061690357901134286,
      "fcf_margin": 0.01080870997354229,
      "op_leverage_ratio": 2.042216015179817,
      "fcf_margin_change": 0.033777123897805114
    },
    {
      "date": "2021-09-30T00:00:00",
      "quarter_label": "2021-09 (Q3)",
      "revenue": 37680769,
      "gross_profit": 8110116,
      "operating_income": 2663467,
      "net_income": 3106401,
      "opex": 5446649,
      "cogs": 29570653,
      "rd": null,
      "sga": 5230473,
      "fcf": -1816858,
      "ocf": 762825,
      "capex": -2579683,
      "gross_margin": 0.21523223159272573,
      "op_margin": 0.07068504891712798,
      "fcf_margin": -0.04821711573880034,
      "op_leverage_ratio": 1.4834619696918192,
      "fcf_margin_change": -0.059025825712342626
    },
    {
      "date": "2021-12-31T00:00:00",
      "quarter_label": "2021-12 (Q4)",
      "revenue": 44070862,
      "gross_profit": 9678889,
      "operating_income": 2806933,
      "net_income": 2781090,
      "opex": 6871956,
      "cogs": -53628756,
      "rd": null,
      "sga": 6583168,
      "fcf": 1704168,
      "ocf": 1778606,
      "capex": -74438,
      "gross_margin": 0.21962105029849427,
      "op_margin": 0.06369135688791383,
      "fcf_margin": 0.038668814782883074,
      "incr_op_margin_yoy": 0.0720627584331025,
      "rev_growth_yoy": 0.5336260331459275,
      "op_leverage_ratio": 0.6480498167658324,
      "fcf_margin_change": 0.08688593052168342
    },
    {
      "date": "2022-03-31T00:00:00",
      "quarter_label": "2022-03 (Q1)",
      "revenue": 47415098,
      "gross_profit": 9711034,
      "operating_income": 2859332,
      "net_income": 2647225,
      "opex": 6851702,
      "cogs": 37704064,
      "rd": null,
      "sga": 6559755,
      "fcf": 3265385,
      "ocf": 3358769,
      "capex": -93384,
      "gross_margin": 0.204808898633933,
      "op_margin": 0.060304251612007635,
      "fcf_margin": 0.06886804283310771,
      "incr_op_margin_yoy": 0.041652145344850774,
      "rev_growth_yoy": 0.8601128948691001,
      "rev_growth_yoy_accel": 0.32648686172317265,
      "op_leverage_ratio": Infinity,
      "fcf_margin_change": 0.03019922805022464
    },
    {
      "date": "2022-06-30T00:00:00",
      "quarter_label": "2022-06 (Q2)",
      "revenue": 42639718,
      "gross_profit": 11478000,
      "operating_income": 4114581,
      "net_income": 3847858,
      "opex": 7363419,
      "cogs": 31161718,
      "rd": null,
      "sga": 7083903,
      "fcf": 2893327,
      "ocf": 3003872,
      "capex": -110545,
      "gross_margin": 0.2691856451771093,
      "op_margin": 0.09649644024381211,
      "fcf_margin": 0.06785520954899374,
      "incr_op_margin_yoy": 0.22815171687914548,
      "rev_growth_yoy": 0.26437286246479735,
      "rev_growth_yoy_accel": -0.5957400324043027,
      "fcf_margin_change": -0.0010128332841139731
    },
    {
      "date": "2022-09-30T00:00:00",
      "quarter_label": "2022-09 (Q3)",
      "revenue": 45197686,
      "gross_profit": 11855657,
      "operating_income": 3566991,
      "net_income": 3317709,
      "opex": 8288666,
      "cogs": 33342029,
      "rd": null,
      "sga": 7753702,
      "fcf": 1339231,
      "ocf": 1362499,
      "capex": -23268,
      "gross_margin": 0.2623067251717267,
      "op_margin": 0.07891977036169506,
      "fcf_margin": 0.029630521350141686,
      "incr_op_margin_yoy": 0.12019874637434469,
      "rev_growth_yoy": 0.19948947963349686,
      "rev_growth_yoy_accel": -0.06488338283130049,
      "op_leverage_ratio": 0.4774222020334206,
      "fcf_margin_change": -0.03822468819885205
    },
    {
      "date": "2022-12-31T00:00:00",
      "quarter_label": "2022-12 (Q4)",
      "revenue": 47433352,
      "gross_profit": 11782395,
      "operating_income": 3403625,
      "net_income": 5876341,
      "opex": 8378770,
      "cogs": -71325254,
      "rd": null,
      "sga": 8033363,
      "fcf": 2249194,
      "ocf": 2294745,
      "capex": -45551,
      "gross_margin": 0.24839895354644134,
      "op_margin": 0.07175594505739337,
      "fcf_margin": 0.04741798555581735,
      "incr_op_margin_yoy": 0.1774553976368703,
      "rev_growth_yoy": 0.0762973503899243,
      "rev_growth_yoy_accel": -0.12319212924357256,
      "op_leverage_ratio": 4.550208422626345,
      "fcf_margin_change": 0.017787464205675667
    },
    {
      "date": "2023-03-31T00:00:00",
      "quarter_label": "2023-03 (Q1)",
      "revenue": 49809532,
      "gross_profit": 11409902,
      "operating_income": 3150248,
      "net_income": 2526317,
      "opex": 8259654,
      "cogs": 36979138,
      "rd": null,
      "sga": 7905303,
      "fcf": 2915297,
      "ocf": 2924025,
      "capex": -8728,
      "gross_margin": 0.2290706525811164,
      "op_margin": 0.0632458863496248,
      "fcf_margin": 0.0585288976415197,
      "incr_op_margin_yoy": 0.1214967712620185,
      "rev_growth_yoy": 0.05049940000124011,
      "rev_growth_yoy_accel": -0.02579795038868419,
      "op_leverage_ratio": Infinity,
      "fcf_margin_change": 0.011110912085702349
    },
    {
      "date": "2023-06-30T00:00:00",
      "quarter_label": "2023-06 (Q2)",
      "revenue": 51095877,
      "gross_profit": 10762047,
      "operating_income": 2063319,
      "net_income": 1603709,
      "opex": 8698728,
      "cogs": 39541480,
      "rd": null,
      "sga": 8362554,
      "fcf": -1467678,
      "ocf": -175535,
      "capex": -1292143,
      "gross_margin": 0.2106245676143302,
      "op_margin": 0.040381320786411004,
      "fcf_margin": -0.028724000568578167,
      "incr_op_margin_yoy": -0.2425760915801134,
      "rev_growth_yoy": 0.19831648511371486,
      "rev_growth_yoy_accel": 0.14781708511247474,
      "op_leverage_ratio": 0.48581300399943533,
      "fcf_margin_change": -0.08725289821009787
    },
    {
      "date": "2023-09-30T00:00:00",
      "quarter_label": "2023-09 (Q3)",
      "revenue": 36876486,
      "gross_profit": 9734282,
      "operating_income": 1950189,
      "net_income": 1707493,
      "opex": 7784093,
      "cogs": 26531989,
      "rd": null,
      "sga": 7446380,
      "fcf": 536828,
      "ocf": 721501,
      "capex": -184673,
      "gross_margin": 0.26396989127434756,
      "op_margin": 0.052884350206253386,
      "fcf_margin": 0.01455746081662987,
      "incr_op_margin_yoy": 0.1942991395471807,
      "rev_growth_yoy": -0.18410677042183088,
      "rev_growth_yoy_accel": -0.38242325553554574,
      "fcf_margin_change": 0.04328146138520804
    },
    {
      "date": "2023-12-31T00:00:00",
      "quarter_label": "2023-12 (Q4)",
      "revenue": 37481931,
      "gross_profit": 9750299,
      "operating_income": 1593033,
      "net_income": 1309933,
      "opex": 8157266,
      "cogs": 27731632,
      "rd": null,
      "sga": 7823440,
      "fcf": 1889293,
      "ocf": 2372717,
      "capex": -483424,
      "gross_margin": 0.2601333159703005,
      "op_margin": 0.04250135885475057,
      "fcf_margin": 0.05040543402099534,
      "incr_op_margin_yoy": 0.18194306119698886,
      "rev_growth_yoy": -0.20979797084549284,
      "rev_growth_yoy_accel": -0.025691200423661964,
      "op_leverage_ratio": 0.3424703432777084,
      "fcf_margin_change": 0.035847973204365474
    },
    {
      "date": "2024-03-31T00:00:00",
      "quarter_label": "2024-03 (Q1)",
      "revenue": 39857780,
      "gross_profit": 10320684,
      "operating_income": 2340143,
      "net_income": 1907539,
      "opex": 7980541,
      "cogs": 1420492,
      "rd": null,
      "sga": 7636976,
      "fcf": 3343479,
      "ocf": 3791721,
      "capex": -448242,
      "gross_margin": 0.2589377531814366,
      "op_margin": 0.058712326677501855,
      "fcf_margin": 0.08388522893146583,
      "incr_op_margin_yoy": 0.08140325442193495,
      "rev_growth_yoy": -0.19979613540637162,
      "rev_growth_yoy_accel": 0.010001835439121226,
      "op_leverage_ratio": Infinity,
      "fcf_margin_change": 0.033479794910470484
    },
    {
      "date": "2024-06-30T00:00:00",
      "quarter_label": "2024-06 (Q2)",
      "revenue": 45297002,
      "gross_profit": 11389457,
      "operating_income": 1909142,
      "net_income": 1564179,
      "opex": 9480315,
      "cogs": 33907545,
      "rd": null,
      "sga": 9118048,
      "fcf": -1306742,
      "ocf": -789459,
      "capex": -517283,
      "gross_margin": 0.2514395323558058,
      "op_margin": 0.042147204355820284,
      "fcf_margin": -0.02884831097651893,
      "incr_op_margin_yoy": 0.026587398417796556,
      "rev_growth_yoy": -0.11349007670423193,
      "rev_growth_yoy_accel": 0.08630605870213968,
      "op_leverage_ratio": 0.7261564374362971,
      "fcf_margin_change": -0.11273353990798476
    },
    {
      "date": "2024-09-30T00:00:00",
      "quarter_label": "2024-09 (Q3)",
      "revenue": 46899559,
      "gross_profit": 11464239,
      "operating_income": 2020472,
      "net_income": 1685039,
      "opex": 9443767,
      "cogs": 35435320,
      "rd": null,
      "sga": 9028988,
      "fcf": 1458003,
      "ocf": 3447502,
      "capex": -1989499,
      "gross_margin": 0.24444236245377063,
      "op_margin": 0.043080831527648265,
      "fcf_margin": 0.031087776326425585,
      "incr_op_margin_yoy": 0.007012120933370434,
      "rev_growth_yoy": 0.27180119602502256,
      "rev_growth_yoy_accel": 0.3852912727292545,
      "op_leverage_ratio": Infinity,
      "fcf_margin_change": 0.059936087302944516
    },
    {
      "date": "2024-12-31T00:00:00",
      "quarter_label": "2024-12 (Q4)",
      "revenue": 48321888,
      "gross_profit": 11141407,
      "operating_income": 1889124,
      "net_income": 1600302,
      "opex": 9252283,
      "cogs": 37180481,
      "rd": null,
      "sga": 8821120,
      "fcf": 3236394,
      "ocf": 3740876,
      "capex": -504482,
      "gross_margin": 0.23056646710492767,
      "op_margin": 0.03909458173488586,
      "fcf_margin": 0.06697573571628658,
      "incr_op_margin_yoy": 0.02731477624865117,
      "rev_growth_yoy": 0.2892048704747896,
      "rev_growth_yoy_accel": 0.017403674449767037,
      "op_leverage_ratio": Infinity,
      "fcf_margin_change": 0.035887959389860995
    },
    {
      "date": "2025-03-31T00:00:00",
      "quarter_label": "2025-03 (Q1)",
      "revenue": 48255829,
      "gross_profit": 11968024,
      "operating_income": 3118421,
      "net_income": 2493347,
      "opex": 8849603,
      "cogs": 36287805,
      "rd": null,
      "sga": 8404262,
      "fcf": 746613,
      "ocf": 1131057,
      "capex": -384444,
      "gross_margin": 0.24801198628252766,
      "op_margin": 0.06462268009114505,
      "fcf_margin": 0.015471975416690075,
      "incr_op_margin_yoy": 0.09267366741965902,
      "rev_growth_yoy": 0.21070037016612567,
      "rev_growth_yoy_accel": -0.07850450030866393,
      "fcf_margin_change": -0.0515037602995965
    },
    {
      "date": "2025-06-30T00:00:00",
      "quarter_label": "2025-06 (Q2)",
      "revenue": 54876833,
      "gross_profit": 12387923,
      "operating_income": 3255445,
      "net_income": 2752399,
      "opex": 9132478,
      "cogs": 42488910,
      "rd": null,
      "sga": 8672067,
      "fcf": 2144452,
      "ocf": 2591537,
      "capex": -447085,
      "gross_margin": 0.22574048688268872,
      "op_margin": 0.05932275647175193,
      "fcf_margin": 0.03907754662154064,
      "incr_op_margin_yoy": 0.14053515140298403,
      "rev_growth_yoy": 0.21148929458951832,
      "rev_growth_yoy_accel": 0.0007889244233926507,
      "op_leverage_ratio": 4.292430684402542,
      "fcf_margin_change": 0.023605571204850566
    },
    {
      "date": "2025-09-30T00:00:00",
      "quarter_label": "2025-09 (Q3)",
      "revenue": 57389411,
      "gross_profit": 13067930,
      "operating_income": 4201528,
      "net_income": 3356920,
      "opex": 8866402,
      "cogs": 44321481,
      "rd": null,
      "sga": 8393878,
      "fcf": 2197782,
      "ocf": 2403744,
      "capex": -205962,
      "gross_margin": 0.2277062923681165,
      "op_margin": 0.07321085766152924,
      "fcf_margin": 0.03829594975282113,
      "incr_op_margin_yoy": 0.20792056932738423,
      "rev_growth_yoy": 0.2236663248795154,
      "rev_growth_yoy_accel": 0.012177030289997087,
      "op_leverage_ratio": Infinity,
      "fcf_margin_change": -0.0007815968687195154
    }
  ],
  "signals": [
    {
      "quarter": "2025-09 (Q3)",
      "signal": "INCREMENTAL MARGIN (YoY)",
      "detail": "YoY Incr OPM: +20.8% vs year-ago OPM: +4.3%",
      "severity": "MEDIUM"
    },
    {
      "quarter": "2025-06 (Q2)",
      "signal": "OPERATING LEVERAGE",
      "detail": "Rev growth +13.7% vs OpEx growth +3.2% (leverage: 4.3x)",
      "severity": "MEDIUM"
    },
    {
      "quarter": "2025-03 (Q1)",
      "signal": "YoY REVENUE GROWTH DECELERATION",
      "detail": "YoY growth: +21.1% vs prior quarter YoY: +28.9% (decel: -7.9%)",
      "severity": "WARNING"
    },
    {
      "quarter": "2024-09 (Q3)",
      "signal": "FCF TURNED POSITIVE",
      "detail": "FCF margin: -2.9% -> +3.1%",
      "severity": "HIGH"
    },
    {
      "quarter": "2024-09 (Q3)",
      "signal": "YoY REVENUE GROWTH ACCELERATION",
      "detail": "YoY growth: +27.2% vs prior quarter YoY: -11.3% (accel: +38.5%)",
      "severity": "HIGH"
    },
    {
      "quarter": "2024-06 (Q2)",
      "signal": "YoY REVENUE GROWTH ACCELERATION",
      "detail": "YoY growth: -11.3% vs prior quarter YoY: -20.0% (accel: +8.6%)",
      "severity": "MEDIUM"
    },
    {
      "quarter": "2023-12 (Q4)",
      "signal": "INCREMENTAL MARGIN (YoY)",
      "detail": "YoY Incr OPM: +18.2% vs year-ago OPM: +7.2%",
      "severity": "MEDIUM"
    },
    {
      "quarter": "2023-09 (Q3)",
      "signal": "FCF TURNED POSITIVE",
      "detail": "FCF margin: -2.9% -> +1.5%",
      "severity": "HIGH"
    },
    {
      "quarter": "2023-09 (Q3)",
      "signal": "GROSS MARGIN INFLECTION",
      "detail": "GM: +22.9% -> +21.1% -> +26.4% (reversal +5.3%)",
      "severity": "HIGH"
    },
    {
      "quarter": "2023-09 (Q3)",
      "signal": "YoY REVENUE GROWTH DECELERATION",
      "detail": "YoY growth: -18.4% vs prior quarter YoY: +19.8% (decel: -38.2%)",
      "severity": "WARNING"
    },
    {
      "quarter": "2023-09 (Q3)",
      "signal": "INCREMENTAL MARGIN (YoY)",
      "detail": "YoY Incr OPM: +19.4% vs year-ago OPM: +7.9%",
      "severity": "MEDIUM"
    },
    {
      "quarter": "2023-06 (Q2)",
      "signal": "YoY REVENUE GROWTH ACCELERATION",
      "detail": "YoY growth: +19.8% vs prior quarter YoY: +5.0% (accel: +14.8%)",
      "severity": "MEDIUM"
    },
    {
      "quarter": "2022-12 (Q4)",
      "signal": "OPERATING LEVERAGE",
      "detail": "Rev growth +4.9% vs OpEx growth +1.1% (leverage: 4.6x)",
      "severity": "MEDIUM"
    },
    {
      "quarter": "2022-12 (Q4)",
      "signal": "YoY REVENUE GROWTH DECELERATION",
      "detail": "YoY growth: +7.6% vs prior quarter YoY: +19.9% (decel: -12.3%)",
      "severity": "WARNING"
    },
    {
      "quarter": "2022-12 (Q4)",
      "signal": "INCREMENTAL MARGIN (YoY)",
      "detail": "YoY Incr OPM: +17.7% vs year-ago OPM: +6.4%",
      "severity": "MEDIUM"
    },
    {
      "quarter": "2022-09 (Q3)",
      "signal": "YoY REVENUE GROWTH DECELERATION",
      "detail": "YoY growth: +19.9% vs prior quarter YoY: +26.4% (decel: -6.5%)",
      "severity": "WARNING"
    },
    {
      "quarter": "2022-06 (Q2)",
      "signal": "GROSS MARGIN INFLECTION",
      "detail": "GM: +22.0% -> +20.5% -> +26.9% (reversal +6.4%)",
      "severity": "HIGH"
    },
    {
      "quarter": "2022-06 (Q2)",
      "signal": "YoY REVENUE GROWTH DECELERATION",
      "detail": "YoY growth: +26.4% vs prior quarter YoY: +86.0% (decel: -59.6%)",
      "severity": "WARNING"
    },
    {
      "quarter": "2022-06 (Q2)",
      "signal": "INCREMENTAL MARGIN (YoY)",
      "detail": "YoY Incr OPM: +22.8% vs year-ago OPM: +6.2%",
      "severity": "MEDIUM"
    },
    {
      "quarter": "2022-03 (Q1)",
      "signal": "YoY REVENUE GROWTH ACCELERATION",
      "detail": "YoY growth: +86.0% vs prior quarter YoY: +53.4% (accel: +32.6%)",
      "severity": "HIGH"
    },
    {
      "quarter": "2021-12 (Q4)",
      "signal": "FCF TURNED POSITIVE",
      "detail": "FCF margin: -4.8% -> +3.9%",
      "severity": "HIGH"
    },
    {
      "quarter": "2021-06 (Q2)",
      "signal": "FCF TURNED POSITIVE",
      "detail": "FCF margin: -2.3% -> +1.1%",
      "severity": "HIGH"
    },
    {
      "quarter": "2021-06 (Q2)",
      "signal": "OPERATING LEVERAGE",
      "detail": "Rev growth +32.3% vs OpEx growth +15.8% (leverage: 2.0x)",
      "severity": "MEDIUM"
    }
  ],
  "data_quality": {
    "n_quarters": 20,
    "coverage": {
      "revenue": [
        20,
        20
      ],
      "gross_profit": [
        20,
        20
      ],
      "op_income": [
        20,
        20
      ],
      "fcf": [
        20,
        20
      ]
    },
    "gaps": [],
    "warnings": []
  },
  "market_cap": null,
  "source": "SEC EDGAR",
  "last_updated": "2026-02-02T22:39:37.714641",
  "sector": "Consumer Cyclical",
  "industry": "Luxury Goods"
}