{
  "ticker": "ELF",
  "name": "e.l.f. Beauty, Inc.",
  "quarters": [
    {
      "date": "2020-12-31T00:00:00",
      "quarter_label": "2020-12 (Q4)",
      "revenue": 88562000,
      "gross_profit": 57119000,
      "operating_income": 6291000,
      "net_income": 4297000,
      "opex": 50828000,
      "cogs": 31443000,
      "rd": null,
      "sga": 50828000,
      "fcf": -2675000,
      "ocf": -1463000,
      "capex": -1212000,
      "gross_margin": 0.64496059257921,
      "op_margin": 0.07103498114315394,
      "fcf_margin": -0.030204828255911115
    },
    {
      "date": "2021-03-31T00:00:00",
      "quarter_label": "2021-03 (Q1)",
      "revenue": 92671000,
      "gross_profit": 58600000,
      "operating_income": -1868000,
      "net_income": -24000,
      "opex": 60468000,
      "cogs": 34071000,
      "rd": null,
      "sga": 57827000,
      "fcf": 25009000,
      "ocf": 27525000,
      "capex": -2516000,
      "gross_margin": 0.6323445306514444,
      "op_margin": -0.020157330772302015,
      "fcf_margin": 0.2698686752058357,
      "op_leverage_ratio": 0.24463281508202847,
      "fcf_margin_change": 0.30007350346174677
    },
    {
      "date": "2021-06-30T00:00:00",
      "quarter_label": "2021-06 (Q2)",
      "revenue": 97047000,
      "gross_profit": 61906000,
      "operating_income": 11171000,
      "net_income": 8276000,
      "opex": 50735000,
      "cogs": 35141000,
      "rd": null,
      "sga": 50749000,
      "fcf": 5156000,
      "ocf": 7492000,
      "capex": -2336000,
      "gross_margin": 0.6378971014044741,
      "op_margin": 0.11510917390542727,
      "fcf_margin": 0.05312889630797449,
      "op_leverage_ratio": Infinity,
      "fcf_margin_change": -0.2167397788978612
    },
    {
      "date": "2021-09-30T00:00:00",
      "quarter_label": "2021-09 (Q3)",
      "revenue": 91855000,
      "gross_profit": 57985000,
      "operating_income": 7442000,
      "net_income": 5724000,
      "opex": 50543000,
      "cogs": 33870000,
      "rd": null,
      "sga": 50447000,
      "fcf": -8031000,
      "ocf": -6718000,
      "capex": -1313000,
      "gross_margin": 0.6312666702955746,
      "op_margin": 0.08101899733275271,
      "fcf_margin": -0.08743127755701921,
      "fcf_margin_change": -0.1405601738649937
    },
    {
      "date": "2021-12-31T00:00:00",
      "quarter_label": "2021-12 (Q4)",
      "revenue": 98118000,
      "gross_profit": 64341000,
      "operating_income": 8971000,
      "net_income": 6214000,
      "opex": 55370000,
      "cogs": 33777000,
      "rd": null,
      "sga": 55384000,
      "fcf": 6105000,
      "ocf": 7052000,
      "capex": -947000,
      "gross_margin": 0.6557512383048982,
      "op_margin": 0.09143072626837073,
      "fcf_margin": 0.06222099920503883,
      "incr_op_margin_yoy": 0.28045207199665134,
      "rev_growth_yoy": 0.10790180890223798,
      "op_leverage_ratio": 0.713942650873452,
      "fcf_margin_change": 0.14965227676205806
    },
    {
      "date": "2022-03-31T00:00:00",
      "quarter_label": "2022-03 (Q1)",
      "revenue": 105135000,
      "gross_profit": 67500000,
      "operating_income": 2186000,
      "net_income": 1556000,
      "opex": 65314000,
      "cogs": 37635000,
      "rd": null,
      "sga": 65332000,
      "fcf": 11465000,
      "ocf": 11687000,
      "capex": -222000,
      "gross_margin": 0.6420316735625624,
      "op_margin": 0.020792314643077948,
      "fcf_margin": 0.10905026870214486,
      "incr_op_margin_yoy": 0.32525673940949934,
      "rev_growth_yoy": 0.1344973076798567,
      "rev_growth_yoy_accel": 0.02659549877761873,
      "op_leverage_ratio": 0.3982137000161216,
      "fcf_margin_change": 0.04682926949710603
    },
    {
      "date": "2022-06-30T00:00:00",
      "quarter_label": "2022-06 (Q2)",
      "revenue": 122601000,
      "gross_profit": 82985000,
      "operating_income": 21430000,
      "net_income": 14469000,
      "opex": 61555000,
      "cogs": 39616000,
      "rd": null,
      "sga": 61555000,
      "fcf": 30337000,
      "ocf": 30578000,
      "capex": -241000,
      "gross_margin": 0.6768704986093099,
      "op_margin": 0.17479465909739725,
      "fcf_margin": 0.24744496374417826,
      "incr_op_margin_yoy": 0.40146356734757765,
      "rev_growth_yoy": 0.2633157130050388,
      "rev_growth_yoy_accel": 0.1288184053251821,
      "op_leverage_ratio": Infinity,
      "fcf_margin_change": 0.1383946950420334
    },
    {
      "date": "2022-09-30T00:00:00",
      "quarter_label": "2022-09 (Q3)",
      "revenue": 122349000,
      "gross_profit": 79560000,
      "operating_income": 15377000,
      "net_income": 11710000,
      "opex": 64183000,
      "cogs": 42789000,
      "rd": null,
      "sga": 64183000,
      "fcf": 12015000,
      "ocf": 12468000,
      "capex": -453000,
      "gross_margin": 0.6502709462275948,
      "op_margin": 0.12568145223908656,
      "fcf_margin": 0.0982026824902533,
      "incr_op_margin_yoy": 0.2602151242867449,
      "rev_growth_yoy": 0.33197975069402863,
      "rev_growth_yoy_accel": 0.06866403768898982,
      "fcf_margin_change": -0.14924228125392497
    },
    {
      "date": "2022-12-31T00:00:00",
      "quarter_label": "2022-12 (Q4)",
      "revenue": 146537000,
      "gross_profit": 98725000,
      "operating_income": 23291000,
      "net_income": 19105000,
      "opex": 75434000,
      "cogs": 47812000,
      "rd": null,
      "sga": 75434000,
      "fcf": 25002000,
      "ocf": 25955000,
      "capex": -953000,
      "gross_margin": 0.6737206302845016,
      "op_margin": 0.15894279260528058,
      "fcf_margin": 0.17061902454670153,
      "incr_op_margin_yoy": 0.2957516677337409,
      "rev_growth_yoy": 0.49347724168857904,
      "rev_growth_yoy_accel": 0.1614974909945504,
      "op_leverage_ratio": 1.127790479121326,
      "fcf_margin_change": 0.07241634205644823
    },
    {
      "date": "2023-03-31T00:00:00",
      "quarter_label": "2023-03 (Q1)",
      "revenue": 187357000,
      "gross_profit": 129126000,
      "operating_income": 8045000,
      "net_income": 16246000,
      "opex": 121081000,
      "cogs": 58231000,
      "rd": null,
      "sga": 121081000,
      "fcf": 32806000,
      "ocf": 32882000,
      "capex": -76000,
      "gross_margin": 0.6891976280576653,
      "op_margin": 0.0429394151272704,
      "fcf_margin": 0.1750988754089786,
      "incr_op_margin_yoy": 0.07125830069811,
      "rev_growth_yoy": 0.7820611594616446,
      "rev_growth_yoy_accel": 0.2885839177730655,
      "op_leverage_ratio": 0.46034200131587627,
      "fcf_margin_change": 0.004479850862277063
    },
    {
      "date": "2023-06-30T00:00:00",
      "quarter_label": "2023-06 (Q2)",
      "revenue": 216339000,
      "gross_profit": 152572000,
      "operating_income": 60633000,
      "net_income": 52977000,
      "opex": 91939000,
      "cogs": 63767000,
      "rd": null,
      "sga": 91939000,
      "fcf": 22738000,
      "ocf": 23354000,
      "capex": -616000,
      "gross_margin": 0.7052450089905196,
      "op_margin": 0.2802684675439934,
      "fcf_margin": 0.10510356431341551,
      "incr_op_margin_yoy": 0.4182188653480979,
      "rev_growth_yoy": 0.7645777766902391,
      "rev_growth_yoy_accel": -0.017483382771405487,
      "op_leverage_ratio": Infinity,
      "fcf_margin_change": -0.06999531109556308
    },
    {
      "date": "2023-09-30T00:00:00",
      "quarter_label": "2023-09 (Q3)",
      "revenue": 215507000,
      "gross_profit": 152365000,
      "operating_income": 40179000,
      "net_income": 33271000,
      "opex": 112186000,
      "cogs": 63142000,
      "rd": null,
      "sga": 112186000,
      "fcf": 27067000,
      "ocf": 27916000,
      "capex": -849000,
      "gross_margin": 0.7070071969820005,
      "op_margin": 0.18643941960121946,
      "fcf_margin": 0.12559684836223417,
      "incr_op_margin_yoy": 0.26623585736061317,
      "rev_growth_yoy": 0.7614120262527687,
      "rev_growth_yoy_accel": -0.0031657504374703604,
      "fcf_margin_change": 0.020493284048818658
    },
    {
      "date": "2023-12-31T00:00:00",
      "quarter_label": "2023-12 (Q4)",
      "revenue": 270943000,
      "gross_profit": 191957000,
      "operating_income": 31836000,
      "net_income": 26888000,
      "opex": 160121000,
      "cogs": 78986000,
      "rd": null,
      "sga": 160121000,
      "fcf": -21650000,
      "ocf": -17131000,
      "capex": -4519000,
      "gross_margin": 0.7084774288318946,
      "op_margin": 0.11750072893560638,
      "fcf_margin": -0.07990610571227158,
      "incr_op_margin_yoy": 0.06868639776216581,
      "rev_growth_yoy": 0.8489732968465302,
      "rev_growth_yoy_accel": 0.08756127059376151,
      "op_leverage_ratio": 0.6020276480000205,
      "fcf_margin_change": -0.20550295407450575
    },
    {
      "date": "2024-03-31T00:00:00",
      "quarter_label": "2024-03 (Q1)",
      "revenue": 321143000,
      "gross_profit": 227202000,
      "operating_income": 17030000,
      "net_income": 14527000,
      "opex": 210172000,
      "cogs": 93941000,
      "rd": null,
      "sga": 210172000,
      "fcf": 34340000,
      "ocf": 37015000,
      "capex": -2675000,
      "gross_margin": 0.7074792226515914,
      "op_margin": 0.053029335841042774,
      "fcf_margin": 0.10693055741523247,
      "incr_op_margin_yoy": 0.06715949351950129,
      "rev_growth_yoy": 0.7140699306671221,
      "rev_growth_yoy_accel": -0.13490336617940812,
      "op_leverage_ratio": 0.5927360159595946,
      "fcf_margin_change": 0.18683666312750405
    },
    {
      "date": "2024-06-30T00:00:00",
      "quarter_label": "2024-06 (Q2)",
      "revenue": 324477000,
      "gross_profit": 231283000,
      "operating_income": 50708000,
      "net_income": 47555000,
      "opex": 180575000,
      "cogs": 93194000,
      "rd": null,
      "sga": 180575000,
      "fcf": 495000,
      "ocf": 1281000,
      "capex": -786000,
      "gross_margin": 0.7127870388348019,
      "op_margin": 0.15627609969273631,
      "fcf_margin": 0.0015255318558788451,
      "incr_op_margin_yoy": -0.09178087258872922,
      "rev_growth_yoy": 0.49985439518533414,
      "rev_growth_yoy_accel": -0.21421553548178796,
      "op_leverage_ratio": Infinity,
      "fcf_margin_change": -0.10540502555935362
    },
    {
      "date": "2024-09-30T00:00:00",
      "quarter_label": "2024-09 (Q3)",
      "revenue": 301075000,
      "gross_profit": 214059000,
      "operating_income": 27918000,
      "net_income": 19020000,
      "opex": 186141000,
      "cogs": 87016000,
      "rd": null,
      "sga": 186141000,
      "fcf": 9545000,
      "ocf": 11168000,
      "capex": -1623000,
      "gross_margin": 0.7109823133770655,
      "op_margin": 0.09272772564975504,
      "fcf_margin": 0.03170306402059288,
      "incr_op_margin_yoy": -0.14328954749439043,
      "rev_growth_yoy": 0.3970543880245189,
      "rev_growth_yoy_accel": -0.10280000716081522,
      "fcf_margin_change": 0.030177532164714034
    },
    {
      "date": "2024-12-31T00:00:00",
      "quarter_label": "2024-12 (Q4)",
      "revenue": 355320000,
      "gross_profit": 253305000,
      "operating_income": 35085000,
      "net_income": 17261000,
      "opex": 218220000,
      "cogs": 102015000,
      "rd": null,
      "sga": 218220000,
      "fcf": -19761000,
      "ocf": -14709000,
      "capex": -5052000,
      "gross_margin": 0.7128926038500507,
      "op_margin": 0.098741979061128,
      "fcf_margin": -0.05561465721040189,
      "incr_op_margin_yoy": 0.03850575393768444,
      "rev_growth_yoy": 0.31141974511244064,
      "rev_growth_yoy_accel": -0.08563464291207828,
      "op_leverage_ratio": 1.045457156122945,
      "fcf_margin_change": -0.08731772123099477
    },
    {
      "date": "2025-03-31T00:00:00",
      "quarter_label": "2025-03 (Q1)",
      "revenue": 332645000,
      "gross_profit": 237039000,
      "operating_income": 44316000,
      "net_income": 28253000,
      "opex": 192723000,
      "cogs": 95606000,
      "rd": null,
      "sga": 192723000,
      "fcf": 125041000,
      "ocf": 136100000,
      "capex": -11059000,
      "gross_margin": 0.7125884952426761,
      "op_margin": 0.13322310571329796,
      "fcf_margin": 0.37589923191390223,
      "incr_op_margin_yoy": 2.372283081203269,
      "rev_growth_yoy": 0.03581582036662795,
      "rev_growth_yoy_accel": -0.2756039247458127,
      "fcf_margin_change": 0.4315138891243041
    },
    {
      "date": "2025-06-30T00:00:00",
      "quarter_label": "2025-06 (Q2)",
      "revenue": 353739000,
      "gross_profit": 244541000,
      "operating_income": 48709000,
      "net_income": 33311000,
      "opex": 195832000,
      "cogs": 109198000,
      "rd": null,
      "sga": 195832000,
      "fcf": 20138000,
      "ocf": 27233000,
      "capex": -7095000,
      "gross_margin": 0.691303475161065,
      "op_margin": 0.13769756798091248,
      "fcf_margin": 0.05692897871029205,
      "incr_op_margin_yoy": -0.06831385414530791,
      "rev_growth_yoy": 0.09018204680146821,
      "rev_growth_yoy_accel": 0.054366226434840265,
      "op_leverage_ratio": 3.93088887961811,
      "fcf_margin_change": -0.31897025320361017
    },
    {
      "date": "2025-09-30T00:00:00",
      "quarter_label": "2025-09 (Q3)",
      "revenue": 343936000,
      "gross_profit": 238858000,
      "operating_income": 7716000,
      "net_income": 2996000,
      "opex": 231142000,
      "cogs": 105078000,
      "rd": null,
      "sga": 231142000,
      "fcf": 16566000,
      "ocf": 23415000,
      "capex": -6849000,
      "gross_margin": 0.6944838574618534,
      "op_margin": 0.022434406401190918,
      "fcf_margin": 0.04816593784890212,
      "incr_op_margin_yoy": -0.4713375796178344,
      "rev_growth_yoy": 0.14235987710703313,
      "rev_growth_yoy_accel": 0.052177830305564915,
      "fcf_margin_change": -0.008763040861389931
    }
  ],
  "signals": [
    {
      "quarter": "2025-09 (Q3)",
      "signal": "YoY REVENUE GROWTH ACCELERATION",
      "detail": "YoY growth: +14.2% vs prior quarter YoY: +9.0% (accel: +5.2%)",
      "severity": "MEDIUM"
    },
    {
      "quarter": "2025-06 (Q2)",
      "signal": "OPERATING LEVERAGE",
      "detail": "Rev growth +6.3% vs OpEx growth +1.6% (leverage: 3.9x)",
      "severity": "MEDIUM"
    },
    {
      "quarter": "2025-06 (Q2)",
      "signal": "YoY REVENUE GROWTH ACCELERATION",
      "detail": "YoY growth: +9.0% vs prior quarter YoY: +3.6% (accel: +5.4%)",
      "severity": "MEDIUM"
    },
    {
      "quarter": "2025-03 (Q1)",
      "signal": "FCF TURNED POSITIVE",
      "detail": "FCF margin: -5.6% -> +37.6%",
      "severity": "HIGH"
    },
    {
      "quarter": "2025-03 (Q1)",
      "signal": "YoY REVENUE GROWTH DECELERATION",
      "detail": "YoY growth: +3.6% vs prior quarter YoY: +31.1% (decel: -27.6%)",
      "severity": "WARNING"
    },
    {
      "quarter": "2025-03 (Q1)",
      "signal": "INCREMENTAL MARGIN (YoY)",
      "detail": "YoY Incr OPM: +237.2% vs year-ago OPM: +5.3%",
      "severity": "HIGH"
    },
    {
      "quarter": "2024-12 (Q4)",
      "signal": "YoY REVENUE GROWTH DECELERATION",
      "detail": "YoY growth: +31.1% vs prior quarter YoY: +39.7% (decel: -8.6%)",
      "severity": "WARNING"
    },
    {
      "quarter": "2024-09 (Q3)",
      "signal": "YoY REVENUE GROWTH DECELERATION",
      "detail": "YoY growth: +39.7% vs prior quarter YoY: +50.0% (decel: -10.3%)",
      "severity": "WARNING"
    },
    {
      "quarter": "2024-06 (Q2)",
      "signal": "YoY REVENUE GROWTH DECELERATION",
      "detail": "YoY growth: +50.0% vs prior quarter YoY: +71.4% (decel: -21.4%)",
      "severity": "WARNING"
    },
    {
      "quarter": "2024-03 (Q1)",
      "signal": "FCF TURNED POSITIVE",
      "detail": "FCF margin: -8.0% -> +10.7%",
      "severity": "HIGH"
    },
    {
      "quarter": "2024-03 (Q1)",
      "signal": "YoY REVENUE GROWTH DECELERATION",
      "detail": "YoY growth: +71.4% vs prior quarter YoY: +84.9% (decel: -13.5%)",
      "severity": "WARNING"
    },
    {
      "quarter": "2023-12 (Q4)",
      "signal": "YoY REVENUE GROWTH ACCELERATION",
      "detail": "YoY growth: +84.9% vs prior quarter YoY: +76.1% (accel: +8.8%)",
      "severity": "MEDIUM"
    },
    {
      "quarter": "2023-09 (Q3)",
      "signal": "INCREMENTAL MARGIN (YoY)",
      "detail": "YoY Incr OPM: +26.6% vs year-ago OPM: +12.6%",
      "severity": "MEDIUM"
    },
    {
      "quarter": "2023-06 (Q2)",
      "signal": "INCREMENTAL MARGIN (YoY)",
      "detail": "YoY Incr OPM: +41.8% vs year-ago OPM: +17.5%",
      "severity": "HIGH"
    },
    {
      "quarter": "2023-03 (Q1)",
      "signal": "YoY REVENUE GROWTH ACCELERATION",
      "detail": "YoY growth: +78.2% vs prior quarter YoY: +49.3% (accel: +28.9%)",
      "severity": "HIGH"
    },
    {
      "quarter": "2022-12 (Q4)",
      "signal": "FCF MARGIN EXPANSION",
      "detail": "FCF margin: +9.8% -> +17.1% (+7.2%)",
      "severity": "MEDIUM"
    },
    {
      "quarter": "2022-12 (Q4)",
      "signal": "GROSS MARGIN INFLECTION",
      "detail": "GM: +67.7% -> +65.0% -> +67.4% (reversal +2.3%)",
      "severity": "MEDIUM"
    },
    {
      "quarter": "2022-12 (Q4)",
      "signal": "YoY REVENUE GROWTH ACCELERATION",
      "detail": "YoY growth: +49.3% vs prior quarter YoY: +33.2% (accel: +16.1%)",
      "severity": "HIGH"
    },
    {
      "quarter": "2022-12 (Q4)",
      "signal": "INCREMENTAL MARGIN (YoY)",
      "detail": "YoY Incr OPM: +29.6% vs year-ago OPM: +9.1%",
      "severity": "HIGH"
    },
    {
      "quarter": "2022-09 (Q3)",
      "signal": "YoY REVENUE GROWTH ACCELERATION",
      "detail": "YoY growth: +33.2% vs prior quarter YoY: +26.3% (accel: +6.9%)",
      "severity": "MEDIUM"
    },
    {
      "quarter": "2022-09 (Q3)",
      "signal": "INCREMENTAL MARGIN (YoY)",
      "detail": "YoY Incr OPM: +26.0% vs year-ago OPM: +8.1%",
      "severity": "MEDIUM"
    },
    {
      "quarter": "2022-06 (Q2)",
      "signal": "FCF MARGIN EXPANSION",
      "detail": "FCF margin: +10.9% -> +24.7% (+13.8%)",
      "severity": "MEDIUM"
    },
    {
      "quarter": "2022-06 (Q2)",
      "signal": "GROSS MARGIN INFLECTION",
      "detail": "GM: +65.6% -> +64.2% -> +67.7% (reversal +3.5%)",
      "severity": "MEDIUM"
    },
    {
      "quarter": "2022-06 (Q2)",
      "signal": "YoY REVENUE GROWTH ACCELERATION",
      "detail": "YoY growth: +26.3% vs prior quarter YoY: +13.4% (accel: +12.9%)",
      "severity": "MEDIUM"
    },
    {
      "quarter": "2022-06 (Q2)",
      "signal": "INCREMENTAL MARGIN (YoY)",
      "detail": "YoY Incr OPM: +40.1% vs year-ago OPM: +11.5%",
      "severity": "HIGH"
    },
    {
      "quarter": "2022-03 (Q1)",
      "signal": "OP MARGIN TURNED POSITIVE (YoY)",
      "detail": "Op margin: -2.0% (year-ago) -> +2.1%",
      "severity": "HIGH"
    },
    {
      "quarter": "2021-12 (Q4)",
      "signal": "FCF TURNED POSITIVE",
      "detail": "FCF margin: -8.7% -> +6.2%",
      "severity": "HIGH"
    },
    {
      "quarter": "2021-12 (Q4)",
      "signal": "GROSS MARGIN INFLECTION",
      "detail": "GM: +63.8% -> +63.1% -> +65.6% (reversal +2.4%)",
      "severity": "MEDIUM"
    },
    {
      "quarter": "2021-12 (Q4)",
      "signal": "INCREMENTAL MARGIN (YoY)",
      "detail": "YoY Incr OPM: +28.0% vs year-ago OPM: +7.1%",
      "severity": "HIGH"
    },
    {
      "quarter": "2021-06 (Q2)",
      "signal": "OP MARGIN TURNED POSITIVE (QoQ)",
      "detail": "Op margin: -2.0% -> +11.5%",
      "severity": "HIGH"
    },
    {
      "quarter": "2021-03 (Q1)",
      "signal": "FCF TURNED POSITIVE",
      "detail": "FCF margin: -3.0% -> +27.0%",
      "severity": "HIGH"
    }
  ],
  "data_quality": {
    "n_quarters": 20,
    "coverage": {
      "revenue": [
        20,
        20
      ],
      "gross_profit": [
        20,
        20
      ],
      "op_income": [
        20,
        20
      ],
      "fcf": [
        20,
        20
      ]
    },
    "gaps": [],
    "warnings": []
  },
  "market_cap": null,
  "source": "SEC EDGAR",
  "last_updated": "2026-02-02T21:02:28.466682"
}