{
  "ticker": "ELMD",
  "name": "Electromed, Inc.",
  "quarters": [
    {
      "date": "2020-12-31T00:00:00",
      "quarter_label": "2020-12 (Q4)",
      "revenue": 9496073,
      "gross_profit": 7525243,
      "operating_income": 1582721,
      "net_income": 1203427,
      "opex": 5942522,
      "cogs": 1970830,
      "rd": 507497,
      "sga": 5435025,
      "fcf": 631000,
      "ocf": 669000,
      "capex": -38000,
      "gross_margin": 0.7924584193908366,
      "op_margin": 0.16667110709869226,
      "fcf_margin": 0.06644852035151794
    },
    {
      "date": "2021-03-31T00:00:00",
      "quarter_label": "2021-03 (Q1)",
      "revenue": 8786972,
      "gross_profit": 6700852,
      "operating_income": 242987,
      "net_income": 223771,
      "opex": 6457865,
      "cogs": 2086120,
      "rd": 407199,
      "sga": 6050666,
      "fcf": 782000,
      "ocf": 833000,
      "capex": -51000,
      "gross_margin": 0.7625894335386525,
      "op_margin": 0.02765309824590314,
      "fcf_margin": 0.08899538999327641,
      "fcf_margin_change": 0.022546869641758477
    },
    {
      "date": "2021-06-30T00:00:00",
      "quarter_label": "2021-06 (Q2)",
      "revenue": 9468783,
      "gross_profit": 6930683,
      "operating_income": 651309,
      "net_income": 399540,
      "opex": 6279374,
      "cogs": 2538100,
      "rd": 326245,
      "sga": 5953129,
      "fcf": 571000,
      "ocf": 753000,
      "capex": -182000,
      "gross_margin": 0.7319507691748771,
      "op_margin": 0.0687848691854064,
      "fcf_margin": 0.06030342019666096,
      "op_leverage_ratio": Infinity,
      "fcf_margin_change": -0.028691969796615452
    },
    {
      "date": "2021-09-30T00:00:00",
      "quarter_label": "2021-09 (Q3)",
      "revenue": 10001000,
      "gross_profit": 7701000,
      "operating_income": 538000,
      "net_income": 439000,
      "opex": 7163000,
      "cogs": 2300000,
      "rd": 376000,
      "sga": 6787000,
      "fcf": -801000,
      "ocf": -576000,
      "capex": -225000,
      "gross_margin": 0.77002299770023,
      "op_margin": 0.0537946205379462,
      "fcf_margin": -0.0800919908009199,
      "op_leverage_ratio": 0.3994316212907906,
      "fcf_margin_change": -0.14039541099758085
    },
    {
      "date": "2021-12-31T00:00:00",
      "quarter_label": "2021-12 (Q4)",
      "revenue": 10248000,
      "gross_profit": 7880000,
      "operating_income": 1076000,
      "net_income": 838000,
      "opex": 6804000,
      "cogs": 2368000,
      "rd": 329000,
      "sga": 6475000,
      "fcf": 184000,
      "ocf": 470000,
      "capex": -286000,
      "gross_margin": 0.7689305230288837,
      "op_margin": 0.1049960967993755,
      "fcf_margin": 0.01795472287275566,
      "rev_growth_yoy": 0.07918294225412968,
      "op_leverage_ratio": Infinity,
      "fcf_margin_change": 0.09804671367367557
    },
    {
      "date": "2022-03-31T00:00:00",
      "quarter_label": "2022-03 (Q1)",
      "revenue": 10141000,
      "gross_profit": 7743000,
      "operating_income": 863000,
      "net_income": 645000,
      "opex": 6880000,
      "cogs": 2398000,
      "rd": 336000,
      "sga": 6544000,
      "fcf": -310000,
      "ocf": 159000,
      "capex": -469000,
      "gross_margin": 0.7635341682279854,
      "op_margin": 0.08510008874864412,
      "fcf_margin": -0.03056897741840055,
      "incr_op_margin_yoy": 0.4579026430768049,
      "rev_growth_yoy": 0.1540949487491254,
      "rev_growth_yoy_accel": 0.07491200649499573,
      "fcf_margin_change": -0.04852370029115621
    },
    {
      "date": "2022-06-30T00:00:00",
      "quarter_label": "2022-06 (Q2)",
      "revenue": 11269000,
      "gross_profit": 8118000,
      "operating_income": 495000,
      "net_income": 383000,
      "opex": 7623000,
      "cogs": 3151000,
      "rd": 315000,
      "sga": 7308000,
      "fcf": -1184000,
      "ocf": -739000,
      "capex": -445000,
      "gross_margin": 0.7203833525601206,
      "op_margin": 0.04392581418049516,
      "fcf_margin": -0.10506699795900257,
      "incr_op_margin_yoy": -0.08682786575173992,
      "rev_growth_yoy": 0.19012126479189564,
      "rev_growth_yoy_accel": 0.036026316042770234,
      "op_leverage_ratio": 1.0299779833818263,
      "fcf_margin_change": -0.07449802054060202
    },
    {
      "date": "2022-09-30T00:00:00",
      "quarter_label": "2022-09 (Q3)",
      "revenue": 10658000,
      "gross_profit": 8331000,
      "operating_income": 44000,
      "net_income": 81000,
      "opex": 8287000,
      "cogs": 2327000,
      "rd": 298000,
      "sga": 7989000,
      "fcf": -1935000,
      "ocf": -1694000,
      "capex": -241000,
      "gross_margin": 0.7816663539125539,
      "op_margin": 0.004128354287858885,
      "fcf_margin": -0.181553762431976,
      "rev_growth_yoy": 0.06569343065693431,
      "rev_growth_yoy_accel": -0.12442783413496133,
      "fcf_margin_change": -0.07648676447297342
    },
    {
      "date": "2022-12-31T00:00:00",
      "quarter_label": "2022-12 (Q4)",
      "revenue": 11729000,
      "gross_profit": 8682000,
      "operating_income": 1274000,
      "net_income": 977000,
      "opex": 7408000,
      "cogs": 3047000,
      "rd": 154000,
      "sga": 7254000,
      "fcf": 918000,
      "ocf": 1364000,
      "capex": -446000,
      "gross_margin": 0.7402165572512576,
      "op_margin": 0.10861966067013386,
      "fcf_margin": 0.07826754198993946,
      "incr_op_margin_yoy": 0.1336934503713707,
      "rev_growth_yoy": 0.1445160031225605,
      "rev_growth_yoy_accel": 0.07882257246562618,
      "op_leverage_ratio": Infinity,
      "fcf_margin_change": 0.2598213044219154
    },
    {
      "date": "2023-03-31T00:00:00",
      "quarter_label": "2023-03 (Q1)",
      "revenue": 12068000,
      "gross_profit": 9056000,
      "operating_income": 1196000,
      "net_income": 1075000,
      "opex": 7860000,
      "cogs": 3012000,
      "rd": 166000,
      "sga": 7694000,
      "fcf": 112000,
      "ocf": 646000,
      "capex": -534000,
      "gross_margin": 0.7504143188597945,
      "op_margin": 0.09910507126284389,
      "fcf_margin": 0.009280742459396751,
      "incr_op_margin_yoy": 0.17280747275557862,
      "rev_growth_yoy": 0.19002070801696086,
      "rev_growth_yoy_accel": 0.045504704894400366,
      "op_leverage_ratio": 0.47369767243584276,
      "fcf_margin_change": -0.06898679953054271
    },
    {
      "date": "2023-06-30T00:00:00",
      "quarter_label": "2023-06 (Q2)",
      "revenue": 13612000,
      "gross_profit": 10450000,
      "operating_income": 1494000,
      "net_income": 1033000,
      "opex": 8956000,
      "cogs": 3162000,
      "rd": 298000,
      "sga": 8658000,
      "fcf": 572000,
      "ocf": 999000,
      "capex": -427000,
      "gross_margin": 0.7677049662062886,
      "op_margin": 0.10975609756097561,
      "fcf_margin": 0.04202174551866,
      "incr_op_margin_yoy": 0.4263764404609475,
      "rev_growth_yoy": 0.20791552045434378,
      "rev_growth_yoy_accel": 0.017894812437382918,
      "op_leverage_ratio": 0.9175378451548282,
      "fcf_margin_change": 0.03274100305926325
    },
    {
      "date": "2023-09-30T00:00:00",
      "quarter_label": "2023-09 (Q3)",
      "revenue": 12324000,
      "gross_profit": 9498000,
      "operating_income": 142000,
      "net_income": 155000,
      "opex": 9356000,
      "cogs": 2826000,
      "rd": 206000,
      "sga": 9150000,
      "fcf": -353000,
      "ocf": -244000,
      "capex": -109000,
      "gross_margin": 0.7706913339824732,
      "op_margin": 0.011522233041220383,
      "fcf_margin": -0.028643297630639403,
      "incr_op_margin_yoy": 0.058823529411764705,
      "rev_growth_yoy": 0.1563145055357478,
      "rev_growth_yoy_accel": -0.05160101491859598,
      "fcf_margin_change": -0.0706650431492994
    },
    {
      "date": "2023-12-31T00:00:00",
      "quarter_label": "2023-12 (Q4)",
      "revenue": 13689000,
      "gross_profit": 10545000,
      "operating_income": 2263000,
      "net_income": 1674000,
      "opex": 8282000,
      "cogs": 3144000,
      "rd": 107000,
      "sga": 8175000,
      "fcf": 3400000,
      "ocf": 3471000,
      "capex": -71000,
      "gross_margin": 0.7703265395573088,
      "op_margin": 0.1653152165972679,
      "fcf_margin": 0.24837460734896633,
      "incr_op_margin_yoy": 0.5045918367346939,
      "rev_growth_yoy": 0.1671071702617444,
      "rev_growth_yoy_accel": 0.010792664725996604,
      "op_leverage_ratio": Infinity,
      "fcf_margin_change": 0.2770179049796057
    },
    {
      "date": "2024-03-31T00:00:00",
      "quarter_label": "2024-03 (Q1)",
      "revenue": 13871000,
      "gross_profit": 10382000,
      "operating_income": 1841000,
      "net_income": 1493000,
      "opex": 8541000,
      "cogs": 3489000,
      "rd": 167000,
      "sga": 8374000,
      "fcf": 1266000,
      "ocf": 1351000,
      "capex": -85000,
      "gross_margin": 0.7484680268185423,
      "op_margin": 0.13272294715593685,
      "fcf_margin": 0.09126955518708096,
      "incr_op_margin_yoy": 0.3577371048252912,
      "rev_growth_yoy": 0.14940338084189592,
      "rev_growth_yoy_accel": -0.017703789419848487,
      "op_leverage_ratio": 0.42514309180975846,
      "fcf_margin_change": -0.15710505216188536
    },
    {
      "date": "2024-06-30T00:00:00",
      "quarter_label": "2024-06 (Q2)",
      "revenue": 14832000,
      "gross_profit": 11301000,
      "operating_income": 2335000,
      "net_income": 1828000,
      "opex": 8966000,
      "cogs": 3531000,
      "rd": 176000,
      "sga": 8790000,
      "fcf": 4467000,
      "ocf": 4489000,
      "capex": -22000,
      "gross_margin": 0.7619336569579288,
      "op_margin": 0.15742988133764832,
      "fcf_margin": 0.3011731391585761,
      "incr_op_margin_yoy": 0.6893442622950819,
      "rev_growth_yoy": 0.08962679988245666,
      "rev_growth_yoy_accel": -0.05977658095943926,
      "op_leverage_ratio": 1.3923082860135618,
      "fcf_margin_change": 0.2099035839714951
    },
    {
      "date": "2024-09-30T00:00:00",
      "quarter_label": "2024-09 (Q3)",
      "revenue": 14668000,
      "gross_profit": 11491000,
      "operating_income": 1938000,
      "net_income": 1474000,
      "opex": 9553000,
      "cogs": 3177000,
      "rd": 166000,
      "sga": 9387000,
      "fcf": 2272000,
      "ocf": 2309000,
      "capex": -37000,
      "gross_margin": 0.7834060539950913,
      "op_margin": 0.13212435233160622,
      "fcf_margin": 0.15489500954458685,
      "incr_op_margin_yoy": 0.7662116040955631,
      "rev_growth_yoy": 0.1901979876663421,
      "rev_growth_yoy_accel": 0.10057118778388545,
      "fcf_margin_change": -0.14627812961398923
    },
    {
      "date": "2024-12-31T00:00:00",
      "quarter_label": "2024-12 (Q4)",
      "revenue": 16255000,
      "gross_profit": 12627000,
      "operating_income": 2542000,
      "net_income": 1968000,
      "opex": 10085000,
      "cogs": 3628000,
      "rd": 251000,
      "sga": 9834000,
      "fcf": 2918000,
      "ocf": 3151000,
      "capex": -233000,
      "gross_margin": 0.7768071362657644,
      "op_margin": 0.15638265149184866,
      "fcf_margin": 0.17951399569363272,
      "incr_op_margin_yoy": 0.10872954014029618,
      "rev_growth_yoy": 0.18744977719336695,
      "rev_growth_yoy_accel": -0.00274821047297516,
      "op_leverage_ratio": 1.9428271814660731,
      "fcf_margin_change": 0.02461898614904587
    },
    {
      "date": "2025-03-31T00:00:00",
      "quarter_label": "2025-03 (Q1)",
      "revenue": 15684000,
      "gross_profit": 12229000,
      "operating_income": 2140000,
      "net_income": 1891000,
      "opex": 10089000,
      "cogs": 3455000,
      "rd": 277000,
      "sga": 9812000,
      "fcf": 2227000,
      "ocf": 2074000,
      "capex": 153000,
      "gross_margin": 0.7797118082121908,
      "op_margin": 0.13644478449375158,
      "fcf_margin": 0.1419918388166284,
      "incr_op_margin_yoy": 0.1649200220628792,
      "rev_growth_yoy": 0.13070434719919255,
      "rev_growth_yoy_accel": -0.056745429994174396,
      "fcf_margin_change": -0.0375221568770043
    },
    {
      "date": "2025-06-30T00:00:00",
      "quarter_label": "2025-06 (Q2)",
      "revenue": 17393000,
      "gross_profit": 13624000,
      "operating_income": 3040000,
      "net_income": 2204000,
      "opex": 10584000,
      "cogs": 3769000,
      "rd": 302000,
      "sga": 10282000,
      "fcf": 3714000,
      "ocf": 3859000,
      "capex": -145000,
      "gross_margin": 0.7833036278962802,
      "op_margin": 0.1747829586615305,
      "fcf_margin": 0.2135341804174093,
      "incr_op_margin_yoy": 0.2752830925419758,
      "rev_growth_yoy": 0.17266720604099245,
      "rev_growth_yoy_accel": 0.0419628588417999,
      "op_leverage_ratio": 2.2208956435046714,
      "fcf_margin_change": 0.07154234160078088
    },
    {
      "date": "2025-09-30T00:00:00",
      "quarter_label": "2025-09 (Q3)",
      "revenue": 16887000,
      "gross_profit": 13197000,
      "operating_income": 2670000,
      "net_income": 2136000,
      "opex": 10527000,
      "cogs": 3690000,
      "rd": 241000,
      "sga": 10286000,
      "fcf": -83000,
      "ocf": 169000,
      "capex": -252000,
      "gross_margin": 0.781488719133061,
      "op_margin": 0.15810978859477703,
      "fcf_margin": -0.004915023390773968,
      "incr_op_margin_yoy": 0.3298783235691753,
      "rev_growth_yoy": 0.15128170166348515,
      "rev_growth_yoy_accel": -0.021385504377507303,
      "fcf_margin_change": -0.21844920380818325
    }
  ],
  "signals": [
    {
      "quarter": "2025-09 (Q3)",
      "signal": "INCREMENTAL MARGIN (YoY)",
      "detail": "YoY Incr OPM: +33.0% vs year-ago OPM: +13.2%",
      "severity": "MEDIUM"
    },
    {
      "quarter": "2025-06 (Q2)",
      "signal": "FCF MARGIN EXPANSION",
      "detail": "FCF margin: +14.2% -> +21.4% (+7.2%)",
      "severity": "MEDIUM"
    },
    {
      "quarter": "2025-06 (Q2)",
      "signal": "OPERATING LEVERAGE",
      "detail": "Rev growth +10.9% vs OpEx growth +4.9% (leverage: 2.2x)",
      "severity": "MEDIUM"
    },
    {
      "quarter": "2025-06 (Q2)",
      "signal": "INCREMENTAL MARGIN (YoY)",
      "detail": "YoY Incr OPM: +27.5% vs year-ago OPM: +15.7%",
      "severity": "MEDIUM"
    },
    {
      "quarter": "2025-03 (Q1)",
      "signal": "YoY REVENUE GROWTH DECELERATION",
      "detail": "YoY growth: +13.1% vs prior quarter YoY: +18.7% (decel: -5.7%)",
      "severity": "WARNING"
    },
    {
      "quarter": "2024-12 (Q4)",
      "signal": "OPERATING LEVERAGE",
      "detail": "Rev growth +10.8% vs OpEx growth +5.6% (leverage: 1.9x)",
      "severity": "MEDIUM"
    },
    {
      "quarter": "2024-09 (Q3)",
      "signal": "YoY REVENUE GROWTH ACCELERATION",
      "detail": "YoY growth: +19.0% vs prior quarter YoY: +9.0% (accel: +10.1%)",
      "severity": "MEDIUM"
    },
    {
      "quarter": "2024-09 (Q3)",
      "signal": "INCREMENTAL MARGIN (YoY)",
      "detail": "YoY Incr OPM: +76.6% vs year-ago OPM: +1.2%",
      "severity": "HIGH"
    },
    {
      "quarter": "2024-06 (Q2)",
      "signal": "FCF MARGIN EXPANSION",
      "detail": "FCF margin: +9.1% -> +30.1% (+21.0%)",
      "severity": "MEDIUM"
    },
    {
      "quarter": "2024-06 (Q2)",
      "signal": "YoY REVENUE GROWTH DECELERATION",
      "detail": "YoY growth: +9.0% vs prior quarter YoY: +14.9% (decel: -6.0%)",
      "severity": "WARNING"
    },
    {
      "quarter": "2024-06 (Q2)",
      "signal": "INCREMENTAL MARGIN (YoY)",
      "detail": "YoY Incr OPM: +68.9% vs year-ago OPM: +11.0%",
      "severity": "HIGH"
    },
    {
      "quarter": "2024-03 (Q1)",
      "signal": "INCREMENTAL MARGIN (YoY)",
      "detail": "YoY Incr OPM: +35.8% vs year-ago OPM: +9.9%",
      "severity": "HIGH"
    },
    {
      "quarter": "2023-12 (Q4)",
      "signal": "FCF TURNED POSITIVE",
      "detail": "FCF margin: -2.9% -> +24.8%",
      "severity": "HIGH"
    },
    {
      "quarter": "2023-12 (Q4)",
      "signal": "INCREMENTAL MARGIN (YoY)",
      "detail": "YoY Incr OPM: +50.5% vs year-ago OPM: +10.9%",
      "severity": "HIGH"
    },
    {
      "quarter": "2023-09 (Q3)",
      "signal": "YoY REVENUE GROWTH DECELERATION",
      "detail": "YoY growth: +15.6% vs prior quarter YoY: +20.8% (decel: -5.2%)",
      "severity": "WARNING"
    },
    {
      "quarter": "2023-06 (Q2)",
      "signal": "INCREMENTAL MARGIN (YoY)",
      "detail": "YoY Incr OPM: +42.6% vs year-ago OPM: +4.4%",
      "severity": "HIGH"
    },
    {
      "quarter": "2022-12 (Q4)",
      "signal": "FCF TURNED POSITIVE",
      "detail": "FCF margin: -18.2% -> +7.8%",
      "severity": "HIGH"
    },
    {
      "quarter": "2022-12 (Q4)",
      "signal": "YoY REVENUE GROWTH ACCELERATION",
      "detail": "YoY growth: +14.5% vs prior quarter YoY: +6.6% (accel: +7.9%)",
      "severity": "MEDIUM"
    },
    {
      "quarter": "2022-09 (Q3)",
      "signal": "GROSS MARGIN INFLECTION",
      "detail": "GM: +76.4% -> +72.0% -> +78.2% (reversal +6.1%)",
      "severity": "HIGH"
    },
    {
      "quarter": "2022-09 (Q3)",
      "signal": "YoY REVENUE GROWTH DECELERATION",
      "detail": "YoY growth: +6.6% vs prior quarter YoY: +19.0% (decel: -12.4%)",
      "severity": "WARNING"
    },
    {
      "quarter": "2022-03 (Q1)",
      "signal": "YoY REVENUE GROWTH ACCELERATION",
      "detail": "YoY growth: +15.4% vs prior quarter YoY: +7.9% (accel: +7.5%)",
      "severity": "MEDIUM"
    },
    {
      "quarter": "2022-03 (Q1)",
      "signal": "INCREMENTAL MARGIN (YoY)",
      "detail": "YoY Incr OPM: +45.8% vs year-ago OPM: +2.8%",
      "severity": "HIGH"
    },
    {
      "quarter": "2021-12 (Q4)",
      "signal": "FCF TURNED POSITIVE",
      "detail": "FCF margin: -8.0% -> +1.8%",
      "severity": "HIGH"
    },
    {
      "quarter": "2021-09 (Q3)",
      "signal": "GROSS MARGIN INFLECTION",
      "detail": "GM: +76.3% -> +73.2% -> +77.0% (reversal +3.8%)",
      "severity": "MEDIUM"
    }
  ],
  "data_quality": {
    "n_quarters": 20,
    "coverage": {
      "revenue": [
        20,
        20
      ],
      "gross_profit": [
        20,
        20
      ],
      "op_income": [
        20,
        20
      ],
      "fcf": [
        20,
        20
      ]
    },
    "gaps": [],
    "warnings": []
  },
  "market_cap": null,
  "source": "SEC EDGAR",
  "last_updated": "2026-02-02T22:55:14.832081"
}