{
  "ticker": "ELME",
  "name": "ELME COMMUNITIES",
  "quarters": [
    {
      "date": "2020-12-31T00:00:00",
      "quarter_label": "2020-12 (Q4)",
      "revenue": 71229000,
      "gross_profit": 42516000,
      "operating_income": -1183000,
      "net_income": -11037000,
      "opex": 64942000,
      "cogs": 28713000,
      "rd": null,
      "sga": null,
      "fcf": 28754000,
      "ocf": 28754000,
      "capex": null,
      "gross_margin": 0.5968917154529756,
      "op_margin": -0.016608403880441956,
      "fcf_margin": 0.4036838927964733
    },
    {
      "date": "2021-03-31T00:00:00",
      "quarter_label": "2021-03 (Q1)",
      "revenue": 69633000,
      "gross_profit": 42939000,
      "operating_income": 7692000,
      "net_income": -1147000,
      "opex": 61941000,
      "cogs": 26694000,
      "rd": null,
      "sga": null,
      "fcf": 37239000,
      "ocf": 37239000,
      "capex": null,
      "gross_margin": 0.6166472793072251,
      "op_margin": 0.11046486579638964,
      "fcf_margin": 0.5347895394425057,
      "fcf_margin_change": 0.13110564664603241
    },
    {
      "date": "2021-06-30T00:00:00",
      "quarter_label": "2021-06 (Q2)",
      "revenue": 41297000,
      "gross_profit": 25067000,
      "operating_income": -2341000,
      "net_income": -6992000,
      "opex": 43638000,
      "cogs": 16230000,
      "rd": null,
      "sga": null,
      "fcf": 27383000,
      "ocf": 27383000,
      "capex": null,
      "gross_margin": 0.6069932440613119,
      "op_margin": -0.05668692641111945,
      "fcf_margin": 0.6630747996222486,
      "fcf_margin_change": 0.12828526017974284
    },
    {
      "date": "2021-09-30T00:00:00",
      "quarter_label": "2021-09 (Q3)",
      "revenue": 42499000,
      "gross_profit": 27054000,
      "operating_income": -1622000,
      "net_income": 31319000,
      "opex": 44121000,
      "cogs": 15445000,
      "rd": null,
      "sga": null,
      "fcf": 1761000,
      "ocf": 1761000,
      "capex": null,
      "gross_margin": 0.6365796842278642,
      "op_margin": -0.038165603896562275,
      "fcf_margin": 0.04143626908868444,
      "op_leverage_ratio": 2.629684649163904,
      "fcf_margin_change": -0.6216385305335641
    },
    {
      "date": "2021-12-31T00:00:00",
      "quarter_label": "2021-12 (Q4)",
      "revenue": 44748000,
      "gross_profit": 29146000,
      "operating_income": -2192000,
      "net_income": -6796000,
      "opex": 46940000,
      "cogs": 15602000,
      "rd": null,
      "sga": null,
      "fcf": 22773000,
      "ocf": 22773000,
      "capex": null,
      "gross_margin": 0.6513363725753106,
      "op_margin": -0.048985429516402966,
      "fcf_margin": 0.5089165996245643,
      "incr_op_margin_yoy": 0.03810279068011027,
      "rev_growth_yoy": -0.37177273301604685,
      "op_leverage_ratio": 0.8282491816826422,
      "fcf_margin_change": 0.46748033053587984
    },
    {
      "date": "2022-03-31T00:00:00",
      "quarter_label": "2022-03 (Q1)",
      "revenue": 47804000,
      "gross_profit": 30652000,
      "operating_income": -2460000,
      "net_income": -7724000,
      "opex": 50264000,
      "cogs": 17152000,
      "rd": null,
      "sga": null,
      "fcf": 8651000,
      "ocf": 8651000,
      "capex": null,
      "gross_margin": 0.6412015730901179,
      "op_margin": -0.051460128859509666,
      "fcf_margin": 0.180968119822609,
      "incr_op_margin_yoy": 0.4650694030876357,
      "rev_growth_yoy": -0.31348642166788737,
      "rev_growth_yoy_accel": 0.05828631134815948,
      "op_leverage_ratio": 0.964410190313516,
      "fcf_margin_change": -0.3279484798019553
    },
    {
      "date": "2022-06-30T00:00:00",
      "quarter_label": "2022-06 (Q2)",
      "revenue": 51380000,
      "gross_profit": 32796000,
      "operating_income": -2718000,
      "net_income": -8874000,
      "opex": 54098000,
      "cogs": 18584000,
      "rd": null,
      "sga": null,
      "fcf": 25328000,
      "ocf": 25328000,
      "capex": null,
      "gross_margin": 0.6383028415725963,
      "op_margin": -0.052899961074347995,
      "fcf_margin": 0.4929544569871545,
      "incr_op_margin_yoy": -0.037389665774075174,
      "rev_growth_yoy": 0.24415817129573578,
      "rev_growth_yoy_accel": 0.5576445929636231,
      "op_leverage_ratio": 0.9807045959315616,
      "fcf_margin_change": 0.3119863371645455
    },
    {
      "date": "2022-09-30T00:00:00",
      "quarter_label": "2022-09 (Q3)",
      "revenue": 54603000,
      "gross_profit": 35042000,
      "operating_income": 692000,
      "net_income": -10739000,
      "opex": 53911000,
      "cogs": 19561000,
      "rd": null,
      "sga": null,
      "fcf": 17477000,
      "ocf": 17477000,
      "capex": null,
      "gross_margin": 0.6417596102778236,
      "op_margin": 0.012673296339028991,
      "fcf_margin": 0.3200739886086845,
      "incr_op_margin_yoy": 0.19117647058823528,
      "rev_growth_yoy": 0.28480670133414904,
      "rev_growth_yoy_accel": 0.04064853003841326,
      "op_leverage_ratio": Infinity,
      "fcf_margin_change": -0.17288046837847
    },
    {
      "date": "2022-12-31T00:00:00",
      "quarter_label": "2022-12 (Q4)",
      "revenue": 55593000,
      "gross_profit": 36889000,
      "operating_income": 2763000,
      "net_income": -3531000,
      "opex": 52830000,
      "cogs": 18704000,
      "rd": null,
      "sga": null,
      "fcf": 21755000,
      "ocf": 21755000,
      "capex": null,
      "gross_margin": 0.663554764089004,
      "op_margin": 0.04970050186174518,
      "fcf_margin": 0.3913262461101218,
      "incr_op_margin_yoy": 0.4568925772245274,
      "rev_growth_yoy": 0.24235720032180208,
      "rev_growth_yoy_accel": -0.04244950101234696,
      "op_leverage_ratio": Infinity,
      "fcf_margin_change": 0.07125225750143727
    },
    {
      "date": "2023-03-31T00:00:00",
      "quarter_label": "2023-03 (Q1)",
      "revenue": 55809000,
      "gross_profit": 36288000,
      "operating_income": 3242000,
      "net_income": -3643000,
      "opex": 52567000,
      "cogs": 19521000,
      "rd": null,
      "sga": null,
      "fcf": 16289000,
      "ocf": 16289000,
      "capex": null,
      "gross_margin": 0.6502177068214804,
      "op_margin": 0.05809098890859897,
      "fcf_margin": 0.2918704868390403,
      "incr_op_margin_yoy": 0.7123048094940662,
      "rev_growth_yoy": 0.16745460630909548,
      "rev_growth_yoy_accel": -0.0749025940127066,
      "fcf_margin_change": -0.09945575927108147
    },
    {
      "date": "2023-06-30T00:00:00",
      "quarter_label": "2023-06 (Q2)",
      "revenue": 56599000,
      "gross_profit": 36341000,
      "operating_income": 3614000,
      "net_income": -2611000,
      "opex": 52985000,
      "cogs": 20258000,
      "rd": null,
      "sga": null,
      "fcf": 29961000,
      "ocf": 29961000,
      "capex": null,
      "gross_margin": 0.6420784819519779,
      "op_margin": 0.06385271824590541,
      "fcf_margin": 0.5293556423258361,
      "incr_op_margin_yoy": 1.2132592450661046,
      "rev_growth_yoy": 0.10157648890618917,
      "rev_growth_yoy_accel": -0.0658781174029063,
      "op_leverage_ratio": 1.7801629635459493,
      "fcf_margin_change": 0.23748515548679577
    },
    {
      "date": "2023-09-30T00:00:00",
      "quarter_label": "2023-09 (Q3)",
      "revenue": 56651000,
      "gross_profit": 36854000,
      "operating_income": -36200000,
      "net_income": -43618000,
      "opex": 92851000,
      "cogs": 19797000,
      "rd": null,
      "sga": null,
      "fcf": 15566000,
      "ocf": 15566000,
      "capex": null,
      "gross_margin": 0.6505445623201709,
      "op_margin": -0.6390001941713297,
      "fcf_margin": 0.27477008349367177,
      "incr_op_margin_yoy": -18.013671875,
      "rev_growth_yoy": 0.037507096679669616,
      "rev_growth_yoy_accel": -0.06406939222651956,
      "fcf_margin_change": -0.2545855588321643
    },
    {
      "date": "2023-12-31T00:00:00",
      "quarter_label": "2023-12 (Q4)",
      "revenue": 58852000,
      "gross_profit": 38598000,
      "operating_income": 6281000,
      "net_income": -3105000,
      "opex": 52571000,
      "cogs": 20254000,
      "rd": null,
      "sga": null,
      "fcf": 22853000,
      "ocf": 22853000,
      "capex": null,
      "gross_margin": 0.6558485692924625,
      "op_margin": 0.1067253449330524,
      "fcf_margin": 0.38831305648066333,
      "incr_op_margin_yoy": 1.0794722307456275,
      "rev_growth_yoy": 0.05862248844278956,
      "rev_growth_yoy_accel": 0.021115391763119946,
      "op_leverage_ratio": Infinity,
      "fcf_margin_change": 0.11354297298699156
    },
    {
      "date": "2024-03-31T00:00:00",
      "quarter_label": "2024-03 (Q1)",
      "revenue": 59513000,
      "gross_profit": 37794000,
      "operating_income": 4437000,
      "net_income": -3647000,
      "opex": 55076000,
      "cogs": 21719000,
      "rd": null,
      "sga": null,
      "fcf": 21216000,
      "ocf": 21216000,
      "capex": null,
      "gross_margin": 0.6350545259019038,
      "op_margin": 0.07455513921328114,
      "fcf_margin": 0.35649353922672355,
      "incr_op_margin_yoy": 0.3226241900647948,
      "rev_growth_yoy": 0.066369223601928,
      "rev_growth_yoy_accel": 0.007746735159138436,
      "op_leverage_ratio": 0.2357103980036936,
      "fcf_margin_change": -0.03181951725393978
    },
    {
      "date": "2024-06-30T00:00:00",
      "quarter_label": "2024-06 (Q2)",
      "revenue": 60103000,
      "gross_profit": 38121000,
      "operating_income": 5913000,
      "net_income": -3471000,
      "opex": 54190000,
      "cogs": 21982000,
      "rd": null,
      "sga": null,
      "fcf": 28857000,
      "ocf": 28857000,
      "capex": null,
      "gross_margin": 0.6342611849658087,
      "op_margin": 0.0983811124236727,
      "fcf_margin": 0.4801257840706787,
      "incr_op_margin_yoy": 0.656107305936073,
      "rev_growth_yoy": 0.061909221010971925,
      "rev_growth_yoy_accel": -0.004460002590956073,
      "fcf_margin_change": 0.12363224484395513
    },
    {
      "date": "2024-09-30T00:00:00",
      "quarter_label": "2024-09 (Q3)",
      "revenue": 61055000,
      "gross_profit": 38797000,
      "operating_income": 6734000,
      "net_income": -2970000,
      "opex": 54321000,
      "cogs": 22258000,
      "rd": null,
      "sga": null,
      "fcf": 20666000,
      "ocf": 20666000,
      "capex": null,
      "gross_margin": 0.6354434526246827,
      "op_margin": 0.11029399721562526,
      "fcf_margin": 0.3384816968307264,
      "incr_op_margin_yoy": 9.748864668483197,
      "rev_growth_yoy": 0.07773913964448995,
      "rev_growth_yoy_accel": 0.01582991863351802,
      "op_leverage_ratio": 6.5522227555165165,
      "fcf_margin_change": -0.1416440872399523
    },
    {
      "date": "2024-12-31T00:00:00",
      "quarter_label": "2024-12 (Q4)",
      "revenue": 61264000,
      "gross_profit": 38522000,
      "operating_income": 6385000,
      "net_income": -3015000,
      "opex": 54879000,
      "cogs": 22742000,
      "rd": null,
      "sga": null,
      "fcf": 24504000,
      "ocf": 24504000,
      "capex": null,
      "gross_margin": 0.6287868895272917,
      "op_margin": 0.10422107599895535,
      "fcf_margin": 0.39997388352050145,
      "incr_op_margin_yoy": 0.04311774461028192,
      "rev_growth_yoy": 0.040984163664786244,
      "rev_growth_yoy_accel": -0.0367549759797037,
      "fcf_margin_change": 0.061492186689775075
    },
    {
      "date": "2025-03-31T00:00:00",
      "quarter_label": "2025-03 (Q1)",
      "revenue": 61493000,
      "gross_profit": 39499000,
      "operating_income": 4785000,
      "net_income": -4675000,
      "opex": 56708000,
      "cogs": 21994000,
      "rd": null,
      "sga": null,
      "fcf": 16175000,
      "ocf": 16175000,
      "capex": null,
      "gross_margin": 0.6423332737059503,
      "op_margin": 0.0778137348966549,
      "fcf_margin": 0.26303806937374985,
      "incr_op_margin_yoy": 0.17575757575757575,
      "rev_growth_yoy": 0.03327004183959807,
      "rev_growth_yoy_accel": -0.007714121825188172,
      "fcf_margin_change": -0.1369358141467516
    },
    {
      "date": "2025-06-30T00:00:00",
      "quarter_label": "2025-06 (Q2)",
      "revenue": 62099000,
      "gross_profit": 39437000,
      "operating_income": 5932000,
      "net_income": -3566000,
      "opex": 56167000,
      "cogs": 22662000,
      "rd": null,
      "sga": null,
      "fcf": 29848000,
      "ocf": 29848000,
      "capex": null,
      "gross_margin": 0.6350665872236267,
      "op_margin": 0.09552488767935072,
      "fcf_margin": 0.4806518623488301,
      "incr_op_margin_yoy": 0.009519038076152305,
      "rev_growth_yoy": 0.033209656755902366,
      "rev_growth_yoy_accel": -6.038508369570622e-05,
      "fcf_margin_change": 0.21761379297508027
    },
    {
      "date": "2025-09-30T00:00:00",
      "quarter_label": "2025-09 (Q3)",
      "revenue": 62103000,
      "gross_profit": 37964000,
      "operating_income": -113853000,
      "net_income": -123514000,
      "opex": 175956000,
      "cogs": 24139000,
      "rd": null,
      "sga": null,
      "fcf": 15912000,
      "ocf": 15912000,
      "capex": null,
      "gross_margin": 0.6113070222050464,
      "op_margin": -1.8332930776291,
      "fcf_margin": 0.2562195063040433,
      "incr_op_margin_yoy": -115.06393129770993,
      "rev_growth_yoy": 0.01716485136352469,
      "rev_growth_yoy_accel": -0.016044805392377674,
      "fcf_margin_change": -0.22443235604478684
    }
  ],
  "signals": [
    {
      "quarter": "2025-06 (Q2)",
      "signal": "FCF MARGIN EXPANSION",
      "detail": "FCF margin: +26.3% -> +48.1% (+21.8%)",
      "severity": "MEDIUM"
    },
    {
      "quarter": "2025-03 (Q1)",
      "signal": "INCREMENTAL MARGIN (YoY)",
      "detail": "YoY Incr OPM: +17.6% vs year-ago OPM: +7.5%",
      "severity": "MEDIUM"
    },
    {
      "quarter": "2024-12 (Q4)",
      "signal": "FCF MARGIN EXPANSION",
      "detail": "FCF margin: +33.8% -> +40.0% (+6.1%)",
      "severity": "MEDIUM"
    },
    {
      "quarter": "2024-09 (Q3)",
      "signal": "OPERATING LEVERAGE",
      "detail": "Rev growth +1.6% vs OpEx growth +0.2% (leverage: 6.6x)",
      "severity": "MEDIUM"
    },
    {
      "quarter": "2024-09 (Q3)",
      "signal": "OP MARGIN TURNED POSITIVE (YoY)",
      "detail": "Op margin: -63.9% (year-ago) -> +11.0%",
      "severity": "HIGH"
    },
    {
      "quarter": "2024-06 (Q2)",
      "signal": "FCF MARGIN EXPANSION",
      "detail": "FCF margin: +35.6% -> +48.0% (+12.4%)",
      "severity": "MEDIUM"
    },
    {
      "quarter": "2024-06 (Q2)",
      "signal": "INCREMENTAL MARGIN (YoY)",
      "detail": "YoY Incr OPM: +65.6% vs year-ago OPM: +6.4%",
      "severity": "HIGH"
    },
    {
      "quarter": "2024-03 (Q1)",
      "signal": "INCREMENTAL MARGIN (YoY)",
      "detail": "YoY Incr OPM: +32.3% vs year-ago OPM: +5.8%",
      "severity": "HIGH"
    },
    {
      "quarter": "2023-12 (Q4)",
      "signal": "FCF MARGIN EXPANSION",
      "detail": "FCF margin: +27.5% -> +38.8% (+11.4%)",
      "severity": "MEDIUM"
    },
    {
      "quarter": "2023-12 (Q4)",
      "signal": "INCREMENTAL MARGIN (YoY)",
      "detail": "YoY Incr OPM: +107.9% vs year-ago OPM: +5.0%",
      "severity": "HIGH"
    },
    {
      "quarter": "2023-12 (Q4)",
      "signal": "OP MARGIN TURNED POSITIVE (QoQ)",
      "detail": "Op margin: -63.9% -> +10.7%",
      "severity": "HIGH"
    },
    {
      "quarter": "2023-09 (Q3)",
      "signal": "YoY REVENUE GROWTH DECELERATION",
      "detail": "YoY growth: +3.8% vs prior quarter YoY: +10.2% (decel: -6.4%)",
      "severity": "WARNING"
    },
    {
      "quarter": "2023-06 (Q2)",
      "signal": "FCF MARGIN EXPANSION",
      "detail": "FCF margin: +29.2% -> +52.9% (+23.7%)",
      "severity": "MEDIUM"
    },
    {
      "quarter": "2023-06 (Q2)",
      "signal": "OPERATING LEVERAGE",
      "detail": "Rev growth +1.4% vs OpEx growth +0.8% (leverage: 1.8x)",
      "severity": "MEDIUM"
    },
    {
      "quarter": "2023-06 (Q2)",
      "signal": "YoY REVENUE GROWTH DECELERATION",
      "detail": "YoY growth: +10.2% vs prior quarter YoY: +16.7% (decel: -6.6%)",
      "severity": "WARNING"
    },
    {
      "quarter": "2023-06 (Q2)",
      "signal": "OP MARGIN TURNED POSITIVE (YoY)",
      "detail": "Op margin: -5.3% (year-ago) -> +6.4%",
      "severity": "HIGH"
    },
    {
      "quarter": "2023-03 (Q1)",
      "signal": "YoY REVENUE GROWTH DECELERATION",
      "detail": "YoY growth: +16.7% vs prior quarter YoY: +24.2% (decel: -7.5%)",
      "severity": "WARNING"
    },
    {
      "quarter": "2023-03 (Q1)",
      "signal": "OP MARGIN TURNED POSITIVE (YoY)",
      "detail": "Op margin: -5.1% (year-ago) -> +5.8%",
      "severity": "HIGH"
    },
    {
      "quarter": "2022-12 (Q4)",
      "signal": "FCF MARGIN EXPANSION",
      "detail": "FCF margin: +32.0% -> +39.1% (+7.1%)",
      "severity": "MEDIUM"
    },
    {
      "quarter": "2022-12 (Q4)",
      "signal": "OP MARGIN TURNED POSITIVE (YoY)",
      "detail": "Op margin: -4.9% (year-ago) -> +5.0%",
      "severity": "HIGH"
    },
    {
      "quarter": "2022-09 (Q3)",
      "signal": "OP MARGIN TURNED POSITIVE (YoY)",
      "detail": "Op margin: -3.8% (year-ago) -> +1.3%",
      "severity": "HIGH"
    },
    {
      "quarter": "2022-09 (Q3)",
      "signal": "OP MARGIN TURNED POSITIVE (QoQ)",
      "detail": "Op margin: -5.3% -> +1.3%",
      "severity": "HIGH"
    },
    {
      "quarter": "2022-06 (Q2)",
      "signal": "FCF MARGIN EXPANSION",
      "detail": "FCF margin: +18.1% -> +49.3% (+31.2%)",
      "severity": "MEDIUM"
    },
    {
      "quarter": "2022-06 (Q2)",
      "signal": "YoY REVENUE GROWTH ACCELERATION",
      "detail": "YoY growth: +24.4% vs prior quarter YoY: -31.3% (accel: +55.8%)",
      "severity": "HIGH"
    },
    {
      "quarter": "2022-03 (Q1)",
      "signal": "YoY REVENUE GROWTH ACCELERATION",
      "detail": "YoY growth: -31.3% vs prior quarter YoY: -37.2% (accel: +5.8%)",
      "severity": "MEDIUM"
    },
    {
      "quarter": "2021-12 (Q4)",
      "signal": "FCF MARGIN EXPANSION",
      "detail": "FCF margin: +4.1% -> +50.9% (+46.7%)",
      "severity": "MEDIUM"
    },
    {
      "quarter": "2021-09 (Q3)",
      "signal": "OPERATING LEVERAGE",
      "detail": "Rev growth +2.9% vs OpEx growth +1.1% (leverage: 2.6x)",
      "severity": "MEDIUM"
    },
    {
      "quarter": "2021-09 (Q3)",
      "signal": "GROSS MARGIN INFLECTION",
      "detail": "GM: +61.7% -> +60.7% -> +63.7% (reversal +3.0%)",
      "severity": "MEDIUM"
    },
    {
      "quarter": "2021-06 (Q2)",
      "signal": "FCF MARGIN EXPANSION",
      "detail": "FCF margin: +53.5% -> +66.3% (+12.8%)",
      "severity": "MEDIUM"
    },
    {
      "quarter": "2021-03 (Q1)",
      "signal": "FCF MARGIN EXPANSION",
      "detail": "FCF margin: +40.4% -> +53.5% (+13.1%)",
      "severity": "MEDIUM"
    },
    {
      "quarter": "2021-03 (Q1)",
      "signal": "OP MARGIN TURNED POSITIVE (QoQ)",
      "detail": "Op margin: -1.7% -> +11.0%",
      "severity": "HIGH"
    }
  ],
  "data_quality": {
    "n_quarters": 20,
    "coverage": {
      "revenue": [
        20,
        20
      ],
      "gross_profit": [
        20,
        20
      ],
      "op_income": [
        20,
        20
      ],
      "fcf": [
        20,
        20
      ]
    },
    "gaps": [],
    "warnings": []
  },
  "market_cap": null,
  "source": "SEC EDGAR",
  "last_updated": "2026-02-02T23:01:42.529396"
}