{
  "ticker": "ELTP",
  "name": "Elite Pharmaceuticals, Inc.",
  "quarters": [
    {
      "date": "2020-12-31T00:00:00",
      "quarter_label": "2020-12 (Q4)",
      "revenue": 6046582,
      "gross_profit": 3403407,
      "operating_income": 1001169,
      "net_income": 2012133,
      "opex": 2402238,
      "cogs": 2643175,
      "rd": 1245669,
      "sga": null,
      "fcf": 1235287,
      "ocf": 1235287,
      "capex": null,
      "gross_margin": 0.5628646068142299,
      "op_margin": 0.1655760229498252,
      "fcf_margin": 0.20429508770409463
    },
    {
      "date": "2021-03-31T00:00:00",
      "quarter_label": "2021-03 (Q1)",
      "revenue": 4395531,
      "gross_profit": 1865941,
      "operating_income": -1067503,
      "net_income": -482623,
      "opex": 2933444,
      "cogs": 2529590,
      "rd": 1775255,
      "sga": null,
      "fcf": -749368,
      "ocf": -749368,
      "capex": null,
      "gross_margin": 0.4245086657334461,
      "op_margin": -0.24286098767134165,
      "fcf_margin": -0.17048406665770302,
      "fcf_margin_change": -0.37477915436179765
    },
    {
      "date": "2021-06-30T00:00:00",
      "quarter_label": "2021-06 (Q2)",
      "revenue": 7056789,
      "gross_profit": 3553527,
      "operating_income": 965158,
      "net_income": 2389118,
      "opex": 2588369,
      "cogs": 3503262,
      "rd": 1202192,
      "sga": null,
      "fcf": 1715459,
      "ocf": 1715459,
      "capex": null,
      "gross_margin": 0.5035614640029622,
      "op_margin": 0.1367701372394725,
      "fcf_margin": 0.24309342393544714,
      "op_leverage_ratio": Infinity,
      "fcf_margin_change": 0.4135774905931502
    },
    {
      "date": "2021-09-30T00:00:00",
      "quarter_label": "2021-09 (Q3)",
      "revenue": 8558441,
      "gross_profit": 3768149,
      "operating_income": 1422577,
      "net_income": 1796977,
      "opex": 2345572,
      "cogs": 4790292,
      "rd": 1116488,
      "sga": null,
      "fcf": 153785,
      "ocf": 153785,
      "capex": null,
      "gross_margin": 0.44028450976059774,
      "op_margin": 0.16621917473053796,
      "fcf_margin": 0.017968809973685627,
      "op_leverage_ratio": Infinity,
      "fcf_margin_change": -0.2251246139617615
    },
    {
      "date": "2021-12-31T00:00:00",
      "quarter_label": "2021-12 (Q4)",
      "revenue": 8974814,
      "gross_profit": 4017664,
      "operating_income": 1831300,
      "net_income": 2283413,
      "opex": 2186364,
      "cogs": 4957150,
      "rd": 956628,
      "sga": null,
      "fcf": 3033734,
      "ocf": 3033734,
      "capex": null,
      "gross_margin": 0.44765986236594985,
      "op_margin": 0.2040487970001384,
      "fcf_margin": 0.3380275067539004,
      "incr_op_margin_yoy": 0.2834922232937827,
      "rev_growth_yoy": 0.484278886815725,
      "op_leverage_ratio": Infinity,
      "fcf_margin_change": 0.3200586967802148
    },
    {
      "date": "2022-03-31T00:00:00",
      "quarter_label": "2022-03 (Q1)",
      "revenue": 7672073,
      "gross_profit": 3414740,
      "operating_income": 851676,
      "net_income": 2428737,
      "opex": 2563064,
      "cogs": 4257333,
      "rd": 738809,
      "sga": null,
      "fcf": 1605336,
      "ocf": 1605336,
      "capex": null,
      "gross_margin": 0.44508700581967875,
      "op_margin": 0.11100989263266917,
      "fcf_margin": 0.2092440986940557,
      "incr_op_margin_yoy": 0.5857330685826704,
      "rev_growth_yoy": 0.7454257517464898,
      "rev_growth_yoy_accel": 0.26114686493076483,
      "fcf_margin_change": -0.12878340805984473
    },
    {
      "date": "2022-06-30T00:00:00",
      "quarter_label": "2022-06 (Q2)",
      "revenue": 7672908,
      "gross_profit": 3997847,
      "operating_income": 1022684,
      "net_income": 305883,
      "opex": 2975163,
      "cogs": 3675061,
      "rd": 955443,
      "sga": null,
      "fcf": -652113,
      "ocf": -557516,
      "capex": -94597,
      "gross_margin": 0.521034137252786,
      "op_margin": 0.13328505958888076,
      "fcf_margin": -0.08498902893140384,
      "rev_growth_yoy": 0.0873086895470447,
      "rev_growth_yoy_accel": -0.6581170621994451,
      "fcf_margin_change": -0.2942331276254595
    },
    {
      "date": "2022-09-30T00:00:00",
      "quarter_label": "2022-09 (Q3)",
      "revenue": 8585763,
      "gross_profit": 3824434,
      "operating_income": 1081117,
      "net_income": 1515139,
      "opex": 2743317,
      "cogs": 4761329,
      "rd": 1227269,
      "sga": null,
      "fcf": -3609685,
      "ocf": 1495414,
      "capex": -5105099,
      "gross_margin": 0.44543903669365204,
      "op_margin": 0.12591973479817695,
      "fcf_margin": -0.42042681588112785,
      "rev_growth_yoy": 0.0031924038501872014,
      "rev_growth_yoy_accel": -0.0841162856968575,
      "op_leverage_ratio": Infinity,
      "fcf_margin_change": -0.33543778694972404
    },
    {
      "date": "2022-12-31T00:00:00",
      "quarter_label": "2022-12 (Q4)",
      "revenue": 9250066,
      "gross_profit": 4919225,
      "operating_income": 1959100,
      "net_income": 2970078,
      "opex": 2960125,
      "cogs": 4330841,
      "rd": 1443361,
      "sga": null,
      "fcf": -568588,
      "ocf": -567877,
      "capex": -711,
      "gross_margin": 0.531804313612465,
      "op_margin": 0.2117930834223237,
      "fcf_margin": -0.061468534386673566,
      "rev_growth_yoy": 0.030669382117556977,
      "rev_growth_yoy_accel": 0.027476978267369775,
      "op_leverage_ratio": 0.979011986675168,
      "fcf_margin_change": 0.3589582814944543
    },
    {
      "date": "2023-03-31T00:00:00",
      "quarter_label": "2023-03 (Q1)",
      "revenue": 8641563,
      "gross_profit": 3441405,
      "operating_income": -386899,
      "net_income": -1229254,
      "opex": 3828304,
      "cogs": 5200158,
      "rd": 2425056,
      "sga": null,
      "fcf": 2432472,
      "ocf": 2968683,
      "capex": -536211,
      "gross_margin": 0.39823872139796934,
      "op_margin": -0.04477187749484671,
      "fcf_margin": 0.2814851896583986,
      "rev_growth_yoy": 0.12636610730893724,
      "rev_growth_yoy_accel": 0.09569672519138027,
      "fcf_margin_change": 0.34295372404507213
    },
    {
      "date": "2023-06-30T00:00:00",
      "quarter_label": "2023-06 (Q2)",
      "revenue": 8980076,
      "gross_profit": 4750555,
      "operating_income": 1602024,
      "net_income": 1141809,
      "opex": 3148531,
      "cogs": 4229521,
      "rd": 1143545,
      "sga": null,
      "fcf": -2709815,
      "ocf": -2709815,
      "capex": null,
      "gross_margin": 0.5290105562580985,
      "op_margin": 0.17839759930762278,
      "fcf_margin": -0.30175858199863786,
      "incr_op_margin_yoy": 0.4432024039756175,
      "rev_growth_yoy": 0.17036148485033314,
      "rev_growth_yoy_accel": 0.0439953775413959,
      "op_leverage_ratio": Infinity,
      "fcf_margin_change": -0.5832437716570364
    },
    {
      "date": "2023-09-30T00:00:00",
      "quarter_label": "2023-09 (Q3)",
      "revenue": 14157185,
      "gross_profit": 6447079,
      "operating_income": 1925505,
      "net_income": 14934601,
      "opex": 4521574,
      "cogs": 7710106,
      "rd": 2618349,
      "sga": null,
      "fcf": -235938,
      "ocf": -235938,
      "capex": null,
      "gross_margin": 0.45539272108120366,
      "op_margin": 0.13600903004375517,
      "fcf_margin": -0.01666560124770567,
      "incr_op_margin_yoy": 0.1515569992723581,
      "rev_growth_yoy": 0.648914021968694,
      "rev_growth_yoy_accel": 0.4785525371183608,
      "op_leverage_ratio": 1.321999016014007,
      "fcf_margin_change": 0.2850929807509322
    },
    {
      "date": "2023-12-31T00:00:00",
      "quarter_label": "2023-12 (Q4)",
      "revenue": 15538800,
      "gross_profit": 7041073,
      "operating_income": 3532656,
      "net_income": 706354,
      "opex": 3508417,
      "cogs": 8497727,
      "rd": 1403790,
      "sga": null,
      "fcf": -2388861,
      "ocf": -2388861,
      "capex": null,
      "gross_margin": 0.4531284912605864,
      "op_margin": 0.22734419646304735,
      "fcf_margin": -0.15373523051973126,
      "incr_op_margin_yoy": 0.2502182474246804,
      "rev_growth_yoy": 0.6798582842544042,
      "rev_growth_yoy_accel": 0.030944262285710233,
      "op_leverage_ratio": Infinity,
      "fcf_margin_change": -0.1370696292720256
    },
    {
      "date": "2024-03-31T00:00:00",
      "quarter_label": "2024-03 (Q1)",
      "revenue": 17949067,
      "gross_profit": 8118396,
      "operating_income": 3728584,
      "net_income": 3325867,
      "opex": 4389812,
      "cogs": 9830671,
      "rd": 1717667,
      "sga": null,
      "fcf": 1695853,
      "ocf": 2099499,
      "capex": -403646,
      "gross_margin": 0.4523018383072502,
      "op_margin": 0.20773135450438734,
      "fcf_margin": 0.09448140117812252,
      "incr_op_margin_yoy": 0.4421682762639694,
      "rev_growth_yoy": 1.077062563797776,
      "rev_growth_yoy_accel": 0.3972042795433718,
      "op_leverage_ratio": 0.6174308169081741,
      "fcf_margin_change": 0.2482166316978538
    },
    {
      "date": "2024-06-30T00:00:00",
      "quarter_label": "2024-06 (Q2)",
      "revenue": 18803063,
      "gross_profit": 8474778,
      "operating_income": 3864056,
      "net_income": 615773,
      "opex": 4610722,
      "cogs": 10328285,
      "rd": 2163527,
      "sga": null,
      "fcf": 2365936,
      "ocf": 3144463,
      "capex": -778527,
      "gross_margin": 0.4507126312346026,
      "op_margin": 0.20550141219013093,
      "fcf_margin": 0.1258271591176395,
      "incr_op_margin_yoy": 0.23027944554950547,
      "rev_growth_yoy": 1.0938645730837913,
      "rev_growth_yoy_accel": 0.016802009286015274,
      "op_leverage_ratio": 0.945462925561132,
      "fcf_margin_change": 0.03134575793951698
    },
    {
      "date": "2024-09-30T00:00:00",
      "quarter_label": "2024-09 (Q3)",
      "revenue": 18880345,
      "gross_profit": 8197428,
      "operating_income": 3484943,
      "net_income": -11036229,
      "opex": 4712485,
      "cogs": 10682917,
      "rd": 1966094,
      "sga": null,
      "fcf": 1364399,
      "ocf": 1456844,
      "capex": -92445,
      "gross_margin": 0.4341778712200439,
      "op_margin": 0.1845804724436974,
      "fcf_margin": 0.0722655756555296,
      "incr_op_margin_yoy": 0.3301683618594331,
      "rev_growth_yoy": 0.33362282120350906,
      "rev_growth_yoy_accel": -0.7602417518802822,
      "fcf_margin_change": -0.0535615834621099
    },
    {
      "date": "2024-12-31T00:00:00",
      "quarter_label": "2024-12 (Q4)",
      "revenue": 14364248,
      "gross_profit": 6119341,
      "operating_income": 1097810,
      "net_income": -10891940,
      "opex": 5021531,
      "cogs": 8244907,
      "rd": 1793803,
      "sga": null,
      "fcf": -1063699,
      "ocf": -1063699,
      "capex": null,
      "gross_margin": 0.42601192906165364,
      "op_margin": 0.0764265557097037,
      "fcf_margin": -0.0740518403747972,
      "incr_op_margin_yoy": 2.0729997479890203,
      "rev_growth_yoy": -0.07558833371946354,
      "rev_growth_yoy_accel": -0.4092111549229726,
      "fcf_margin_change": -0.1463174160303268
    },
    {
      "date": "2025-03-31T00:00:00",
      "quarter_label": "2025-03 (Q1)",
      "revenue": 31996273,
      "gross_profit": 17295108,
      "operating_income": 11153659,
      "net_income": 16997737,
      "opex": 6141449,
      "cogs": 14701165,
      "rd": 2041413,
      "sga": null,
      "fcf": 3163921,
      "ocf": 3918031,
      "capex": -754110,
      "gross_margin": 0.5405350804451506,
      "op_margin": 0.3485924438761977,
      "fcf_margin": 0.09888404815148315,
      "incr_op_margin_yoy": 0.5285802030667166,
      "rev_growth_yoy": 0.7826148289490479,
      "rev_growth_yoy_accel": 0.8582031626685114,
      "op_leverage_ratio": 5.503883358045781,
      "fcf_margin_change": 0.17293588852628033
    },
    {
      "date": "2025-06-30T00:00:00",
      "quarter_label": "2025-06 (Q2)",
      "revenue": 40211097,
      "gross_profit": 27225970,
      "operating_income": 21699707,
      "net_income": -5884715,
      "opex": 5526263,
      "cogs": 12985127,
      "rd": 1674964,
      "sga": null,
      "fcf": 14557638,
      "ocf": 14775842,
      "capex": -218204,
      "gross_margin": 0.6770760320217079,
      "op_margin": 0.5396447403561261,
      "fcf_margin": 0.3620303619172588,
      "incr_op_margin_yoy": 0.833128861809543,
      "rev_growth_yoy": 1.1385397155771908,
      "rev_growth_yoy_accel": 0.3559248866281429,
      "op_leverage_ratio": Infinity,
      "fcf_margin_change": 0.26314631376577563
    },
    {
      "date": "2025-09-30T00:00:00",
      "quarter_label": "2025-09 (Q3)",
      "revenue": 36321704,
      "gross_profit": 14073033,
      "operating_income": 8213746,
      "net_income": 13702407,
      "opex": 5859287,
      "cogs": 22248671,
      "rd": 1385306,
      "sga": null,
      "fcf": 5000939,
      "ocf": 5104273,
      "capex": -103334,
      "gross_margin": 0.38745519758654495,
      "op_margin": 0.22613878467816378,
      "fcf_margin": 0.13768459211054634,
      "incr_op_margin_yoy": 0.27112583371513654,
      "rev_growth_yoy": 0.9237839139062343,
      "rev_growth_yoy_accel": -0.21475580167095654,
      "fcf_margin_change": -0.22434576980671245
    }
  ],
  "signals": [
    {
      "quarter": "2025-09 (Q3)",
      "signal": "YoY REVENUE GROWTH DECELERATION",
      "detail": "YoY growth: +92.4% vs prior quarter YoY: +113.9% (decel: -21.5%)",
      "severity": "WARNING"
    },
    {
      "quarter": "2025-06 (Q2)",
      "signal": "FCF MARGIN EXPANSION",
      "detail": "FCF margin: +9.9% -> +36.2% (+26.3%)",
      "severity": "MEDIUM"
    },
    {
      "quarter": "2025-06 (Q2)",
      "signal": "YoY REVENUE GROWTH ACCELERATION",
      "detail": "YoY growth: +113.9% vs prior quarter YoY: +78.3% (accel: +35.6%)",
      "severity": "HIGH"
    },
    {
      "quarter": "2025-06 (Q2)",
      "signal": "INCREMENTAL MARGIN (YoY)",
      "detail": "YoY Incr OPM: +83.3% vs year-ago OPM: +20.6%",
      "severity": "HIGH"
    },
    {
      "quarter": "2025-03 (Q1)",
      "signal": "FCF TURNED POSITIVE",
      "detail": "FCF margin: -7.4% -> +9.9%",
      "severity": "HIGH"
    },
    {
      "quarter": "2025-03 (Q1)",
      "signal": "OPERATING LEVERAGE",
      "detail": "Rev growth +122.7% vs OpEx growth +22.3% (leverage: 5.5x)",
      "severity": "MEDIUM"
    },
    {
      "quarter": "2025-03 (Q1)",
      "signal": "GROSS MARGIN INFLECTION",
      "detail": "GM: +43.4% -> +42.6% -> +54.1% (reversal +11.5%)",
      "severity": "HIGH"
    },
    {
      "quarter": "2025-03 (Q1)",
      "signal": "YoY REVENUE GROWTH ACCELERATION",
      "detail": "YoY growth: +78.3% vs prior quarter YoY: -7.6% (accel: +85.8%)",
      "severity": "HIGH"
    },
    {
      "quarter": "2025-03 (Q1)",
      "signal": "INCREMENTAL MARGIN (YoY)",
      "detail": "YoY Incr OPM: +52.9% vs year-ago OPM: +20.8%",
      "severity": "HIGH"
    },
    {
      "quarter": "2024-12 (Q4)",
      "signal": "YoY REVENUE GROWTH DECELERATION",
      "detail": "YoY growth: -7.6% vs prior quarter YoY: +33.4% (decel: -40.9%)",
      "severity": "WARNING"
    },
    {
      "quarter": "2024-12 (Q4)",
      "signal": "INCREMENTAL MARGIN (YoY)",
      "detail": "YoY Incr OPM: +207.3% vs year-ago OPM: +22.7%",
      "severity": "HIGH"
    },
    {
      "quarter": "2024-09 (Q3)",
      "signal": "YoY REVENUE GROWTH DECELERATION",
      "detail": "YoY growth: +33.4% vs prior quarter YoY: +109.4% (decel: -76.0%)",
      "severity": "WARNING"
    },
    {
      "quarter": "2024-09 (Q3)",
      "signal": "INCREMENTAL MARGIN (YoY)",
      "detail": "YoY Incr OPM: +33.0% vs year-ago OPM: +13.6%",
      "severity": "MEDIUM"
    },
    {
      "quarter": "2024-03 (Q1)",
      "signal": "FCF TURNED POSITIVE",
      "detail": "FCF margin: -15.4% -> +9.4%",
      "severity": "HIGH"
    },
    {
      "quarter": "2024-03 (Q1)",
      "signal": "YoY REVENUE GROWTH ACCELERATION",
      "detail": "YoY growth: +107.7% vs prior quarter YoY: +68.0% (accel: +39.7%)",
      "severity": "HIGH"
    },
    {
      "quarter": "2024-03 (Q1)",
      "signal": "OP MARGIN TURNED POSITIVE (YoY)",
      "detail": "Op margin: -4.5% (year-ago) -> +20.8%",
      "severity": "HIGH"
    },
    {
      "quarter": "2023-09 (Q3)",
      "signal": "FCF MARGIN EXPANSION",
      "detail": "FCF margin: -30.2% -> -1.7% (+28.5%)",
      "severity": "MEDIUM"
    },
    {
      "quarter": "2023-09 (Q3)",
      "signal": "YoY REVENUE GROWTH ACCELERATION",
      "detail": "YoY growth: +64.9% vs prior quarter YoY: +17.0% (accel: +47.9%)",
      "severity": "HIGH"
    },
    {
      "quarter": "2023-06 (Q2)",
      "signal": "GROSS MARGIN INFLECTION",
      "detail": "GM: +53.2% -> +39.8% -> +52.9% (reversal +13.1%)",
      "severity": "HIGH"
    },
    {
      "quarter": "2023-06 (Q2)",
      "signal": "INCREMENTAL MARGIN (YoY)",
      "detail": "YoY Incr OPM: +44.3% vs year-ago OPM: +13.3%",
      "severity": "HIGH"
    },
    {
      "quarter": "2023-06 (Q2)",
      "signal": "OP MARGIN TURNED POSITIVE (QoQ)",
      "detail": "Op margin: -4.5% -> +17.8%",
      "severity": "HIGH"
    },
    {
      "quarter": "2023-03 (Q1)",
      "signal": "FCF TURNED POSITIVE",
      "detail": "FCF margin: -6.1% -> +28.1%",
      "severity": "HIGH"
    },
    {
      "quarter": "2023-03 (Q1)",
      "signal": "YoY REVENUE GROWTH ACCELERATION",
      "detail": "YoY growth: +12.6% vs prior quarter YoY: +3.1% (accel: +9.6%)",
      "severity": "MEDIUM"
    },
    {
      "quarter": "2022-12 (Q4)",
      "signal": "FCF MARGIN EXPANSION",
      "detail": "FCF margin: -42.0% -> -6.1% (+35.9%)",
      "severity": "MEDIUM"
    },
    {
      "quarter": "2022-12 (Q4)",
      "signal": "GROSS MARGIN INFLECTION",
      "detail": "GM: +52.1% -> +44.5% -> +53.2% (reversal +8.6%)",
      "severity": "HIGH"
    },
    {
      "quarter": "2022-09 (Q3)",
      "signal": "YoY REVENUE GROWTH DECELERATION",
      "detail": "YoY growth: +0.3% vs prior quarter YoY: +8.7% (decel: -8.4%)",
      "severity": "WARNING"
    },
    {
      "quarter": "2022-06 (Q2)",
      "signal": "GROSS MARGIN INFLECTION",
      "detail": "GM: +44.8% -> +44.5% -> +52.1% (reversal +7.6%)",
      "severity": "HIGH"
    },
    {
      "quarter": "2022-06 (Q2)",
      "signal": "YoY REVENUE GROWTH DECELERATION",
      "detail": "YoY growth: +8.7% vs prior quarter YoY: +74.5% (decel: -65.8%)",
      "severity": "WARNING"
    },
    {
      "quarter": "2022-03 (Q1)",
      "signal": "YoY REVENUE GROWTH ACCELERATION",
      "detail": "YoY growth: +74.5% vs prior quarter YoY: +48.4% (accel: +26.1%)",
      "severity": "HIGH"
    },
    {
      "quarter": "2022-03 (Q1)",
      "signal": "OP MARGIN TURNED POSITIVE (YoY)",
      "detail": "Op margin: -24.3% (year-ago) -> +11.1%",
      "severity": "HIGH"
    },
    {
      "quarter": "2021-12 (Q4)",
      "signal": "FCF MARGIN EXPANSION",
      "detail": "FCF margin: +1.8% -> +33.8% (+32.0%)",
      "severity": "MEDIUM"
    },
    {
      "quarter": "2021-12 (Q4)",
      "signal": "INCREMENTAL MARGIN (YoY)",
      "detail": "YoY Incr OPM: +28.3% vs year-ago OPM: +16.6%",
      "severity": "MEDIUM"
    },
    {
      "quarter": "2021-06 (Q2)",
      "signal": "FCF TURNED POSITIVE",
      "detail": "FCF margin: -17.0% -> +24.3%",
      "severity": "HIGH"
    },
    {
      "quarter": "2021-06 (Q2)",
      "signal": "GROSS MARGIN INFLECTION",
      "detail": "GM: +56.3% -> +42.5% -> +50.4% (reversal +7.9%)",
      "severity": "HIGH"
    },
    {
      "quarter": "2021-06 (Q2)",
      "signal": "OP MARGIN TURNED POSITIVE (QoQ)",
      "detail": "Op margin: -24.3% -> +13.7%",
      "severity": "HIGH"
    }
  ],
  "data_quality": {
    "n_quarters": 20,
    "coverage": {
      "revenue": [
        20,
        20
      ],
      "gross_profit": [
        20,
        20
      ],
      "op_income": [
        20,
        20
      ],
      "fcf": [
        20,
        20
      ]
    },
    "gaps": [],
    "warnings": []
  },
  "market_cap": null,
  "source": "SEC EDGAR",
  "last_updated": "2026-02-02T22:29:45.830848"
}