{
  "ticker": "ELUT",
  "name": "ELUTIA INC.",
  "quarters": [
    {
      "date": "2020-12-31T00:00:00",
      "quarter_label": "2020-12 (Q4)",
      "revenue": 12466000,
      "gross_profit": 6021000,
      "operating_income": -3963000,
      "net_income": -5356000,
      "opex": 9984000,
      "cogs": 6445000,
      "rd": 1272000,
      "sga": null,
      "fcf": -5483000,
      "ocf": -5368000,
      "capex": -115000,
      "gross_margin": 0.4829937429809081,
      "op_margin": -0.3179047007861383,
      "fcf_margin": -0.439836354885288
    },
    {
      "date": "2021-03-31T00:00:00",
      "quarter_label": "2021-03 (Q1)",
      "revenue": 12884000,
      "gross_profit": 6329000,
      "operating_income": -3699000,
      "net_income": -5067000,
      "opex": 10028000,
      "cogs": 6555000,
      "rd": 1720000,
      "sga": null,
      "fcf": -5305000,
      "ocf": -5174000,
      "capex": -131000,
      "gross_margin": 0.4912294318534617,
      "op_margin": -0.2871002794163303,
      "fcf_margin": -0.4117510090034151,
      "op_leverage_ratio": 7.608535215786941,
      "fcf_margin_change": 0.028085345881872892
    },
    {
      "date": "2021-06-30T00:00:00",
      "quarter_label": "2021-06 (Q2)",
      "revenue": 12160000,
      "gross_profit": 5614000,
      "operating_income": -4595000,
      "net_income": -2385000,
      "opex": 10209000,
      "cogs": 6546000,
      "rd": 1881000,
      "sga": null,
      "fcf": -903000,
      "ocf": -787000,
      "capex": -116000,
      "gross_margin": 0.46167763157894737,
      "op_margin": -0.37787828947368424,
      "fcf_margin": -0.07425986842105263,
      "fcf_margin_change": 0.33749114058236246
    },
    {
      "date": "2021-09-30T00:00:00",
      "quarter_label": "2021-09 (Q3)",
      "revenue": 11485000,
      "gross_profit": 3689000,
      "operating_income": -6976000,
      "net_income": -8316000,
      "opex": 10665000,
      "cogs": 7796000,
      "rd": 2289000,
      "sga": null,
      "fcf": -3195000,
      "ocf": -3098000,
      "capex": -97000,
      "gross_margin": 0.3212015672616456,
      "op_margin": -0.6074009577710057,
      "fcf_margin": -0.2781889420983892,
      "fcf_margin_change": -0.20392907367733654
    },
    {
      "date": "2021-12-31T00:00:00",
      "quarter_label": "2021-12 (Q4)",
      "revenue": 10861000,
      "gross_profit": 3390000,
      "operating_income": -7762000,
      "net_income": -9064000,
      "opex": 11152000,
      "cogs": 7471000,
      "rd": 3376000,
      "sga": null,
      "fcf": -6412000,
      "ocf": -6387000,
      "capex": -25000,
      "gross_margin": 0.3121259552527392,
      "op_margin": -0.7146671577202836,
      "fcf_margin": -0.5903692109382194,
      "incr_op_margin_yoy": 2.3669781931464176,
      "rev_growth_yoy": -0.12875020054548372,
      "fcf_margin_change": -0.3121802688398302
    },
    {
      "date": "2022-03-31T00:00:00",
      "quarter_label": "2022-03 (Q1)",
      "revenue": 11495000,
      "gross_profit": 4281000,
      "operating_income": -6922000,
      "net_income": -8149000,
      "opex": 11203000,
      "cogs": 7214000,
      "rd": 2272000,
      "sga": null,
      "fcf": -7384000,
      "ocf": -7350000,
      "capex": -34000,
      "gross_margin": 0.3724227925184863,
      "op_margin": -0.6021748586341887,
      "fcf_margin": -0.6423662461939974,
      "incr_op_margin_yoy": 2.320374370050396,
      "rev_growth_yoy": -0.10780813411983856,
      "rev_growth_yoy_accel": 0.020942066425645167,
      "op_leverage_ratio": 12.764447718135225,
      "fcf_margin_change": -0.051997035255778035
    },
    {
      "date": "2022-06-30T00:00:00",
      "quarter_label": "2022-06 (Q2)",
      "revenue": 12638000,
      "gross_profit": 4898000,
      "operating_income": -8182000,
      "net_income": -9398000,
      "opex": 13080000,
      "cogs": 7740000,
      "rd": 2617000,
      "sga": null,
      "fcf": -10955000,
      "ocf": -10700000,
      "capex": -255000,
      "gross_margin": 0.38756132299414464,
      "op_margin": -0.6474125652793163,
      "fcf_margin": -0.8668301946510524,
      "rev_growth_yoy": 0.03930921052631579,
      "rev_growth_yoy_accel": 0.14711734464615434,
      "op_leverage_ratio": 0.5934816810162534,
      "fcf_margin_change": -0.22446394845705497
    },
    {
      "date": "2022-09-30T00:00:00",
      "quarter_label": "2022-09 (Q3)",
      "revenue": 12389000,
      "gross_profit": 5049000,
      "operating_income": -7793000,
      "net_income": -9910000,
      "opex": 12842000,
      "cogs": 7340000,
      "rd": 1966000,
      "sga": null,
      "fcf": -5632000,
      "ocf": -5515000,
      "capex": -117000,
      "gross_margin": 0.40753894583905076,
      "op_margin": -0.6290257486479942,
      "fcf_margin": -0.45459681975946403,
      "rev_growth_yoy": 0.07871136264693078,
      "rev_growth_yoy_accel": 0.03940215212061499,
      "fcf_margin_change": 0.41223337489158834
    },
    {
      "date": "2022-12-31T00:00:00",
      "quarter_label": "2022-12 (Q4)",
      "revenue": 12665000,
      "gross_profit": 4994000,
      "operating_income": -8843000,
      "net_income": -5440000,
      "opex": 13837000,
      "cogs": 7671000,
      "rd": 2085000,
      "sga": null,
      "fcf": -5379000,
      "ocf": -5245000,
      "capex": -134000,
      "gross_margin": 0.39431504145282276,
      "op_margin": -0.6982234504540071,
      "fcf_margin": -0.42471377812870115,
      "incr_op_margin_yoy": -0.5992239467849224,
      "rev_growth_yoy": 0.16609888592210661,
      "rev_growth_yoy_accel": 0.08738752327517584,
      "op_leverage_ratio": 0.28752950319439635,
      "fcf_margin_change": 0.029883041630762885
    },
    {
      "date": "2023-03-31T00:00:00",
      "quarter_label": "2023-03 (Q1)",
      "revenue": 13050000,
      "gross_profit": 6331000,
      "operating_income": -6418000,
      "net_income": -7974000,
      "opex": 12749000,
      "cogs": 6719000,
      "rd": 1803000,
      "sga": null,
      "fcf": -5348000,
      "ocf": -5166000,
      "capex": -182000,
      "gross_margin": 0.4851340996168582,
      "op_margin": -0.4918007662835249,
      "fcf_margin": -0.40980842911877396,
      "incr_op_margin_yoy": 0.32411575562700967,
      "rev_growth_yoy": 0.13527620704654197,
      "rev_growth_yoy_accel": -0.03082267887556464,
      "op_leverage_ratio": Infinity,
      "fcf_margin_change": 0.014905349009927182
    },
    {
      "date": "2023-06-30T00:00:00",
      "quarter_label": "2023-06 (Q2)",
      "revenue": 10296000,
      "gross_profit": 980000,
      "operating_income": -9085000,
      "net_income": -10621000,
      "opex": 10065000,
      "cogs": 9316000,
      "rd": 1171000,
      "sga": null,
      "fcf": -2474000,
      "ocf": -2389000,
      "capex": -85000,
      "gross_margin": 0.09518259518259518,
      "op_margin": -0.8823815073815073,
      "fcf_margin": -0.24028749028749027,
      "incr_op_margin_yoy": 0.3855678906917165,
      "rev_growth_yoy": -0.1853141319829087,
      "rev_growth_yoy_accel": -0.32059033902945067,
      "fcf_margin_change": 0.1695209388312837
    },
    {
      "date": "2023-09-30T00:00:00",
      "quarter_label": "2023-09 (Q3)",
      "revenue": 6127000,
      "gross_profit": 2841000,
      "operating_income": -7371000,
      "net_income": -9747000,
      "opex": 10212000,
      "cogs": 3286000,
      "rd": 557000,
      "sga": null,
      "fcf": -5185000,
      "ocf": -5123000,
      "capex": -62000,
      "gross_margin": 0.4636853272400849,
      "op_margin": -1.2030357434307164,
      "fcf_margin": -0.8462542843153256,
      "incr_op_margin_yoy": -0.06739061002874482,
      "rev_growth_yoy": -0.5054483816288643,
      "rev_growth_yoy_accel": -0.3201342496459556,
      "fcf_margin_change": -0.6059667940278353
    },
    {
      "date": "2023-12-31T00:00:00",
      "quarter_label": "2023-12 (Q4)",
      "revenue": 5875000,
      "gross_profit": 2126000,
      "operating_income": -8508000,
      "net_income": -9314000,
      "opex": 10634000,
      "cogs": 3749000,
      "rd": 1383000,
      "sga": null,
      "fcf": -9100000,
      "ocf": -9083000,
      "capex": -17000,
      "gross_margin": 0.3618723404255319,
      "op_margin": -1.4481702127659575,
      "fcf_margin": -1.548936170212766,
      "incr_op_margin_yoy": -0.04933726067746686,
      "rev_growth_yoy": -0.5361231741018555,
      "rev_growth_yoy_accel": -0.030674792472991208,
      "fcf_margin_change": -0.7026818858974404
    },
    {
      "date": "2024-03-31T00:00:00",
      "quarter_label": "2024-03 (Q1)",
      "revenue": 6694000,
      "gross_profit": 2843000,
      "operating_income": -8479000,
      "net_income": -17994000,
      "opex": 11322000,
      "cogs": 3851000,
      "rd": 1172000,
      "sga": null,
      "fcf": -2656000,
      "ocf": -2641000,
      "capex": -15000,
      "gross_margin": 0.42470869435315206,
      "op_margin": -1.266656707499253,
      "fcf_margin": -0.39677322975799223,
      "incr_op_margin_yoy": 0.32426054122089365,
      "rev_growth_yoy": -0.48704980842911877,
      "rev_growth_yoy_accel": 0.049073365672736735,
      "op_leverage_ratio": 2.154687283523008,
      "fcf_margin_change": 1.1521629404547737
    },
    {
      "date": "2024-06-30T00:00:00",
      "quarter_label": "2024-06 (Q2)",
      "revenue": 6291000,
      "gross_profit": 2799000,
      "operating_income": -8510000,
      "net_income": -28180000,
      "opex": 11309000,
      "cogs": 3492000,
      "rd": 1001000,
      "sga": null,
      "fcf": -4330000,
      "ocf": -4332000,
      "capex": 2000,
      "gross_margin": 0.4449213161659514,
      "op_margin": -1.3527261166746145,
      "fcf_margin": -0.6882848513749801,
      "incr_op_margin_yoy": -0.14357053682896379,
      "rev_growth_yoy": -0.388986013986014,
      "rev_growth_yoy_accel": 0.09806379444310476,
      "fcf_margin_change": -0.29151162161698785
    },
    {
      "date": "2024-09-30T00:00:00",
      "quarter_label": "2024-09 (Q3)",
      "revenue": 5922000,
      "gross_profit": 2741000,
      "operating_income": -10230000,
      "net_income": 1286000,
      "opex": 12971000,
      "cogs": 3181000,
      "rd": 778000,
      "sga": null,
      "fcf": -3974000,
      "ocf": -3427000,
      "capex": -547000,
      "gross_margin": 0.4628503883823033,
      "op_margin": -1.7274569402228976,
      "fcf_margin": -0.6710570753123944,
      "rev_growth_yoy": -0.033458462542843154,
      "rev_growth_yoy_accel": 0.35552755144317083,
      "fcf_margin_change": 0.01722777606258563
    },
    {
      "date": "2024-12-31T00:00:00",
      "quarter_label": "2024-12 (Q4)",
      "revenue": 5468000,
      "gross_profit": 2324000,
      "operating_income": -8432000,
      "net_income": -9061000,
      "opex": 10756000,
      "cogs": 3144000,
      "rd": 834000,
      "sga": null,
      "fcf": -12351000,
      "ocf": -12257000,
      "capex": -94000,
      "gross_margin": 0.4250182882223848,
      "op_margin": -1.5420629114850037,
      "fcf_margin": -2.2587783467446965,
      "rev_growth_yoy": -0.06927659574468086,
      "rev_growth_yoy_accel": -0.0358181332018377,
      "fcf_margin_change": -1.5877212714323021
    },
    {
      "date": "2025-03-31T00:00:00",
      "quarter_label": "2025-03 (Q1)",
      "revenue": 6030000,
      "gross_profit": 2457000,
      "operating_income": -7922000,
      "net_income": -3933000,
      "opex": 10379000,
      "cogs": 3573000,
      "rd": 905000,
      "sga": null,
      "fcf": -9159000,
      "ocf": -8881000,
      "capex": -278000,
      "gross_margin": 0.40746268656716417,
      "op_margin": -1.3137645107794362,
      "fcf_margin": -1.5189054726368159,
      "rev_growth_yoy": -0.09919330743949806,
      "rev_growth_yoy_accel": -0.029916711694817202,
      "op_leverage_ratio": Infinity,
      "fcf_margin_change": 0.7398728741078806
    },
    {
      "date": "2025-06-30T00:00:00",
      "quarter_label": "2025-06 (Q2)",
      "revenue": 6263000,
      "gross_profit": 3058000,
      "operating_income": -9875000,
      "net_income": -9610000,
      "opex": 12933000,
      "cogs": 3205000,
      "rd": 1456000,
      "sga": null,
      "fcf": -8342000,
      "ocf": -8228000,
      "capex": -114000,
      "gross_margin": 0.48826441002714355,
      "op_margin": -1.5767204215232318,
      "fcf_margin": -1.3319495449465113,
      "rev_growth_yoy": -0.004450802734064537,
      "rev_growth_yoy_accel": 0.09474250470543352,
      "op_leverage_ratio": 0.15702660022778303,
      "fcf_margin_change": 0.18695592769030456
    },
    {
      "date": "2025-09-30T00:00:00",
      "quarter_label": "2025-09 (Q3)",
      "revenue": 3323000,
      "gross_profit": 1853000,
      "operating_income": -5208000,
      "net_income": -3868000,
      "opex": 7061000,
      "cogs": 1470000,
      "rd": 1088000,
      "sga": null,
      "fcf": -3517000,
      "ocf": -2887000,
      "capex": -630000,
      "gross_margin": 0.5576286488113151,
      "op_margin": -1.567258501354198,
      "fcf_margin": -1.058380981041228,
      "incr_op_margin_yoy": -1.932281646787226,
      "rev_growth_yoy": -0.43887200270178994,
      "rev_growth_yoy_accel": -0.4344211999677254,
      "fcf_margin_change": 0.2735685639052834
    }
  ],
  "signals": [
    {
      "quarter": "2025-09 (Q3)",
      "signal": "FCF MARGIN EXPANSION",
      "detail": "FCF margin: -133.2% -> -105.8% (+27.4%)",
      "severity": "MEDIUM"
    },
    {
      "quarter": "2025-09 (Q3)",
      "signal": "YoY REVENUE GROWTH DECELERATION",
      "detail": "YoY growth: -43.9% vs prior quarter YoY: -0.4% (decel: -43.4%)",
      "severity": "WARNING"
    },
    {
      "quarter": "2025-06 (Q2)",
      "signal": "FCF MARGIN EXPANSION",
      "detail": "FCF margin: -151.9% -> -133.2% (+18.7%)",
      "severity": "MEDIUM"
    },
    {
      "quarter": "2025-06 (Q2)",
      "signal": "GROSS MARGIN INFLECTION",
      "detail": "GM: +42.5% -> +40.7% -> +48.8% (reversal +8.1%)",
      "severity": "HIGH"
    },
    {
      "quarter": "2025-06 (Q2)",
      "signal": "YoY REVENUE GROWTH ACCELERATION",
      "detail": "YoY growth: -0.4% vs prior quarter YoY: -9.9% (accel: +9.5%)",
      "severity": "MEDIUM"
    },
    {
      "quarter": "2025-03 (Q1)",
      "signal": "FCF MARGIN EXPANSION",
      "detail": "FCF margin: -225.9% -> -151.9% (+74.0%)",
      "severity": "MEDIUM"
    },
    {
      "quarter": "2024-09 (Q3)",
      "signal": "YoY REVENUE GROWTH ACCELERATION",
      "detail": "YoY growth: -3.3% vs prior quarter YoY: -38.9% (accel: +35.6%)",
      "severity": "HIGH"
    },
    {
      "quarter": "2024-06 (Q2)",
      "signal": "YoY REVENUE GROWTH ACCELERATION",
      "detail": "YoY growth: -38.9% vs prior quarter YoY: -48.7% (accel: +9.8%)",
      "severity": "MEDIUM"
    },
    {
      "quarter": "2024-03 (Q1)",
      "signal": "FCF MARGIN EXPANSION",
      "detail": "FCF margin: -154.9% -> -39.7% (+115.2%)",
      "severity": "MEDIUM"
    },
    {
      "quarter": "2024-03 (Q1)",
      "signal": "OPERATING LEVERAGE",
      "detail": "Rev growth +13.9% vs OpEx growth +6.5% (leverage: 2.2x)",
      "severity": "MEDIUM"
    },
    {
      "quarter": "2024-03 (Q1)",
      "signal": "GROSS MARGIN INFLECTION",
      "detail": "GM: +46.4% -> +36.2% -> +42.5% (reversal +6.3%)",
      "severity": "HIGH"
    },
    {
      "quarter": "2023-09 (Q3)",
      "signal": "GROSS MARGIN INFLECTION",
      "detail": "GM: +48.5% -> +9.5% -> +46.4% (reversal +36.9%)",
      "severity": "HIGH"
    },
    {
      "quarter": "2023-09 (Q3)",
      "signal": "YoY REVENUE GROWTH DECELERATION",
      "detail": "YoY growth: -50.5% vs prior quarter YoY: -18.5% (decel: -32.0%)",
      "severity": "WARNING"
    },
    {
      "quarter": "2023-06 (Q2)",
      "signal": "FCF MARGIN EXPANSION",
      "detail": "FCF margin: -41.0% -> -24.0% (+17.0%)",
      "severity": "MEDIUM"
    },
    {
      "quarter": "2023-06 (Q2)",
      "signal": "YoY REVENUE GROWTH DECELERATION",
      "detail": "YoY growth: -18.5% vs prior quarter YoY: +13.5% (decel: -32.1%)",
      "severity": "WARNING"
    },
    {
      "quarter": "2023-03 (Q1)",
      "signal": "GROSS MARGIN INFLECTION",
      "detail": "GM: +40.8% -> +39.4% -> +48.5% (reversal +9.1%)",
      "severity": "HIGH"
    },
    {
      "quarter": "2022-12 (Q4)",
      "signal": "YoY REVENUE GROWTH ACCELERATION",
      "detail": "YoY growth: +16.6% vs prior quarter YoY: +7.9% (accel: +8.7%)",
      "severity": "MEDIUM"
    },
    {
      "quarter": "2022-09 (Q3)",
      "signal": "FCF MARGIN EXPANSION",
      "detail": "FCF margin: -86.7% -> -45.5% (+41.2%)",
      "severity": "MEDIUM"
    },
    {
      "quarter": "2022-06 (Q2)",
      "signal": "YoY REVENUE GROWTH ACCELERATION",
      "detail": "YoY growth: +3.9% vs prior quarter YoY: -10.8% (accel: +14.7%)",
      "severity": "MEDIUM"
    },
    {
      "quarter": "2022-03 (Q1)",
      "signal": "OPERATING LEVERAGE",
      "detail": "Rev growth +5.8% vs OpEx growth +0.5% (leverage: 12.8x)",
      "severity": "MEDIUM"
    },
    {
      "quarter": "2022-03 (Q1)",
      "signal": "GROSS MARGIN INFLECTION",
      "detail": "GM: +32.1% -> +31.2% -> +37.2% (reversal +6.0%)",
      "severity": "HIGH"
    },
    {
      "quarter": "2021-06 (Q2)",
      "signal": "FCF MARGIN EXPANSION",
      "detail": "FCF margin: -41.2% -> -7.4% (+33.7%)",
      "severity": "MEDIUM"
    },
    {
      "quarter": "2021-03 (Q1)",
      "signal": "OPERATING LEVERAGE",
      "detail": "Rev growth +3.4% vs OpEx growth +0.4% (leverage: 7.6x)",
      "severity": "MEDIUM"
    }
  ],
  "data_quality": {
    "n_quarters": 20,
    "coverage": {
      "revenue": [
        20,
        20
      ],
      "gross_profit": [
        20,
        20
      ],
      "op_income": [
        20,
        20
      ],
      "fcf": [
        20,
        20
      ]
    },
    "gaps": [],
    "warnings": []
  },
  "market_cap": null,
  "source": "SEC EDGAR",
  "last_updated": "2026-02-02T23:43:16.682342",
  "sector": "Healthcare",
  "industry": "Medical Devices"
}