{
  "ticker": "ELV",
  "name": "ELEVANCE HEALTH, INC.",
  "sector": "Healthcare",
  "industry": "Healthcare Plans",
  "quarters": [
    {
      "date": "2021-03-31T00:00:00",
      "quarter_label": "2021-03 (Q1)",
      "revenue": 32385000000,
      "gross_profit": 30072000000,
      "operating_income": 2161000000,
      "net_income": 1665000000,
      "opex": 27911000000,
      "cogs": 2313000000,
      "rd": null,
      "sga": 3925000000,
      "fcf": 2301000000,
      "ocf": 2505000000,
      "capex": -204000000,
      "gross_margin": 0.9285780453913849,
      "op_margin": 0.06672842365292574,
      "fcf_margin": 0.07105141269106068
    },
    {
      "date": "2021-06-30T00:00:00",
      "quarter_label": "2021-06 (Q2)",
      "revenue": 33851000000,
      "gross_profit": 31237000000,
      "operating_income": 2081000000,
      "net_income": 1793000000,
      "opex": 29156000000,
      "cogs": 2614000000,
      "rd": null,
      "sga": 3821000000,
      "fcf": 1398000000,
      "ocf": 1683000000,
      "capex": -285000000,
      "gross_margin": 0.9227792384272252,
      "op_margin": 0.061475288765472216,
      "fcf_margin": 0.041298632241292724,
      "op_leverage_ratio": 1.0148365827056876,
      "fcf_margin_change": -0.02975278044976795
    },
    {
      "date": "2021-09-30T00:00:00",
      "quarter_label": "2021-09 (Q3)",
      "revenue": 35822000000,
      "gross_profit": 32924000000,
      "operating_income": 2059000000,
      "net_income": 1509000000,
      "opex": 30865000000,
      "cogs": 2898000000,
      "rd": null,
      "sga": 3946000000,
      "fcf": 2246000000,
      "ocf": 2504000000,
      "capex": -258000000,
      "gross_margin": 0.9190999944168388,
      "op_margin": 0.05747864440846407,
      "fcf_margin": 0.06269890011724638,
      "op_leverage_ratio": 0.9933470361517349,
      "fcf_margin_change": 0.021400267875953657
    },
    {
      "date": "2021-12-31T00:00:00",
      "quarter_label": "2021-12 (Q4)",
      "revenue": 36581000000,
      "gross_profit": 33511000000,
      "operating_income": 1188000000,
      "net_income": 1137000000,
      "opex": 32323000000,
      "cogs": 3070000000,
      "rd": null,
      "sga": 4222000000,
      "fcf": 1332000000,
      "ocf": 1672000000,
      "capex": -340000000,
      "gross_margin": 0.9160766518137831,
      "op_margin": 0.0324758754544709,
      "fcf_margin": 0.03641234520652798,
      "op_leverage_ratio": 0.44853950936649956,
      "fcf_margin_change": -0.0262865549107184
    },
    {
      "date": "2022-03-31T00:00:00",
      "quarter_label": "2022-03 (Q1)",
      "revenue": 38095000000,
      "gross_profit": 35212000000,
      "operating_income": 2447000000,
      "net_income": 1805000000,
      "opex": 32765000000,
      "cogs": 2883000000,
      "rd": null,
      "sga": 4341000000,
      "fcf": 2287000000,
      "ocf": 2541000000,
      "capex": -254000000,
      "gross_margin": 0.9243207770048563,
      "op_margin": 0.06423415146344665,
      "fcf_margin": 0.06003412521328258,
      "incr_op_margin_yoy": 0.050087565674255694,
      "rev_growth_yoy": 0.17631619576964644,
      "op_leverage_ratio": 3.0266325235475087,
      "fcf_margin_change": 0.0236217800067546
    },
    {
      "date": "2022-06-30T00:00:00",
      "quarter_label": "2022-06 (Q2)",
      "revenue": 38632000000,
      "gross_profit": 35563000000,
      "operating_income": 2367000000,
      "net_income": 1653000000,
      "opex": 33196000000,
      "cogs": 3069000000,
      "rd": null,
      "sga": 4269000000,
      "fcf": 2157000000,
      "ocf": 2452000000,
      "capex": -295000000,
      "gross_margin": 0.9205580865603644,
      "op_margin": 0.06127044936839925,
      "fcf_margin": 0.05583454131290122,
      "incr_op_margin_yoy": 0.05982012131353273,
      "rev_growth_yoy": 0.14123659566925645,
      "rev_growth_yoy_accel": -0.03507960010038999,
      "op_leverage_ratio": 1.0716160508485777,
      "fcf_margin_change": -0.0041995839003813595
    },
    {
      "date": "2022-09-30T00:00:00",
      "quarter_label": "2022-09 (Q3)",
      "revenue": 39939000000,
      "gross_profit": 36502000000,
      "operating_income": 2270000000,
      "net_income": 1618000000,
      "opex": 34232000000,
      "cogs": 3437000000,
      "rd": null,
      "sga": 4514000000,
      "fcf": 4619000000,
      "ocf": 4924000000,
      "capex": -305000000,
      "gross_margin": 0.9139437642404667,
      "op_margin": 0.05683667593079446,
      "fcf_margin": 0.1156513683367135,
      "incr_op_margin_yoy": 0.05125091085742045,
      "rev_growth_yoy": 0.11492937301099883,
      "rev_growth_yoy_accel": -0.02630722265825762,
      "op_leverage_ratio": 1.0840626851446897,
      "fcf_margin_change": 0.059816827023812275
    },
    {
      "date": "2022-12-31T00:00:00",
      "quarter_label": "2022-12 (Q4)",
      "revenue": 39929000000,
      "gross_profit": 36283000000,
      "operating_income": 1368000000,
      "net_income": 949000000,
      "opex": 34915000000,
      "cogs": 3646000000,
      "rd": null,
      "sga": 4562000000,
      "fcf": -1816000000,
      "ocf": -1518000000,
      "capex": -298000000,
      "gross_margin": 0.9086879210598813,
      "op_margin": 0.03426081294297378,
      "fcf_margin": -0.045480728292719576,
      "incr_op_margin_yoy": 0.053763440860215055,
      "rev_growth_yoy": 0.09152292173532708,
      "rev_growth_yoy_accel": -0.023406451275671744,
      "fcf_margin_change": -0.16113209662943306
    },
    {
      "date": "2023-03-31T00:00:00",
      "quarter_label": "2023-03 (Q1)",
      "revenue": 42172000000,
      "gross_profit": 38691000000,
      "operating_income": 2831000000,
      "net_income": 1989000000,
      "opex": 35860000000,
      "cogs": 3481000000,
      "rd": null,
      "sga": 4800000000,
      "fcf": 6168000000,
      "ocf": 6469000000,
      "capex": -301000000,
      "gross_margin": 0.9174570805273641,
      "op_margin": 0.06712984918903538,
      "fcf_margin": 0.14625818078345823,
      "incr_op_margin_yoy": 0.094186902133922,
      "rev_growth_yoy": 0.10702191888699304,
      "rev_growth_yoy_accel": 0.015498997151665958,
      "op_leverage_ratio": 2.075492067202353,
      "fcf_margin_change": 0.1917389090761778
    },
    {
      "date": "2023-06-30T00:00:00",
      "quarter_label": "2023-06 (Q2)",
      "revenue": 43672000000,
      "gross_profit": 39345000000,
      "operating_income": 2628000000,
      "net_income": 1853000000,
      "opex": 36717000000,
      "cogs": 4327000000,
      "rd": null,
      "sga": 4818000000,
      "fcf": 1600000000,
      "ocf": 1950000000,
      "capex": -350000000,
      "gross_margin": 0.9009204982597545,
      "op_margin": 0.060175856383953105,
      "fcf_margin": 0.03663674665689687,
      "incr_op_margin_yoy": 0.05178571428571429,
      "rev_growth_yoy": 0.1304617933319528,
      "rev_growth_yoy_accel": 0.02343987444495975,
      "op_leverage_ratio": 1.4883207082934573,
      "fcf_margin_change": -0.10962143412656136
    },
    {
      "date": "2023-09-30T00:00:00",
      "quarter_label": "2023-09 (Q3)",
      "revenue": 42849000000,
      "gross_profit": 38201000000,
      "operating_income": 1756000000,
      "net_income": 1289000000,
      "opex": 36445000000,
      "cogs": 4648000000,
      "rd": null,
      "sga": 5470000000,
      "fcf": 2294000000,
      "ocf": 2613000000,
      "capex": -319000000,
      "gross_margin": 0.891526056617424,
      "op_margin": 0.04098111974608509,
      "fcf_margin": 0.053536838666013206,
      "incr_op_margin_yoy": -0.1766323024054983,
      "rev_growth_yoy": 0.07286111319762638,
      "rev_growth_yoy_accel": -0.05760068013432641,
      "fcf_margin_change": 0.016900092009116338
    },
    {
      "date": "2023-12-31T00:00:00",
      "quarter_label": "2023-12 (Q4)",
      "revenue": 42647000000,
      "gross_profit": 37810000000,
      "operating_income": 1284000000,
      "net_income": 856000000,
      "opex": 36526000000,
      "cogs": 4837000000,
      "rd": null,
      "sga": 4999000000,
      "fcf": -3297000000,
      "ocf": -2971000000,
      "capex": -326000000,
      "gross_margin": 0.8865805332145286,
      "op_margin": 0.030107627734658943,
      "fcf_margin": -0.07730907215044434,
      "incr_op_margin_yoy": -0.03090507726269316,
      "rev_growth_yoy": 0.06807082571564527,
      "rev_growth_yoy_accel": -0.004790287481981112,
      "fcf_margin_change": -0.13084591081645755
    },
    {
      "date": "2024-03-31T00:00:00",
      "quarter_label": "2024-03 (Q1)",
      "revenue": 42577000000,
      "gross_profit": 38752000000,
      "operating_income": 3016000000,
      "net_income": 2246000000,
      "opex": 35736000000,
      "cogs": 3825000000,
      "rd": null,
      "sga": 4886000000,
      "fcf": 1699000000,
      "ocf": 1978000000,
      "capex": -279000000,
      "gross_margin": 0.9101627639335792,
      "op_margin": 0.07083636705263405,
      "fcf_margin": 0.03990417361486248,
      "incr_op_margin_yoy": 0.4567901234567901,
      "rev_growth_yoy": 0.009603528407474153,
      "rev_growth_yoy_accel": -0.058467297308171115,
      "fcf_margin_change": 0.11721324576530683
    },
    {
      "date": "2024-06-30T00:00:00",
      "quarter_label": "2024-06 (Q2)",
      "revenue": 43886000000,
      "gross_profit": 39066000000,
      "operating_income": 2765000000,
      "net_income": 2300000000,
      "opex": 36301000000,
      "cogs": 4820000000,
      "rd": null,
      "sga": 5066000000,
      "fcf": 124000000,
      "ocf": 447000000,
      "capex": -323000000,
      "gross_margin": 0.8901699858724879,
      "op_margin": 0.06300414710841726,
      "fcf_margin": 0.0028255024381351685,
      "incr_op_margin_yoy": 0.6401869158878505,
      "rev_growth_yoy": 0.004900164865359956,
      "rev_growth_yoy_accel": -0.004703363542114198,
      "op_leverage_ratio": 1.94456328056134,
      "fcf_margin_change": -0.037078671176727314
    },
    {
      "date": "2024-09-30T00:00:00",
      "quarter_label": "2024-09 (Q3)",
      "revenue": 45106000000,
      "gross_profit": 40013000000,
      "operating_income": 1408000000,
      "net_income": 1016000000,
      "opex": 38605000000,
      "cogs": 5093000000,
      "rd": null,
      "sga": 5269000000,
      "fcf": 2345000000,
      "ocf": 2677000000,
      "capex": -332000000,
      "gross_margin": 0.8870881922582362,
      "op_margin": 0.031215359375692812,
      "fcf_margin": 0.05198864896022702,
      "incr_op_margin_yoy": -0.15418697385910501,
      "rev_growth_yoy": 0.05267334126817429,
      "rev_growth_yoy_accel": 0.04777317640281433,
      "op_leverage_ratio": 0.43799580004000266,
      "fcf_margin_change": 0.049163146522091854
    },
    {
      "date": "2024-12-31T00:00:00",
      "quarter_label": "2024-12 (Q4)",
      "revenue": 45442000000,
      "gross_profit": 39430000000,
      "operating_income": 673000000,
      "net_income": 418000000,
      "opex": 38757000000,
      "cogs": 6012000000,
      "rd": null,
      "sga": 4804000000,
      "fcf": 384000000,
      "ocf": 706000000,
      "capex": -322000000,
      "gross_margin": 0.867699485057876,
      "op_margin": 0.014810087584173232,
      "fcf_margin": 0.008450332291712513,
      "incr_op_margin_yoy": -0.2186046511627907,
      "rev_growth_yoy": 0.0655380214317537,
      "rev_growth_yoy_accel": 0.012864680163579417,
      "fcf_margin_change": -0.04353831666851451
    },
    {
      "date": "2025-03-31T00:00:00",
      "quarter_label": "2025-03 (Q1)",
      "revenue": 48891000000,
      "gross_profit": 43908000000,
      "operating_income": 3170000000,
      "net_income": 2183000000,
      "opex": 40738000000,
      "cogs": 4983000000,
      "rd": null,
      "sga": 5300000000,
      "fcf": 821000000,
      "ocf": 1017000000,
      "capex": -196000000,
      "gross_margin": 0.89807940111677,
      "op_margin": 0.06483810926346362,
      "fcf_margin": 0.016792456689370232,
      "incr_op_margin_yoy": 0.024390243902439025,
      "rev_growth_yoy": 0.1482960283721258,
      "rev_growth_yoy_accel": 0.0827580069403721,
      "op_leverage_ratio": 1.4849144532492684,
      "fcf_margin_change": 0.008342124397657719
    },
    {
      "date": "2025-06-30T00:00:00",
      "quarter_label": "2025-06 (Q2)",
      "revenue": 49776000000,
      "gross_profit": 44483000000,
      "operating_income": 2425000000,
      "net_income": 1743000000,
      "opex": 42058000000,
      "cogs": 5293000000,
      "rd": null,
      "sga": 4997000000,
      "fcf": 1787000000,
      "ocf": 2054000000,
      "capex": -267000000,
      "gross_margin": 0.893663612986178,
      "op_margin": 0.04871825779492125,
      "fcf_margin": 0.03590083574413372,
      "incr_op_margin_yoy": -0.057724957555178265,
      "rev_growth_yoy": 0.13421136581142049,
      "rev_growth_yoy_accel": -0.014084662560705313,
      "op_leverage_ratio": 0.5586504115834667,
      "fcf_margin_change": 0.019108379054763487
    },
    {
      "date": "2025-09-30T00:00:00",
      "quarter_label": "2025-09 (Q3)",
      "revenue": 50711000000,
      "gross_profit": 45331000000,
      "operating_income": 1295000000,
      "net_income": 1189000000,
      "opex": 44036000000,
      "cogs": 5380000000,
      "rd": null,
      "sga": 5272000000,
      "fcf": 775000000,
      "ocf": 1135000000,
      "capex": -360000000,
      "gross_margin": 0.8939086194316815,
      "op_margin": 0.025536865768768117,
      "fcf_margin": 0.01528268028632841,
      "incr_op_margin_yoy": -0.02016057091882248,
      "rev_growth_yoy": 0.12426284751474305,
      "rev_growth_yoy_accel": -0.009948518296677436,
      "op_leverage_ratio": 0.3994054130959682,
      "fcf_margin_change": -0.020618155457805307
    },
    {
      "date": "2025-12-31T00:00:00",
      "quarter_label": "2025-12 (Q4)",
      "revenue": 49747000000,
      "gross_profit": 44225000000,
      "operating_income": 309000000,
      "net_income": 547000000,
      "opex": 43916000000,
      "cogs": 5522000000,
      "rd": null,
      "sga": 5415000000,
      "fcf": -209000000,
      "ocf": 84000000,
      "capex": -293000000,
      "gross_margin": 0.8889983315576818,
      "op_margin": 0.006211429834964923,
      "fcf_margin": -0.004201258367338734,
      "incr_op_margin_yoy": -0.08455284552845528,
      "rev_growth_yoy": 0.09473614717662075,
      "rev_growth_yoy_accel": -0.029526700338122297,
      "fcf_margin_change": -0.019483938653667144
    }
  ],
  "signals": [
    {
      "quarter": "2025-03 (Q1)",
      "signal": "GROSS MARGIN INFLECTION",
      "detail": "GM: +88.7% -> +86.8% -> +89.8% (reversal +3.0%)",
      "severity": "MEDIUM"
    },
    {
      "quarter": "2025-03 (Q1)",
      "signal": "YoY REVENUE GROWTH ACCELERATION",
      "detail": "YoY growth: +14.8% vs prior quarter YoY: +6.6% (accel: +8.3%)",
      "severity": "MEDIUM"
    },
    {
      "quarter": "2024-06 (Q2)",
      "signal": "OPERATING LEVERAGE",
      "detail": "Rev growth +3.1% vs OpEx growth +1.6% (leverage: 1.9x)",
      "severity": "MEDIUM"
    },
    {
      "quarter": "2024-06 (Q2)",
      "signal": "INCREMENTAL MARGIN (YoY)",
      "detail": "YoY Incr OPM: +64.0% vs year-ago OPM: +6.0%",
      "severity": "HIGH"
    },
    {
      "quarter": "2024-03 (Q1)",
      "signal": "FCF TURNED POSITIVE",
      "detail": "FCF margin: -7.7% -> +4.0%",
      "severity": "HIGH"
    },
    {
      "quarter": "2024-03 (Q1)",
      "signal": "GROSS MARGIN INFLECTION",
      "detail": "GM: +89.2% -> +88.7% -> +91.0% (reversal +2.4%)",
      "severity": "MEDIUM"
    },
    {
      "quarter": "2024-03 (Q1)",
      "signal": "YoY REVENUE GROWTH DECELERATION",
      "detail": "YoY growth: +1.0% vs prior quarter YoY: +6.8% (decel: -5.8%)",
      "severity": "WARNING"
    },
    {
      "quarter": "2024-03 (Q1)",
      "signal": "INCREMENTAL MARGIN (YoY)",
      "detail": "YoY Incr OPM: +45.7% vs year-ago OPM: +6.7%",
      "severity": "HIGH"
    },
    {
      "quarter": "2023-09 (Q3)",
      "signal": "YoY REVENUE GROWTH DECELERATION",
      "detail": "YoY growth: +7.3% vs prior quarter YoY: +13.0% (decel: -5.8%)",
      "severity": "WARNING"
    },
    {
      "quarter": "2023-03 (Q1)",
      "signal": "FCF TURNED POSITIVE",
      "detail": "FCF margin: -4.5% -> +14.6%",
      "severity": "HIGH"
    },
    {
      "quarter": "2023-03 (Q1)",
      "signal": "OPERATING LEVERAGE",
      "detail": "Rev growth +5.6% vs OpEx growth +2.7% (leverage: 2.1x)",
      "severity": "MEDIUM"
    },
    {
      "quarter": "2022-09 (Q3)",
      "signal": "FCF MARGIN EXPANSION",
      "detail": "FCF margin: +5.6% -> +11.6% (+6.0%)",
      "severity": "MEDIUM"
    },
    {
      "quarter": "2022-03 (Q1)",
      "signal": "OPERATING LEVERAGE",
      "detail": "Rev growth +4.1% vs OpEx growth +1.4% (leverage: 3.0x)",
      "severity": "MEDIUM"
    }
  ],
  "data_quality": {
    "n_quarters": 20,
    "coverage": {
      "revenue": [
        20,
        20
      ],
      "gross_profit": [
        20,
        20
      ],
      "op_income": [
        20,
        20
      ],
      "fcf": [
        20,
        20
      ]
    },
    "gaps": [],
    "warnings": []
  },
  "market_cap": null,
  "source": "SEC EDGAR",
  "last_updated": "2026-02-09T19:07:39.604746"
}