{
  "ticker": "EMBC",
  "name": "EMBECTA CORP.",
  "quarters": [
    {
      "date": "2020-12-31T00:00:00",
      "quarter_label": "2020-12 (Q4)",
      "revenue": 285300000,
      "gross_profit": 191300000,
      "operating_income": 124100000,
      "net_income": 105300000,
      "opex": 67200000,
      "cogs": 94000000,
      "rd": 14000000,
      "sga": 53200000,
      "fcf": 110000000,
      "ocf": 121400000,
      "capex": -11400000,
      "gross_margin": 0.6705222572730459,
      "op_margin": 0.4349807220469681,
      "fcf_margin": 0.385559060637925
    },
    {
      "date": "2021-03-31T00:00:00",
      "quarter_label": "2021-03 (Q1)",
      "revenue": 284200000,
      "gross_profit": 196300000,
      "operating_income": 126400000,
      "net_income": 107900000,
      "opex": 69900000,
      "cogs": 87900000,
      "rd": 14100000,
      "sga": 55800000,
      "fcf": 114500000,
      "ocf": 119700000,
      "capex": -5200000,
      "gross_margin": 0.6907107670654469,
      "op_margin": 0.44475721323011963,
      "fcf_margin": 0.4028852920478536,
      "fcf_margin_change": 0.017326231409928616
    },
    {
      "date": "2021-06-30T00:00:00",
      "quarter_label": "2021-06 (Q2)",
      "revenue": 295000000,
      "gross_profit": 202600000,
      "operating_income": 124300000,
      "net_income": 104700000,
      "opex": 78300000,
      "cogs": 92400000,
      "rd": 15700000,
      "sga": 60500000,
      "fcf": 122300000,
      "ocf": 129700000,
      "capex": -7400000,
      "gross_margin": 0.6867796610169492,
      "op_margin": 0.42135593220338985,
      "fcf_margin": 0.4145762711864407,
      "op_leverage_ratio": 0.31622599778827787,
      "fcf_margin_change": 0.011690979138587076
    },
    {
      "date": "2021-09-30T00:00:00",
      "quarter_label": "2021-09 (Q3)",
      "revenue": 300800000,
      "gross_profit": 210200000,
      "operating_income": 117200000,
      "net_income": 96900000,
      "opex": 93000000,
      "cogs": 90600000,
      "rd": 19500000,
      "sga": 70800000,
      "fcf": 72700000,
      "ocf": 85500000,
      "capex": -12800000,
      "gross_margin": 0.6988031914893617,
      "op_margin": 0.3896276595744681,
      "fcf_margin": 0.24168882978723405,
      "op_leverage_ratio": 0.1047250086475268,
      "fcf_margin_change": -0.17288744139920664
    },
    {
      "date": "2021-12-31T00:00:00",
      "quarter_label": "2021-12 (Q4)",
      "revenue": 289300000,
      "gross_profit": 203900000,
      "operating_income": 116600000,
      "net_income": 98800000,
      "opex": 87300000,
      "cogs": 85400000,
      "rd": 16700000,
      "sga": 62200000,
      "fcf": 134500000,
      "ocf": 138800000,
      "capex": -4300000,
      "gross_margin": 0.7048047010024197,
      "op_margin": 0.40304182509505704,
      "fcf_margin": 0.46491531282405807,
      "incr_op_margin_yoy": -1.875,
      "rev_growth_yoy": 0.014020329477742727,
      "fcf_margin_change": 0.22322648303682402
    },
    {
      "date": "2022-03-31T00:00:00",
      "quarter_label": "2022-03 (Q1)",
      "revenue": 274500000,
      "gross_profit": 191200000,
      "operating_income": 98900000,
      "net_income": 79600000,
      "opex": 92300000,
      "cogs": 83300000,
      "rd": 18000000,
      "sga": 66900000,
      "fcf": 177200000,
      "ocf": 182600000,
      "capex": -5400000,
      "gross_margin": 0.6965391621129327,
      "op_margin": 0.3602914389799636,
      "fcf_margin": 0.6455373406193078,
      "incr_op_margin_yoy": 2.8350515463917527,
      "rev_growth_yoy": -0.034130893736805064,
      "rev_growth_yoy_accel": -0.04815122321454779,
      "fcf_margin_change": 0.18062202779524972
    },
    {
      "date": "2022-06-30T00:00:00",
      "quarter_label": "2022-06 (Q2)",
      "revenue": 291100000,
      "gross_profit": 202900000,
      "operating_income": 97100000,
      "net_income": 62400000,
      "opex": 105800000,
      "cogs": 88200000,
      "rd": 14300000,
      "sga": 83800000,
      "fcf": 27500000,
      "ocf": 32800000,
      "capex": -5300000,
      "gross_margin": 0.6970113363105462,
      "op_margin": 0.33356234970800414,
      "fcf_margin": 0.09446925455170045,
      "incr_op_margin_yoy": 6.9743589743589745,
      "rev_growth_yoy": -0.013220338983050847,
      "rev_growth_yoy_accel": 0.020910554753754217,
      "op_leverage_ratio": 0.413460163259799,
      "fcf_margin_change": -0.5510680860676074
    },
    {
      "date": "2022-09-30T00:00:00",
      "quarter_label": "2022-09 (Q3)",
      "revenue": 274600000,
      "gross_profit": 176900000,
      "operating_income": -3000000,
      "net_income": -17200000,
      "opex": 179900000,
      "cogs": 97700000,
      "rd": 17900000,
      "sga": 81900000,
      "fcf": 49400000,
      "ocf": 58000000,
      "capex": -8600000,
      "gross_margin": 0.6442097596504006,
      "op_margin": -0.010924981791697014,
      "fcf_margin": 0.1798980335032775,
      "incr_op_margin_yoy": 4.587786259541985,
      "rev_growth_yoy": -0.08710106382978723,
      "rev_growth_yoy_accel": -0.07388072484673638,
      "fcf_margin_change": 0.08542877895157704
    },
    {
      "date": "2022-12-31T00:00:00",
      "quarter_label": "2022-12 (Q4)",
      "revenue": 275700000,
      "gross_profit": 188800000,
      "operating_income": 88800000,
      "net_income": 35200000,
      "opex": 100000000,
      "cogs": 86900000,
      "rd": 16900000,
      "sga": 72800000,
      "fcf": 55700000,
      "ocf": 60400000,
      "capex": -4700000,
      "gross_margin": 0.6848023213638013,
      "op_margin": 0.3220892274211099,
      "fcf_margin": 0.20203119332607908,
      "incr_op_margin_yoy": 2.0441176470588234,
      "rev_growth_yoy": -0.04701002419633599,
      "rev_growth_yoy_accel": 0.040091039633451245,
      "fcf_margin_change": 0.02213315982280159
    },
    {
      "date": "2023-03-31T00:00:00",
      "quarter_label": "2023-03 (Q1)",
      "revenue": 277100000,
      "gross_profit": 189800000,
      "operating_income": 55600000,
      "net_income": 14000000,
      "opex": 134200000,
      "cogs": 87300000,
      "rd": 22100000,
      "sga": 85200000,
      "fcf": -18800000,
      "ocf": -13000000,
      "capex": -5800000,
      "gross_margin": 0.6849512811259473,
      "op_margin": 0.20064958498736918,
      "fcf_margin": -0.06784554312522555,
      "incr_op_margin_yoy": -16.653846153846153,
      "rev_growth_yoy": 0.00947176684881603,
      "rev_growth_yoy_accel": 0.05648179104515202,
      "fcf_margin_change": -0.2698767364513046
    },
    {
      "date": "2023-06-30T00:00:00",
      "quarter_label": "2023-06 (Q2)",
      "revenue": 286100000,
      "gross_profit": 189500000,
      "operating_income": 51300000,
      "net_income": 15200000,
      "opex": 138200000,
      "cogs": 96600000,
      "rd": 22600000,
      "sga": 87600000,
      "fcf": -16100000,
      "ocf": -9300000,
      "capex": -6800000,
      "gross_margin": 0.6623558196434813,
      "op_margin": 0.17930793428871025,
      "fcf_margin": -0.056274030059419784,
      "incr_op_margin_yoy": 9.16,
      "rev_growth_yoy": -0.017176228100309172,
      "rev_growth_yoy_accel": -0.026647994949125203,
      "op_leverage_ratio": 1.089678816311801,
      "fcf_margin_change": 0.011571513065805762
    },
    {
      "date": "2023-09-30T00:00:00",
      "quarter_label": "2023-09 (Q3)",
      "revenue": 281900000,
      "gross_profit": 181800000,
      "operating_income": 25800000,
      "net_income": 6000000,
      "opex": 156000000,
      "cogs": 100100000,
      "rd": 23600000,
      "sga": 95700000,
      "fcf": 20400000,
      "ocf": 29600000,
      "capex": -9200000,
      "gross_margin": 0.6449095423909188,
      "op_margin": 0.09152181624689606,
      "fcf_margin": 0.07236608726498758,
      "incr_op_margin_yoy": 3.9452054794520546,
      "rev_growth_yoy": 0.026584122359796066,
      "rev_growth_yoy_accel": 0.043760350460105235,
      "fcf_margin_change": 0.12864011732440736
    },
    {
      "date": "2023-12-31T00:00:00",
      "quarter_label": "2023-12 (Q4)",
      "revenue": 277300000,
      "gross_profit": 185900000,
      "operating_income": 45500000,
      "net_income": 20100000,
      "opex": 140400000,
      "cogs": 91400000,
      "rd": 20200000,
      "sga": 90300000,
      "fcf": -15800000,
      "ocf": -13100000,
      "capex": -2700000,
      "gross_margin": 0.6703930760908763,
      "op_margin": 0.16408222142084386,
      "fcf_margin": -0.0569780021637216,
      "incr_op_margin_yoy": -27.0625,
      "rev_growth_yoy": 0.005803409503083061,
      "rev_growth_yoy_accel": -0.020780712856713006,
      "fcf_margin_change": -0.12934408942870917
    },
    {
      "date": "2024-03-31T00:00:00",
      "quarter_label": "2024-03 (Q1)",
      "revenue": 287200000,
      "gross_profit": 185400000,
      "operating_income": 39200000,
      "net_income": 28900000,
      "opex": 146200000,
      "cogs": 101800000,
      "rd": 18400000,
      "sga": 92300000,
      "fcf": 20900000,
      "ocf": 24300000,
      "capex": -3400000,
      "gross_margin": 0.6455431754874652,
      "op_margin": 0.13649025069637882,
      "fcf_margin": 0.07277158774373259,
      "incr_op_margin_yoy": -1.6237623762376239,
      "rev_growth_yoy": 0.03644893540238181,
      "rev_growth_yoy_accel": 0.03064552589929875,
      "op_leverage_ratio": 0.8642202519367796,
      "fcf_margin_change": 0.1297495899074542
    },
    {
      "date": "2024-06-30T00:00:00",
      "quarter_label": "2024-06 (Q2)",
      "revenue": 272500000,
      "gross_profit": 190100000,
      "operating_income": 55900000,
      "net_income": 14700000,
      "opex": 134200000,
      "cogs": 82400000,
      "rd": 20400000,
      "sga": 85700000,
      "fcf": -11800000,
      "ocf": -2100000,
      "capex": -9700000,
      "gross_margin": 0.6976146788990826,
      "op_margin": 0.20513761467889907,
      "fcf_margin": -0.04330275229357798,
      "incr_op_margin_yoy": -0.3382352941176471,
      "rev_growth_yoy": -0.04753582663404404,
      "rev_growth_yoy_accel": -0.08398476203642585,
      "fcf_margin_change": -0.11607434003731057
    },
    {
      "date": "2024-09-30T00:00:00",
      "quarter_label": "2024-09 (Q3)",
      "revenue": 286100000,
      "gross_profit": 173800000,
      "operating_income": 26200000,
      "net_income": 14600000,
      "opex": 147600000,
      "cogs": 112300000,
      "rd": 19800000,
      "sga": 96800000,
      "fcf": 26600000,
      "ocf": 26600000,
      "capex": null,
      "gross_margin": 0.6074799021321217,
      "op_margin": 0.09157637189793778,
      "fcf_margin": 0.0929744844459979,
      "incr_op_margin_yoy": 0.09523809523809523,
      "rev_growth_yoy": 0.01489890031926215,
      "rev_growth_yoy_accel": 0.062434726953306194,
      "op_leverage_ratio": 0.4998274681637683,
      "fcf_margin_change": 0.13627723673957587
    },
    {
      "date": "2024-12-31T00:00:00",
      "quarter_label": "2024-12 (Q4)",
      "revenue": 261900000,
      "gross_profit": 157100000,
      "operating_income": 28700000,
      "net_income": 0,
      "opex": 128400000,
      "cogs": 104800000,
      "rd": 20300000,
      "sga": 81100000,
      "fcf": -6800000,
      "ocf": -5300000,
      "capex": -1500000,
      "gross_margin": 0.5998472699503627,
      "op_margin": 0.10958381061473844,
      "fcf_margin": -0.025964108438335243,
      "incr_op_margin_yoy": 1.0909090909090908,
      "rev_growth_yoy": -0.05553552109628561,
      "rev_growth_yoy_accel": -0.07043442141554776,
      "fcf_margin_change": -0.11893859288433314
    },
    {
      "date": "2025-03-31T00:00:00",
      "quarter_label": "2025-03 (Q1)",
      "revenue": 259000000,
      "gross_profit": 164100000,
      "operating_income": 62900000,
      "net_income": 23500000,
      "opex": 101200000,
      "cogs": 94900000,
      "rd": 8000000,
      "sga": 79600000,
      "fcf": 31700000,
      "ocf": 31800000,
      "capex": -100000,
      "gross_margin": 0.6335907335907336,
      "op_margin": 0.24285714285714285,
      "fcf_margin": 0.12239382239382239,
      "incr_op_margin_yoy": -0.8404255319148937,
      "rev_growth_yoy": -0.09818941504178273,
      "rev_growth_yoy_accel": -0.04265389394549712,
      "fcf_margin_change": 0.14835793083215765
    },
    {
      "date": "2025-06-30T00:00:00",
      "quarter_label": "2025-06 (Q2)",
      "revenue": 295500000,
      "gross_profit": 197100000,
      "operating_income": 94000000,
      "net_income": 45500000,
      "opex": 103100000,
      "cogs": 98400000,
      "rd": 4400000,
      "sga": 84400000,
      "fcf": 80800000,
      "ocf": 81200000,
      "capex": -400000,
      "gross_margin": 0.667005076142132,
      "op_margin": 0.31810490693739424,
      "fcf_margin": 0.2734348561759729,
      "incr_op_margin_yoy": 1.6565217391304348,
      "rev_growth_yoy": 0.08440366972477065,
      "rev_growth_yoy_accel": 0.1825930847665534,
      "op_leverage_ratio": 7.506197927250559,
      "fcf_margin_change": 0.1510410337821505
    },
    {
      "date": "2025-09-30T00:00:00",
      "quarter_label": "2025-09 (Q3)",
      "revenue": 264000000,
      "gross_profit": 158500000,
      "operating_income": 56500000,
      "net_income": 26400000,
      "opex": 102000000,
      "cogs": 105500000,
      "rd": 4600000,
      "sga": 86900000,
      "fcf": 76700000,
      "ocf": 84000000,
      "capex": -7300000,
      "gross_margin": 0.6003787878787878,
      "op_margin": 0.21401515151515152,
      "fcf_margin": 0.290530303030303,
      "incr_op_margin_yoy": -1.3710407239819005,
      "rev_growth_yoy": -0.07724571828032156,
      "rev_growth_yoy_accel": -0.1616493880050922,
      "fcf_margin_change": 0.01709544685433012
    }
  ],
  "signals": [
    {
      "quarter": "2025-09 (Q3)",
      "signal": "YoY REVENUE GROWTH DECELERATION",
      "detail": "YoY growth: -7.7% vs prior quarter YoY: +8.4% (decel: -16.2%)",
      "severity": "WARNING"
    },
    {
      "quarter": "2025-06 (Q2)",
      "signal": "FCF MARGIN EXPANSION",
      "detail": "FCF margin: +12.2% -> +27.3% (+15.1%)",
      "severity": "MEDIUM"
    },
    {
      "quarter": "2025-06 (Q2)",
      "signal": "OPERATING LEVERAGE",
      "detail": "Rev growth +14.1% vs OpEx growth +1.9% (leverage: 7.5x)",
      "severity": "MEDIUM"
    },
    {
      "quarter": "2025-06 (Q2)",
      "signal": "YoY REVENUE GROWTH ACCELERATION",
      "detail": "YoY growth: +8.4% vs prior quarter YoY: -9.8% (accel: +18.3%)",
      "severity": "HIGH"
    },
    {
      "quarter": "2025-06 (Q2)",
      "signal": "INCREMENTAL MARGIN (YoY)",
      "detail": "YoY Incr OPM: +165.7% vs year-ago OPM: +20.5%",
      "severity": "HIGH"
    },
    {
      "quarter": "2025-03 (Q1)",
      "signal": "FCF TURNED POSITIVE",
      "detail": "FCF margin: -2.6% -> +12.2%",
      "severity": "HIGH"
    },
    {
      "quarter": "2025-03 (Q1)",
      "signal": "GROSS MARGIN INFLECTION",
      "detail": "GM: +60.7% -> +60.0% -> +63.4% (reversal +3.4%)",
      "severity": "MEDIUM"
    },
    {
      "quarter": "2024-12 (Q4)",
      "signal": "YoY REVENUE GROWTH DECELERATION",
      "detail": "YoY growth: -5.6% vs prior quarter YoY: +1.5% (decel: -7.0%)",
      "severity": "WARNING"
    },
    {
      "quarter": "2024-12 (Q4)",
      "signal": "INCREMENTAL MARGIN (YoY)",
      "detail": "YoY Incr OPM: +109.1% vs year-ago OPM: +16.4%",
      "severity": "HIGH"
    },
    {
      "quarter": "2024-09 (Q3)",
      "signal": "FCF TURNED POSITIVE",
      "detail": "FCF margin: -4.3% -> +9.3%",
      "severity": "HIGH"
    },
    {
      "quarter": "2024-09 (Q3)",
      "signal": "YoY REVENUE GROWTH ACCELERATION",
      "detail": "YoY growth: +1.5% vs prior quarter YoY: -4.8% (accel: +6.2%)",
      "severity": "MEDIUM"
    },
    {
      "quarter": "2024-06 (Q2)",
      "signal": "GROSS MARGIN INFLECTION",
      "detail": "GM: +67.0% -> +64.6% -> +69.8% (reversal +5.2%)",
      "severity": "HIGH"
    },
    {
      "quarter": "2024-06 (Q2)",
      "signal": "YoY REVENUE GROWTH DECELERATION",
      "detail": "YoY growth: -4.8% vs prior quarter YoY: +3.6% (decel: -8.4%)",
      "severity": "WARNING"
    },
    {
      "quarter": "2024-03 (Q1)",
      "signal": "FCF TURNED POSITIVE",
      "detail": "FCF margin: -5.7% -> +7.3%",
      "severity": "HIGH"
    },
    {
      "quarter": "2023-12 (Q4)",
      "signal": "GROSS MARGIN INFLECTION",
      "detail": "GM: +66.2% -> +64.5% -> +67.0% (reversal +2.5%)",
      "severity": "MEDIUM"
    },
    {
      "quarter": "2023-09 (Q3)",
      "signal": "FCF TURNED POSITIVE",
      "detail": "FCF margin: -5.6% -> +7.2%",
      "severity": "HIGH"
    },
    {
      "quarter": "2023-09 (Q3)",
      "signal": "OP MARGIN TURNED POSITIVE (YoY)",
      "detail": "Op margin: -1.1% (year-ago) -> +9.2%",
      "severity": "HIGH"
    },
    {
      "quarter": "2023-06 (Q2)",
      "signal": "INCREMENTAL MARGIN (YoY)",
      "detail": "YoY Incr OPM: +916.0% vs year-ago OPM: +33.4%",
      "severity": "HIGH"
    },
    {
      "quarter": "2023-03 (Q1)",
      "signal": "YoY REVENUE GROWTH ACCELERATION",
      "detail": "YoY growth: +0.9% vs prior quarter YoY: -4.7% (accel: +5.6%)",
      "severity": "MEDIUM"
    },
    {
      "quarter": "2022-12 (Q4)",
      "signal": "GROSS MARGIN INFLECTION",
      "detail": "GM: +69.7% -> +64.4% -> +68.5% (reversal +4.1%)",
      "severity": "MEDIUM"
    },
    {
      "quarter": "2022-12 (Q4)",
      "signal": "INCREMENTAL MARGIN (YoY)",
      "detail": "YoY Incr OPM: +204.4% vs year-ago OPM: +40.3%",
      "severity": "HIGH"
    },
    {
      "quarter": "2022-12 (Q4)",
      "signal": "OP MARGIN TURNED POSITIVE (QoQ)",
      "detail": "Op margin: -1.1% -> +32.2%",
      "severity": "HIGH"
    },
    {
      "quarter": "2022-09 (Q3)",
      "signal": "FCF MARGIN EXPANSION",
      "detail": "FCF margin: +9.4% -> +18.0% (+8.5%)",
      "severity": "MEDIUM"
    },
    {
      "quarter": "2022-09 (Q3)",
      "signal": "YoY REVENUE GROWTH DECELERATION",
      "detail": "YoY growth: -8.7% vs prior quarter YoY: -1.3% (decel: -7.4%)",
      "severity": "WARNING"
    },
    {
      "quarter": "2022-06 (Q2)",
      "signal": "INCREMENTAL MARGIN (YoY)",
      "detail": "YoY Incr OPM: +697.4% vs year-ago OPM: +42.1%",
      "severity": "HIGH"
    },
    {
      "quarter": "2022-03 (Q1)",
      "signal": "FCF MARGIN EXPANSION",
      "detail": "FCF margin: +46.5% -> +64.6% (+18.1%)",
      "severity": "MEDIUM"
    },
    {
      "quarter": "2022-03 (Q1)",
      "signal": "INCREMENTAL MARGIN (YoY)",
      "detail": "YoY Incr OPM: +283.5% vs year-ago OPM: +44.5%",
      "severity": "HIGH"
    },
    {
      "quarter": "2021-12 (Q4)",
      "signal": "FCF MARGIN EXPANSION",
      "detail": "FCF margin: +24.2% -> +46.5% (+22.3%)",
      "severity": "MEDIUM"
    }
  ],
  "data_quality": {
    "n_quarters": 20,
    "coverage": {
      "revenue": [
        20,
        20
      ],
      "gross_profit": [
        20,
        20
      ],
      "op_income": [
        20,
        20
      ],
      "fcf": [
        20,
        20
      ]
    },
    "gaps": [],
    "warnings": []
  },
  "market_cap": null,
  "source": "SEC EDGAR",
  "last_updated": "2026-02-02T22:17:55.136553"
}