{
  "ticker": "EML",
  "name": "THE EASTERN COMPANY",
  "quarters": [
    {
      "date": "2021-07-03T00:00:00",
      "quarter_label": "2021-07 (Q3)",
      "revenue": 61247592,
      "gross_profit": 13976602,
      "operating_income": 3512685,
      "net_income": -4473774,
      "opex": 10463917,
      "cogs": 47270990,
      "rd": 1088380,
      "sga": 9375537,
      "fcf": 1275266,
      "ocf": 2166111,
      "capex": -890845,
      "gross_margin": 0.2281983918649406,
      "op_margin": 0.05735221394499885,
      "fcf_margin": 0.02082148796968214
    },
    {
      "date": "2021-10-02T00:00:00",
      "quarter_label": "2021-10 (Q4)",
      "revenue": 63876906,
      "gross_profit": 15215532,
      "operating_income": 4812025,
      "net_income": 5961528,
      "opex": 10403507,
      "cogs": 48661374,
      "rd": 962924,
      "sga": 9440583,
      "fcf": -7887172,
      "ocf": -7584616,
      "capex": -302556,
      "gross_margin": 0.23820082957681138,
      "op_margin": 0.07533278145939003,
      "fcf_margin": -0.12347454649728964,
      "op_leverage_ratio": Infinity,
      "fcf_margin_change": -0.14429603446697178
    },
    {
      "date": "2021-12-31T00:00:00",
      "quarter_label": "2021-12 (Q4)",
      "revenue": 59624893,
      "gross_profit": null,
      "operating_income": null,
      "net_income": null,
      "opex": null,
      "cogs": null,
      "rd": null,
      "sga": null,
      "fcf": null,
      "ocf": null,
      "capex": null,
      "gross_margin": null,
      "op_margin": null,
      "fcf_margin": null
    },
    {
      "date": "2022-01-01T00:00:00",
      "quarter_label": "2022-01 (Q1)",
      "revenue": 59624893,
      "gross_profit": 12064810,
      "operating_income": 3574763,
      "net_income": 2006151,
      "opex": 8490047,
      "cogs": 47560083,
      "rd": 1032533,
      "sga": 7457514,
      "fcf": -6045800,
      "ocf": -4438975,
      "capex": -1606825,
      "gross_margin": 0.20234518492133813,
      "op_margin": 0.05995420402683155,
      "fcf_margin": -0.10139724695187294
    },
    {
      "date": "2022-04-02T00:00:00",
      "quarter_label": "2022-04 (Q2)",
      "revenue": 69014648,
      "gross_profit": 14575680,
      "operating_income": 3513058,
      "net_income": 3030438,
      "opex": 11062622,
      "cogs": 54438968,
      "rd": 1197008,
      "sga": 9865614,
      "fcf": -4128524,
      "ocf": -3556477,
      "capex": -572047,
      "gross_margin": 0.21119690417025672,
      "op_margin": 0.050903077850951294,
      "fcf_margin": -0.05982098177186965,
      "op_leverage_ratio": 0.5197191237608613,
      "fcf_margin_change": 0.04157626518000329
    },
    {
      "date": "2022-07-02T00:00:00",
      "quarter_label": "2022-07 (Q3)",
      "revenue": 69540054,
      "gross_profit": 15987822,
      "operating_income": 4886643,
      "net_income": 4036615,
      "opex": 11101179,
      "cogs": 53552232,
      "rd": 959364,
      "sga": 10141815,
      "fcf": 484934,
      "ocf": 1053615,
      "capex": -568681,
      "gross_margin": 0.2299081044717049,
      "op_margin": 0.07027091178272597,
      "fcf_margin": 0.006973448712018544,
      "incr_op_margin_yoy": 0.16568758470041828,
      "rev_growth_yoy": 0.13539245755163729,
      "fcf_margin_change": 0.0667944304838882
    },
    {
      "date": "2022-10-01T00:00:00",
      "quarter_label": "2022-10 (Q4)",
      "revenue": 71636746,
      "gross_profit": 16580586,
      "operating_income": 5446942,
      "net_income": 4858579,
      "opex": 11133644,
      "cogs": 55056160,
      "rd": 1011961,
      "sga": 10121683,
      "fcf": 1584946,
      "ocf": 2178771,
      "capex": -593825,
      "gross_margin": 0.2314536453121419,
      "op_margin": 0.07603558654101905,
      "fcf_margin": 0.022124762618335566,
      "incr_op_margin_yoy": 0.08182088805954763,
      "rev_growth_yoy": 0.12148115001061573,
      "rev_growth_yoy_accel": -0.013911307541021559,
      "op_leverage_ratio": 10.309872934342849,
      "fcf_margin_change": 0.015151313906317021
    },
    {
      "date": "2022-12-31T00:00:00",
      "quarter_label": "2022-12 (Q4)",
      "revenue": 69073698,
      "gross_profit": 11472158,
      "operating_income": 319675,
      "net_income": 376286,
      "opex": 11152483,
      "cogs": 57601540,
      "rd": 1072878,
      "sga": 9379737,
      "fcf": 6021396,
      "ocf": 7652437,
      "capex": -1631041,
      "gross_margin": 0.1660857653806229,
      "op_margin": 0.004628027878281542,
      "fcf_margin": 0.0871734998175427,
      "rev_growth_yoy": 0.15847080849268777,
      "rev_growth_yoy_accel": 0.036989658482072044,
      "fcf_margin_change": 0.06504873719920713
    },
    {
      "date": "2023-04-01T00:00:00",
      "quarter_label": "2023-04 (Q2)",
      "revenue": 72495367,
      "gross_profit": 15497699,
      "operating_income": 2158863,
      "net_income": 607313,
      "opex": 13338836,
      "cogs": 56997668,
      "rd": 1401199,
      "sga": 11937637,
      "fcf": 5709053,
      "ocf": 6860258,
      "capex": -1151205,
      "gross_margin": 0.21377502647858862,
      "op_margin": 0.029779323691126357,
      "fcf_margin": 0.07875059105501184,
      "incr_op_margin_yoy": -0.38905611168267246,
      "rev_growth_yoy": 0.05043449616666885,
      "rev_growth_yoy_accel": -0.10803631232601893,
      "op_leverage_ratio": 0.2526833202240895,
      "fcf_margin_change": -0.008422908762530865
    },
    {
      "date": "2023-07-01T00:00:00",
      "quarter_label": "2023-07 (Q3)",
      "revenue": 68337790,
      "gross_profit": 15147842,
      "operating_income": 2427695,
      "net_income": 1399207,
      "opex": 12720147,
      "cogs": 53189948,
      "rd": 1431110,
      "sga": 11289037,
      "fcf": 5870618,
      "ocf": 6698197,
      "capex": -827579,
      "gross_margin": 0.2216612799448153,
      "op_margin": 0.035524926984030356,
      "fcf_margin": 0.08590588018722876,
      "incr_op_margin_yoy": 2.045264600786516,
      "rev_growth_yoy": -0.017288798769123762,
      "rev_growth_yoy_accel": -0.06772329493579261,
      "fcf_margin_change": 0.007155289132216927
    },
    {
      "date": "2023-09-28T00:00:00",
      "quarter_label": "2023-09 (Q3)",
      "revenue": 62001347,
      "gross_profit": 15444395,
      "operating_income": 5567073,
      "net_income": 3061958,
      "opex": 9877322,
      "cogs": 46556952,
      "rd": 1425159,
      "sga": 8452163,
      "fcf": null,
      "ocf": null,
      "capex": null,
      "gross_margin": 0.24909773331214885,
      "op_margin": 0.08978954924963163,
      "fcf_margin": null,
      "incr_op_margin_yoy": -0.012467672589375905,
      "rev_growth_yoy": -0.13450358284001343,
      "rev_growth_yoy_accel": -0.11721478407088967
    },
    {
      "date": "2023-09-30T00:00:00",
      "quarter_label": "2023-09 (Q3)",
      "revenue": 65635680,
      "gross_profit": 16375367,
      "operating_income": 5249866,
      "net_income": 3061959,
      "opex": 11125501,
      "cogs": 49260313,
      "rd": 1425159,
      "sga": 9700342,
      "fcf": 2487395,
      "ocf": 4598316,
      "capex": -2110921,
      "gross_margin": 0.2494887993847249,
      "op_margin": 0.07998494111739225,
      "fcf_margin": 0.03789699443960968,
      "incr_op_margin_yoy": 0.03284016539728108,
      "rev_growth_yoy": -0.08377077875647786,
      "rev_growth_yoy_accel": 0.050732804083535574,
      "op_leverage_ratio": 0.46385894211365547
    },
    {
      "date": "2023-12-30T00:00:00",
      "quarter_label": "2023-12 (Q4)",
      "revenue": 78392796,
      "gross_profit": 20262672,
      "operating_income": 3801762,
      "net_income": 3516522,
      "opex": 16460910,
      "cogs": 58130124,
      "rd": 1334887,
      "sga": 15126023,
      "fcf": 5931877,
      "ocf": 7387086,
      "capex": -1455209,
      "gross_margin": 0.25847619977733666,
      "op_margin": 0.04849631846273221,
      "fcf_margin": 0.07566864945090107,
      "incr_op_margin_yoy": 0.3736506473051362,
      "rev_growth_yoy": 0.13491529004281774,
      "rev_growth_yoy_accel": 0.21868606879929559,
      "op_leverage_ratio": 0.4052885884407215,
      "fcf_margin_change": 0.03777165501129139
    },
    {
      "date": "2024-03-30T00:00:00",
      "quarter_label": "2024-03 (Q1)",
      "revenue": 67929087,
      "gross_profit": 16196099,
      "operating_income": 3337344,
      "net_income": 1947572,
      "opex": 12858755,
      "cogs": 51732988,
      "rd": 1359797,
      "sga": 11498958,
      "fcf": 1071167,
      "ocf": 2782727,
      "capex": -1711560,
      "gross_margin": 0.2384265668107684,
      "op_margin": 0.049129822692891484,
      "fcf_margin": 0.015768900294508597,
      "incr_op_margin_yoy": -0.2580833851625393,
      "rev_growth_yoy": -0.06298719751291142,
      "rev_growth_yoy_accel": -0.19790248755572915,
      "fcf_margin_change": -0.05989974915639247
    },
    {
      "date": "2024-06-29T00:00:00",
      "quarter_label": "2024-06 (Q2)",
      "revenue": 73151889,
      "gross_profit": 18210553,
      "operating_income": 5372117,
      "net_income": 3507872,
      "opex": 12838436,
      "cogs": 54941336,
      "rd": 1301487,
      "sga": 11536949,
      "fcf": 7310895,
      "ocf": 8434312,
      "capex": -1123417,
      "gross_margin": 0.2489416643772521,
      "op_margin": 0.07343784382656202,
      "fcf_margin": 0.09994130158416005,
      "incr_op_margin_yoy": 0.6116247297780956,
      "rev_growth_yoy": 0.07044563483835226,
      "rev_growth_yoy_accel": 0.13343283235126369,
      "op_leverage_ratio": Infinity,
      "fcf_margin_change": 0.08417240128965145
    },
    {
      "date": "2024-09-28T00:00:00",
      "quarter_label": "2024-09 (Q3)",
      "revenue": 71274757,
      "gross_profit": 18189670,
      "operating_income": 6794952,
      "net_income": -15297445,
      "opex": 11394718,
      "cogs": 53085087,
      "rd": 1077930,
      "sga": 10316788,
      "fcf": -7668375,
      "ocf": -2869087,
      "capex": -4799288,
      "gross_margin": 0.2552049388256771,
      "op_margin": 0.09533462176517837,
      "fcf_margin": -0.10758893222182433,
      "incr_op_margin_yoy": 0.27399625860757,
      "rev_growth_yoy": 0.08591481035924363,
      "rev_growth_yoy_accel": 0.015469175520891373,
      "fcf_margin_change": -0.2075302338059844
    },
    {
      "date": "2024-12-28T00:00:00",
      "quarter_label": "2024-12 (Q4)",
      "revenue": 66683477,
      "gross_profit": 15360650,
      "operating_income": 2995730,
      "net_income": 1312783,
      "opex": 12364920,
      "cogs": 51322827,
      "rd": 1149282,
      "sga": 11215638,
      "fcf": 8962690,
      "ocf": 11038098,
      "capex": -2075408,
      "gross_margin": 0.23035166567574153,
      "op_margin": 0.04492462203193154,
      "fcf_margin": 0.13440645873939658,
      "incr_op_margin_yoy": 0.06883679571800888,
      "rev_growth_yoy": -0.14936728369785407,
      "rev_growth_yoy_accel": -0.2352820940570977,
      "fcf_margin_change": 0.2419953909612209
    },
    {
      "date": "2025-03-29T00:00:00",
      "quarter_label": "2025-03 (Q1)",
      "revenue": 63312774,
      "gross_profit": 14187472,
      "operating_income": 3231165,
      "net_income": 1943689,
      "opex": 10956307,
      "cogs": 49125302,
      "rd": 1109186,
      "sga": 9847121,
      "fcf": -2697580,
      "ocf": -1848184,
      "capex": -849396,
      "gross_margin": 0.22408545864693907,
      "op_margin": 0.0510349617598496,
      "fcf_margin": -0.04260719961504135,
      "incr_op_margin_yoy": 0.023000823384376232,
      "rev_growth_yoy": -0.06795782490054665,
      "rev_growth_yoy_accel": 0.08140945879730742,
      "fcf_margin_change": -0.17701365835443794
    },
    {
      "date": "2025-06-28T00:00:00",
      "quarter_label": "2025-06 (Q2)",
      "revenue": 70164086,
      "gross_profit": 16362902,
      "operating_income": 3142450,
      "net_income": 3440167,
      "opex": 13220452,
      "cogs": 53801184,
      "rd": 1031716,
      "sga": 12188736,
      "fcf": 3008108,
      "ocf": 3757692,
      "capex": -749584,
      "gross_margin": 0.23320908078243904,
      "op_margin": 0.044787157920078945,
      "fcf_margin": 0.04287247467315401,
      "incr_op_margin_yoy": 0.7462563629529791,
      "rev_growth_yoy": -0.04084382564611558,
      "rev_growth_yoy_accel": 0.027113999254431073,
      "op_leverage_ratio": 0.5236515090369561,
      "fcf_margin_change": 0.08547967428819536
    },
    {
      "date": "2025-09-27T00:00:00",
      "quarter_label": "2025-09 (Q3)",
      "revenue": 55336452,
      "gross_profit": 12365440,
      "operating_income": 1722713,
      "net_income": 578936,
      "opex": 10642727,
      "cogs": 42971012,
      "rd": 995771,
      "sga": 9646956,
      "fcf": 3066901,
      "ocf": 3111806,
      "capex": -44905,
      "gross_margin": 0.2234592127446118,
      "op_margin": 0.03113161284716989,
      "fcf_margin": 0.05542279797772362,
      "incr_op_margin_yoy": 0.31824205898933416,
      "rev_growth_yoy": -0.22361780903721637,
      "rev_growth_yoy_accel": -0.1827739833911008,
      "fcf_margin_change": 0.012550323304569608
    }
  ],
  "signals": [
    {
      "quarter": "2025-09 (Q3)",
      "signal": "YoY REVENUE GROWTH DECELERATION",
      "detail": "YoY growth: -22.4% vs prior quarter YoY: -4.1% (decel: -18.3%)",
      "severity": "WARNING"
    },
    {
      "quarter": "2025-09 (Q3)",
      "signal": "INCREMENTAL MARGIN (YoY)",
      "detail": "YoY Incr OPM: +31.8% vs year-ago OPM: +9.5%",
      "severity": "HIGH"
    },
    {
      "quarter": "2025-06 (Q2)",
      "signal": "FCF TURNED POSITIVE",
      "detail": "FCF margin: -4.3% -> +4.3%",
      "severity": "HIGH"
    },
    {
      "quarter": "2025-06 (Q2)",
      "signal": "INCREMENTAL MARGIN (YoY)",
      "detail": "YoY Incr OPM: +74.6% vs year-ago OPM: +7.3%",
      "severity": "HIGH"
    },
    {
      "quarter": "2025-03 (Q1)",
      "signal": "YoY REVENUE GROWTH ACCELERATION",
      "detail": "YoY growth: -6.8% vs prior quarter YoY: -14.9% (accel: +8.1%)",
      "severity": "MEDIUM"
    },
    {
      "quarter": "2024-12 (Q4)",
      "signal": "FCF TURNED POSITIVE",
      "detail": "FCF margin: -10.8% -> +13.4%",
      "severity": "HIGH"
    },
    {
      "quarter": "2024-12 (Q4)",
      "signal": "YoY REVENUE GROWTH DECELERATION",
      "detail": "YoY growth: -14.9% vs prior quarter YoY: +8.6% (decel: -23.5%)",
      "severity": "WARNING"
    },
    {
      "quarter": "2024-09 (Q3)",
      "signal": "INCREMENTAL MARGIN (YoY)",
      "detail": "YoY Incr OPM: +27.4% vs year-ago OPM: +8.0%",
      "severity": "MEDIUM"
    },
    {
      "quarter": "2024-06 (Q2)",
      "signal": "FCF MARGIN EXPANSION",
      "detail": "FCF margin: +1.6% -> +10.0% (+8.4%)",
      "severity": "MEDIUM"
    },
    {
      "quarter": "2024-06 (Q2)",
      "signal": "YoY REVENUE GROWTH ACCELERATION",
      "detail": "YoY growth: +7.0% vs prior quarter YoY: -6.3% (accel: +13.3%)",
      "severity": "MEDIUM"
    },
    {
      "quarter": "2024-06 (Q2)",
      "signal": "INCREMENTAL MARGIN (YoY)",
      "detail": "YoY Incr OPM: +61.2% vs year-ago OPM: +3.6%",
      "severity": "HIGH"
    },
    {
      "quarter": "2024-03 (Q1)",
      "signal": "YoY REVENUE GROWTH DECELERATION",
      "detail": "YoY growth: -6.3% vs prior quarter YoY: +13.5% (decel: -19.8%)",
      "severity": "WARNING"
    },
    {
      "quarter": "2023-12 (Q4)",
      "signal": "YoY REVENUE GROWTH ACCELERATION",
      "detail": "YoY growth: +13.5% vs prior quarter YoY: -8.4% (accel: +21.9%)",
      "severity": "HIGH"
    },
    {
      "quarter": "2023-12 (Q4)",
      "signal": "INCREMENTAL MARGIN (YoY)",
      "detail": "YoY Incr OPM: +37.4% vs year-ago OPM: +0.5%",
      "severity": "HIGH"
    },
    {
      "quarter": "2023-09 (Q3)",
      "signal": "YoY REVENUE GROWTH ACCELERATION",
      "detail": "YoY growth: -8.4% vs prior quarter YoY: -13.5% (accel: +5.1%)",
      "severity": "MEDIUM"
    },
    {
      "quarter": "2023-09 (Q3)",
      "signal": "YoY REVENUE GROWTH DECELERATION",
      "detail": "YoY growth: -13.5% vs prior quarter YoY: -1.7% (decel: -11.7%)",
      "severity": "WARNING"
    },
    {
      "quarter": "2023-07 (Q3)",
      "signal": "YoY REVENUE GROWTH DECELERATION",
      "detail": "YoY growth: -1.7% vs prior quarter YoY: +5.0% (decel: -6.8%)",
      "severity": "WARNING"
    },
    {
      "quarter": "2023-07 (Q3)",
      "signal": "INCREMENTAL MARGIN (YoY)",
      "detail": "YoY Incr OPM: +204.5% vs year-ago OPM: +7.0%",
      "severity": "HIGH"
    },
    {
      "quarter": "2023-04 (Q2)",
      "signal": "GROSS MARGIN INFLECTION",
      "detail": "GM: +23.1% -> +16.6% -> +21.4% (reversal +4.8%)",
      "severity": "MEDIUM"
    },
    {
      "quarter": "2023-04 (Q2)",
      "signal": "YoY REVENUE GROWTH DECELERATION",
      "detail": "YoY growth: +5.0% vs prior quarter YoY: +15.8% (decel: -10.8%)",
      "severity": "WARNING"
    },
    {
      "quarter": "2022-12 (Q4)",
      "signal": "FCF MARGIN EXPANSION",
      "detail": "FCF margin: +2.2% -> +8.7% (+6.5%)",
      "severity": "MEDIUM"
    },
    {
      "quarter": "2022-10 (Q4)",
      "signal": "OPERATING LEVERAGE",
      "detail": "Rev growth +3.0% vs OpEx growth +0.3% (leverage: 10.3x)",
      "severity": "MEDIUM"
    },
    {
      "quarter": "2022-07 (Q3)",
      "signal": "FCF TURNED POSITIVE",
      "detail": "FCF margin: -6.0% -> +0.7%",
      "severity": "HIGH"
    },
    {
      "quarter": "2022-07 (Q3)",
      "signal": "INCREMENTAL MARGIN (YoY)",
      "detail": "YoY Incr OPM: +16.6% vs year-ago OPM: +5.7%",
      "severity": "MEDIUM"
    }
  ],
  "data_quality": {
    "n_quarters": 20,
    "coverage": {
      "revenue": [
        20,
        20
      ],
      "gross_profit": [
        19,
        20
      ],
      "op_income": [
        19,
        20
      ],
      "fcf": [
        18,
        20
      ]
    },
    "gaps": [],
    "warnings": []
  },
  "market_cap": null,
  "source": "SEC EDGAR",
  "last_updated": "2026-02-02T23:19:06.955895"
}