{
  "ticker": "ENOV",
  "name": "Enovis Corporation",
  "quarters": [
    {
      "date": "2020-12-31T00:00:00",
      "quarter_label": "2020-12 (Q4)",
      "revenue": 828122000,
      "gross_profit": 354685000,
      "operating_income": 58444000,
      "net_income": null,
      "opex": 296241000,
      "cogs": 473437000,
      "rd": -15132000,
      "sga": 281417000,
      "fcf": 95600000,
      "ocf": 128802000,
      "capex": -33202000,
      "gross_margin": 0.4283004195034065,
      "op_margin": 0.07057414245727078,
      "fcf_margin": 0.11544192763868126
    },
    {
      "date": "2021-04-02T00:00:00",
      "quarter_label": "2021-04 (Q2)",
      "revenue": 879211000,
      "gross_profit": 371077000,
      "operating_income": 61307000,
      "net_income": null,
      "opex": 309770000,
      "cogs": 508134000,
      "rd": 19900000,
      "sga": 305724000,
      "fcf": 59845000,
      "ocf": 84382000,
      "capex": -24537000,
      "gross_margin": 0.4220568214000962,
      "op_margin": 0.06972956434803478,
      "fcf_margin": 0.06806670981141046,
      "op_leverage_ratio": 1.3508668614095667,
      "fcf_margin_change": -0.047375217827270805
    },
    {
      "date": "2021-07-02T00:00:00",
      "quarter_label": "2021-07 (Q3)",
      "revenue": 985928000,
      "gross_profit": 418984000,
      "operating_income": 75941000,
      "net_income": 28642000,
      "opex": 343043000,
      "cogs": 566944000,
      "rd": 21300000,
      "sga": 337563000,
      "fcf": 58266000,
      "ocf": 78370000,
      "capex": -20104000,
      "gross_margin": 0.4249640947411981,
      "op_margin": 0.0770248943127693,
      "fcf_margin": 0.059097621733027156,
      "op_leverage_ratio": 1.1300245812167475,
      "fcf_margin_change": -0.0089690880783833
    },
    {
      "date": "2021-10-01T00:00:00",
      "quarter_label": "2021-10 (Q4)",
      "revenue": 965891000,
      "gross_profit": 404871000,
      "operating_income": 63990000,
      "net_income": 25848000,
      "opex": 340881000,
      "cogs": 561020000,
      "rd": 20200000,
      "sga": 334424000,
      "fcf": 68177000,
      "ocf": 97131000,
      "capex": -28954000,
      "gross_margin": 0.4191684154837347,
      "op_margin": 0.06624971140635952,
      "fcf_margin": 0.0705845690662818,
      "fcf_margin_change": 0.011486947333254643
    },
    {
      "date": "2021-12-31T00:00:00",
      "quarter_label": "2021-12 (Q4)",
      "revenue": 399058000,
      "gross_profit": 207924000,
      "operating_income": 55405000,
      "net_income": -1907000,
      "opex": 152519000,
      "cogs": 604547000,
      "rd": -12306000,
      "sga": 351665000,
      "fcf": 65574000,
      "ocf": 96216000,
      "capex": -30642000,
      "gross_margin": 0.5210370422344621,
      "op_margin": 0.13883946694465465,
      "fcf_margin": 0.16432197825879946,
      "incr_op_margin_yoy": 0.007082859433557698,
      "rev_growth_yoy": -0.5181168958196981,
      "fcf_margin_change": 0.09373740919251766
    },
    {
      "date": "2022-04-01T00:00:00",
      "quarter_label": "2022-04 (Q2)",
      "revenue": 1023368000,
      "gross_profit": 430231000,
      "operating_income": 53118000,
      "net_income": 15068000,
      "opex": 377113000,
      "cogs": 593137000,
      "rd": 24400000,
      "sga": 369390000,
      "fcf": -38512000,
      "ocf": -14423000,
      "capex": -24089000,
      "gross_margin": 0.42040693084012787,
      "op_margin": 0.051905082042823306,
      "fcf_margin": -0.037632601371158765,
      "incr_op_margin_yoy": -0.05680612110407403,
      "rev_growth_yoy": 0.16396177936809253,
      "rev_growth_yoy_accel": 0.6820786751877906,
      "op_leverage_ratio": 1.062404909432931,
      "fcf_margin_change": -0.20195457962995822
    },
    {
      "date": "2022-07-01T00:00:00",
      "quarter_label": "2022-07 (Q3)",
      "revenue": 395117000,
      "gross_profit": 215906000,
      "operating_income": 5553000,
      "net_income": 76855000,
      "opex": 210353000,
      "cogs": 179211000,
      "rd": 15661000,
      "sga": 225481000,
      "fcf": -48597000,
      "ocf": -24890000,
      "capex": -23707000,
      "gross_margin": 0.5464356127425547,
      "op_margin": 0.014054064998468807,
      "fcf_margin": -0.12299394862787479,
      "incr_op_margin_yoy": 0.11913793074265713,
      "rev_growth_yoy": -0.5992435553103269,
      "rev_growth_yoy_accel": -0.7632053346784194,
      "fcf_margin_change": -0.08536134725671601
    },
    {
      "date": "2022-09-30T00:00:00",
      "quarter_label": "2022-09 (Q3)",
      "revenue": 383814000,
      "gross_profit": 215824000,
      "operating_income": -17919000,
      "net_income": -66612000,
      "opex": 233743000,
      "cogs": 167990000,
      "rd": 15599000,
      "sga": 182187000,
      "fcf": -1462000,
      "ocf": 19410000,
      "capex": -20872000,
      "gross_margin": 0.5623140375285945,
      "op_margin": -0.046686676358861326,
      "fcf_margin": -0.0038091367172640913,
      "incr_op_margin_yoy": 0.1407184960065421,
      "rev_growth_yoy": -0.6026321810639089,
      "rev_growth_yoy_accel": -0.0033886257535820086,
      "fcf_margin_change": 0.1191848119106107
    },
    {
      "date": "2022-12-31T00:00:00",
      "quarter_label": "2022-12 (Q4)",
      "revenue": 408713000,
      "gross_profit": 231753000,
      "operating_income": -28185000,
      "net_income": -38603000,
      "opex": 259938000,
      "cogs": 176960000,
      "rd": 14725000,
      "sga": 208589000,
      "fcf": -72740000,
      "ocf": -35958000,
      "capex": -36782000,
      "gross_margin": 0.5670311441035641,
      "op_margin": -0.06896037072468945,
      "fcf_margin": -0.17797329666538622,
      "incr_op_margin_yoy": -8.657690315898499,
      "rev_growth_yoy": 0.024194477995679826,
      "rev_growth_yoy_accel": 0.6268266590595888,
      "op_leverage_ratio": 0.5788703483521193,
      "fcf_margin_change": -0.17416415994812212
    },
    {
      "date": "2023-03-31T00:00:00",
      "quarter_label": "2023-03 (Q1)",
      "revenue": 406151000,
      "gross_profit": 235065000,
      "operating_income": -24968000,
      "net_income": -23350000,
      "opex": 260033000,
      "cogs": 171086000,
      "rd": 18193000,
      "sga": 207165000,
      "fcf": -22986000,
      "ocf": 7457000,
      "capex": -30443000,
      "gross_margin": 0.5787625784498869,
      "op_margin": -0.06147467321267214,
      "fcf_margin": -0.056594714773569435,
      "incr_op_margin_yoy": 0.12651304160449242,
      "rev_growth_yoy": -0.6031232166727902,
      "rev_growth_yoy_accel": -0.6273176946684701,
      "fcf_margin_change": 0.12137858189181679
    },
    {
      "date": "2023-06-30T00:00:00",
      "quarter_label": "2023-06 (Q2)",
      "revenue": 428502000,
      "gross_profit": 248359000,
      "operating_income": -14494000,
      "net_income": -9995000,
      "opex": 262853000,
      "cogs": 180143000,
      "rd": 18918000,
      "sga": 207881000,
      "fcf": -8702000,
      "ocf": 28103000,
      "capex": -36805000,
      "gross_margin": 0.5795982282463092,
      "op_margin": -0.033824812953031726,
      "fcf_margin": -0.020307956555628677,
      "incr_op_margin_yoy": -0.6004792571514153,
      "rev_growth_yoy": 0.08449396001690639,
      "rev_growth_yoy_accel": 0.6876171766896966,
      "op_leverage_ratio": 5.0744478056417925,
      "fcf_margin_change": 0.03628675821794076
    },
    {
      "date": "2023-09-29T00:00:00",
      "quarter_label": "2023-09 (Q3)",
      "revenue": 417524000,
      "gross_profit": 242966000,
      "operating_income": -20492000,
      "net_income": -2880000,
      "opex": 263458000,
      "cogs": 174558000,
      "rd": 19901000,
      "sga": 204248000,
      "fcf": 3982000,
      "ocf": 31013000,
      "capex": -27031000,
      "gross_margin": 0.5819210392695989,
      "op_margin": -0.049079813375997546,
      "fcf_margin": 0.009537176306032707,
      "incr_op_margin_yoy": -0.0763274992583803,
      "rev_growth_yoy": 0.08782900050545316,
      "rev_growth_yoy_accel": 0.00333504048854677,
      "fcf_margin_change": 0.029845132861661385
    },
    {
      "date": "2023-12-31T00:00:00",
      "quarter_label": "2023-12 (Q4)",
      "revenue": 455020000,
      "gross_profit": 264389000,
      "operating_income": -5755000,
      "net_income": 2964000,
      "opex": 270144000,
      "cogs": 190631000,
      "rd": 18319000,
      "sga": 211011000,
      "fcf": 40471000,
      "ocf": 68415000,
      "capex": -27944000,
      "gross_margin": 0.5810491846512241,
      "op_margin": -0.012647795701287856,
      "fcf_margin": 0.08894334314975166,
      "incr_op_margin_yoy": 0.4843760122659641,
      "rev_growth_yoy": 0.11329955249771845,
      "rev_growth_yoy_accel": 0.025470551992265292,
      "op_leverage_ratio": 3.538738852946348,
      "fcf_margin_change": 0.07940616684371896
    },
    {
      "date": "2024-03-29T00:00:00",
      "quarter_label": "2024-03 (Q1)",
      "revenue": 516266000,
      "gross_profit": 297896000,
      "operating_income": -35014000,
      "net_income": -71998000,
      "opex": 332910000,
      "cogs": 218370000,
      "rd": 23377000,
      "sga": 255691000,
      "fcf": -73084000,
      "ocf": -36156000,
      "capex": -36928000,
      "gross_margin": 0.5770203732184571,
      "op_margin": -0.06782162683577846,
      "fcf_margin": -0.14156268280305115,
      "incr_op_margin_yoy": -0.09123189392907415,
      "rev_growth_yoy": 0.27111837715529447,
      "rev_growth_yoy_accel": 0.15781882465757602,
      "op_leverage_ratio": 0.5793194605147683,
      "fcf_margin_change": -0.2305060259528028
    },
    {
      "date": "2024-06-28T00:00:00",
      "quarter_label": "2024-06 (Q2)",
      "revenue": 525160000,
      "gross_profit": 288883000,
      "operating_income": -44219000,
      "net_income": -18638000,
      "opex": 333102000,
      "cogs": 236277000,
      "rd": 23479000,
      "sga": 264100000,
      "fcf": -31632000,
      "ocf": 7773000,
      "capex": -39405000,
      "gross_margin": 0.550085688171224,
      "op_margin": -0.0842010054078757,
      "fcf_margin": -0.060233071825729304,
      "incr_op_margin_yoy": -0.3075275714374392,
      "rev_growth_yoy": 0.22557187597724165,
      "rev_growth_yoy_accel": -0.04554650117805281,
      "op_leverage_ratio": Infinity,
      "fcf_margin_change": 0.08132961097732185
    },
    {
      "date": "2024-09-27T00:00:00",
      "quarter_label": "2024-09 (Q3)",
      "revenue": 505222000,
      "gross_profit": 286459000,
      "operating_income": -31737000,
      "net_income": -31521000,
      "opex": 318196000,
      "cogs": 218763000,
      "rd": 20491000,
      "sga": 249854000,
      "fcf": 2368000,
      "ocf": 53557000,
      "capex": -51189000,
      "gross_margin": 0.5669962907395165,
      "op_margin": -0.06281792954384409,
      "fcf_margin": 0.004687048465822945,
      "incr_op_margin_yoy": -0.12822413281944856,
      "rev_growth_yoy": 0.21004301549132504,
      "rev_growth_yoy_accel": -0.015528860485916618,
      "fcf_margin_change": 0.06492012029155225
    },
    {
      "date": "2024-12-31T00:00:00",
      "quarter_label": "2024-12 (Q4)",
      "revenue": 560975000,
      "gross_profit": 307518000,
      "operating_income": -664749000,
      "net_income": -703337000,
      "opex": 972267000,
      "cogs": 253457000,
      "rd": 23951000,
      "sga": 257709000,
      "fcf": 35138000,
      "ocf": 88330000,
      "capex": -53192000,
      "gross_margin": 0.5481848567226704,
      "op_margin": -1.1849886358572128,
      "fcf_margin": 0.06263737243192656,
      "incr_op_margin_yoy": -6.219564909631448,
      "rev_growth_yoy": 0.23285789635620413,
      "rev_growth_yoy_accel": 0.022814880864879095,
      "op_leverage_ratio": 0.05368535254346731,
      "fcf_margin_change": 0.05795032396610361
    },
    {
      "date": "2025-04-04T00:00:00",
      "quarter_label": "2025-04 (Q2)",
      "revenue": 558834000,
      "gross_profit": 332229000,
      "operating_income": -46769000,
      "net_income": -55966000,
      "opex": 378998000,
      "cogs": 226605000,
      "rd": 28528000,
      "sga": 269019000,
      "fcf": -44858000,
      "ocf": -1596000,
      "capex": -43262000,
      "gross_margin": 0.5945039135056206,
      "op_margin": -0.08369032664440604,
      "fcf_margin": -0.0802707065067623,
      "incr_op_margin_yoy": -0.27614640105243377,
      "rev_growth_yoy": 0.08245361887089214,
      "rev_growth_yoy_accel": -0.150404277485312,
      "fcf_margin_change": -0.14290807893868884
    },
    {
      "date": "2025-07-04T00:00:00",
      "quarter_label": "2025-07 (Q3)",
      "revenue": 564545000,
      "gross_profit": 334697000,
      "operating_income": -16796000,
      "net_income": -36739000,
      "opex": 351493000,
      "cogs": 229848000,
      "rd": 30700000,
      "sga": 267074000,
      "fcf": 3400000,
      "ocf": 47769000,
      "capex": -44369000,
      "gross_margin": 0.5928615079400225,
      "op_margin": -0.029751392714486888,
      "fcf_margin": 0.006022549132487225,
      "incr_op_margin_yoy": 0.6962803097626,
      "rev_growth_yoy": 0.07499619163683449,
      "rev_growth_yoy_accel": -0.007457427234057651,
      "op_leverage_ratio": Infinity,
      "fcf_margin_change": 0.08629325563924953
    },
    {
      "date": "2025-10-03T00:00:00",
      "quarter_label": "2025-10 (Q4)",
      "revenue": 548912000,
      "gross_profit": 328913000,
      "operating_income": -558488000,
      "net_income": -571146000,
      "opex": 887401000,
      "cogs": 219999000,
      "rd": 29739000,
      "sga": 263621000,
      "fcf": 29085000,
      "ocf": 82576000,
      "capex": -53491000,
      "gross_margin": 0.5992089806744979,
      "op_margin": -1.0174454193021831,
      "fcf_margin": 0.05298663538053459,
      "incr_op_margin_yoy": -12.056557564660105,
      "rev_growth_yoy": 0.0864768359255931,
      "rev_growth_yoy_accel": 0.011480644288758612,
      "fcf_margin_change": 0.04696408624804736
    }
  ],
  "signals": [
    {
      "quarter": "2025-07 (Q3)",
      "signal": "FCF TURNED POSITIVE",
      "detail": "FCF margin: -8.0% -> +0.6%",
      "severity": "HIGH"
    },
    {
      "quarter": "2025-04 (Q2)",
      "signal": "GROSS MARGIN INFLECTION",
      "detail": "GM: +56.7% -> +54.8% -> +59.5% (reversal +4.6%)",
      "severity": "MEDIUM"
    },
    {
      "quarter": "2025-04 (Q2)",
      "signal": "YoY REVENUE GROWTH DECELERATION",
      "detail": "YoY growth: +8.2% vs prior quarter YoY: +23.3% (decel: -15.0%)",
      "severity": "WARNING"
    },
    {
      "quarter": "2024-12 (Q4)",
      "signal": "FCF MARGIN EXPANSION",
      "detail": "FCF margin: +0.5% -> +6.3% (+5.8%)",
      "severity": "MEDIUM"
    },
    {
      "quarter": "2024-09 (Q3)",
      "signal": "FCF TURNED POSITIVE",
      "detail": "FCF margin: -6.0% -> +0.5%",
      "severity": "HIGH"
    },
    {
      "quarter": "2024-06 (Q2)",
      "signal": "FCF MARGIN EXPANSION",
      "detail": "FCF margin: -14.2% -> -6.0% (+8.1%)",
      "severity": "MEDIUM"
    },
    {
      "quarter": "2024-06 (Q2)",
      "signal": "OPERATING LEVERAGE",
      "detail": "Rev growth +1.7% vs OpEx growth +0.1% (leverage: 29.9x)",
      "severity": "MEDIUM"
    },
    {
      "quarter": "2024-03 (Q1)",
      "signal": "YoY REVENUE GROWTH ACCELERATION",
      "detail": "YoY growth: +27.1% vs prior quarter YoY: +11.3% (accel: +15.8%)",
      "severity": "HIGH"
    },
    {
      "quarter": "2023-12 (Q4)",
      "signal": "FCF MARGIN EXPANSION",
      "detail": "FCF margin: +1.0% -> +8.9% (+7.9%)",
      "severity": "MEDIUM"
    },
    {
      "quarter": "2023-12 (Q4)",
      "signal": "OPERATING LEVERAGE",
      "detail": "Rev growth +9.0% vs OpEx growth +2.5% (leverage: 3.5x)",
      "severity": "MEDIUM"
    },
    {
      "quarter": "2023-09 (Q3)",
      "signal": "FCF TURNED POSITIVE",
      "detail": "FCF margin: -2.0% -> +1.0%",
      "severity": "HIGH"
    },
    {
      "quarter": "2023-06 (Q2)",
      "signal": "OPERATING LEVERAGE",
      "detail": "Rev growth +5.5% vs OpEx growth +1.1% (leverage: 5.1x)",
      "severity": "MEDIUM"
    },
    {
      "quarter": "2023-06 (Q2)",
      "signal": "YoY REVENUE GROWTH ACCELERATION",
      "detail": "YoY growth: +8.4% vs prior quarter YoY: -60.3% (accel: +68.8%)",
      "severity": "HIGH"
    },
    {
      "quarter": "2023-03 (Q1)",
      "signal": "FCF MARGIN EXPANSION",
      "detail": "FCF margin: -17.8% -> -5.7% (+12.1%)",
      "severity": "MEDIUM"
    },
    {
      "quarter": "2023-03 (Q1)",
      "signal": "YoY REVENUE GROWTH DECELERATION",
      "detail": "YoY growth: -60.3% vs prior quarter YoY: +2.4% (decel: -62.7%)",
      "severity": "WARNING"
    },
    {
      "quarter": "2022-12 (Q4)",
      "signal": "YoY REVENUE GROWTH ACCELERATION",
      "detail": "YoY growth: +2.4% vs prior quarter YoY: -60.3% (accel: +62.7%)",
      "severity": "HIGH"
    },
    {
      "quarter": "2022-09 (Q3)",
      "signal": "FCF MARGIN EXPANSION",
      "detail": "FCF margin: -12.3% -> -0.4% (+11.9%)",
      "severity": "MEDIUM"
    },
    {
      "quarter": "2022-07 (Q3)",
      "signal": "GROSS MARGIN INFLECTION",
      "detail": "GM: +52.1% -> +42.0% -> +54.6% (reversal +12.6%)",
      "severity": "HIGH"
    },
    {
      "quarter": "2022-07 (Q3)",
      "signal": "YoY REVENUE GROWTH DECELERATION",
      "detail": "YoY growth: -59.9% vs prior quarter YoY: +16.4% (decel: -76.3%)",
      "severity": "WARNING"
    },
    {
      "quarter": "2022-04 (Q2)",
      "signal": "YoY REVENUE GROWTH ACCELERATION",
      "detail": "YoY growth: +16.4% vs prior quarter YoY: -51.8% (accel: +68.2%)",
      "severity": "HIGH"
    },
    {
      "quarter": "2021-12 (Q4)",
      "signal": "FCF MARGIN EXPANSION",
      "detail": "FCF margin: +7.1% -> +16.4% (+9.4%)",
      "severity": "MEDIUM"
    },
    {
      "quarter": "2021-12 (Q4)",
      "signal": "GROSS MARGIN INFLECTION",
      "detail": "GM: +42.5% -> +41.9% -> +52.1% (reversal +10.2%)",
      "severity": "HIGH"
    }
  ],
  "data_quality": {
    "n_quarters": 20,
    "coverage": {
      "revenue": [
        20,
        20
      ],
      "gross_profit": [
        20,
        20
      ],
      "op_income": [
        20,
        20
      ],
      "fcf": [
        20,
        20
      ]
    },
    "gaps": [],
    "warnings": []
  },
  "market_cap": null,
  "source": "SEC EDGAR",
  "last_updated": "2026-02-02T21:54:37.231734",
  "sector": "Healthcare",
  "industry": "Medical Devices"
}