{
  "ticker": "ENPH",
  "name": "ENPHASE ENERGY, INC.",
  "quarters": [
    {
      "date": "2020-12-31T00:00:00",
      "quarter_label": "2020-12 (Q4)",
      "revenue": 264839000,
      "gross_profit": 121938000,
      "operating_income": 79114000,
      "net_income": 72991000,
      "opex": 42824000,
      "cogs": 142901000,
      "rd": 15801000,
      "sga": null,
      "fcf": 75329000,
      "ocf": 84180000,
      "capex": -8851000,
      "gross_margin": 0.4604231249929202,
      "op_margin": 0.2987248856852654,
      "fcf_margin": 0.2844331839343903
    },
    {
      "date": "2021-03-31T00:00:00",
      "quarter_label": "2021-03 (Q1)",
      "revenue": 301754000,
      "gross_profit": 122949000,
      "operating_income": 61386000,
      "net_income": 31698000,
      "opex": 61563000,
      "cogs": 178805000,
      "rd": 21818000,
      "sga": null,
      "fcf": 65901000,
      "ocf": 75841000,
      "capex": -9940000,
      "gross_margin": 0.40744778859600866,
      "op_margin": 0.20343060903915108,
      "fcf_margin": 0.21839312817725698,
      "op_leverage_ratio": 0.31853836939228763,
      "fcf_margin_change": -0.06604005575713334
    },
    {
      "date": "2021-06-30T00:00:00",
      "quarter_label": "2021-06 (Q2)",
      "revenue": 316057000,
      "gross_profit": 127801000,
      "operating_income": 59400000,
      "net_income": 39351000,
      "opex": 68401000,
      "cogs": 188256000,
      "rd": 22708000,
      "sga": null,
      "fcf": 49232000,
      "ocf": 65660000,
      "capex": -16428000,
      "gross_margin": 0.4043606058400858,
      "op_margin": 0.18794078283347623,
      "fcf_margin": 0.15576937071477615,
      "op_leverage_ratio": 0.4267414038025349,
      "fcf_margin_change": -0.06262375746248083
    },
    {
      "date": "2021-09-30T00:00:00",
      "quarter_label": "2021-09 (Q3)",
      "revenue": 351519000,
      "gross_profit": 140358000,
      "operating_income": 37351000,
      "net_income": 21809000,
      "opex": 103007000,
      "cogs": 211161000,
      "rd": 29411000,
      "sga": null,
      "fcf": 100672000,
      "ocf": 113354000,
      "capex": -12682000,
      "gross_margin": 0.39928993880842856,
      "op_margin": 0.10625599185250299,
      "fcf_margin": 0.2863913472671463,
      "op_leverage_ratio": 0.22177309609490808,
      "fcf_margin_change": 0.13062197655237018
    },
    {
      "date": "2021-12-31T00:00:00",
      "quarter_label": "2021-12 (Q4)",
      "revenue": 412719000,
      "gross_profit": 163314000,
      "operating_income": 57695000,
      "net_income": 52591000,
      "opex": 105619000,
      "cogs": 249405000,
      "rd": 31589000,
      "sga": null,
      "fcf": 83965000,
      "ocf": 97173000,
      "capex": -13208000,
      "gross_margin": 0.3957026451411251,
      "op_margin": 0.1397924495843419,
      "fcf_margin": 0.20344350514514717,
      "incr_op_margin_yoy": -0.14484041114417096,
      "rev_growth_yoy": 0.5583769762006351,
      "op_leverage_ratio": 6.865879614740676,
      "fcf_margin_change": -0.08294784212199915
    },
    {
      "date": "2022-03-31T00:00:00",
      "quarter_label": "2022-03 (Q1)",
      "revenue": 441292000,
      "gross_profit": 176973000,
      "operating_income": 61824000,
      "net_income": 51821000,
      "opex": 115149000,
      "cogs": 264319000,
      "rd": 35719000,
      "sga": null,
      "fcf": 90068000,
      "ocf": 102443000,
      "capex": -12375000,
      "gross_margin": 0.40103378262012457,
      "op_margin": 0.14009771307886842,
      "fcf_margin": 0.2041006861669824,
      "incr_op_margin_yoy": 0.0031389298972322953,
      "rev_growth_yoy": 0.4624230333317868,
      "rev_growth_yoy_accel": -0.09595394286884829,
      "op_leverage_ratio": 0.7672740836982125,
      "fcf_margin_change": 0.0006571810218352347
    },
    {
      "date": "2022-06-30T00:00:00",
      "quarter_label": "2022-06 (Q2)",
      "revenue": 530196000,
      "gross_profit": 219005000,
      "operating_income": 94036000,
      "net_income": 76976000,
      "opex": 124969000,
      "cogs": 311191000,
      "rd": 39256000,
      "sga": null,
      "fcf": 191959000,
      "ocf": 200650000,
      "capex": -8691000,
      "gross_margin": 0.41306422530535875,
      "op_margin": 0.1773608250533765,
      "fcf_margin": 0.36205290119125755,
      "incr_op_margin_yoy": 0.1617454083562546,
      "rev_growth_yoy": 0.6775328500871678,
      "rev_growth_yoy_accel": 0.215109816755381,
      "op_leverage_ratio": 2.362348302087152,
      "fcf_margin_change": 0.15795221502427514
    },
    {
      "date": "2022-09-30T00:00:00",
      "quarter_label": "2022-09 (Q3)",
      "revenue": 634713000,
      "gross_profit": 267916000,
      "operating_income": 135441000,
      "net_income": 114812000,
      "opex": 132475000,
      "cogs": 366797000,
      "rd": 44188000,
      "sga": null,
      "fcf": 179062000,
      "ocf": 188010000,
      "capex": -8948000,
      "gross_margin": 0.4221057391293388,
      "op_margin": 0.21338935865501416,
      "fcf_margin": 0.28211490862799404,
      "incr_op_margin_yoy": 0.34637033270478895,
      "rev_growth_yoy": 0.8056292831966408,
      "rev_growth_yoy_accel": 0.12809643310947305,
      "op_leverage_ratio": 3.282042670415192,
      "fcf_margin_change": -0.0799379925632635
    },
    {
      "date": "2022-12-31T00:00:00",
      "quarter_label": "2022-12 (Q4)",
      "revenue": 724652000,
      "gross_profit": 310701000,
      "operating_income": 156960000,
      "net_income": 153753000,
      "opex": 153741000,
      "cogs": 413951000,
      "rd": 49683000,
      "sga": null,
      "fcf": 237285000,
      "ocf": 253714000,
      "capex": -16429000,
      "gross_margin": 0.4287589077239834,
      "op_margin": 0.21660051997372531,
      "fcf_margin": 0.3274468296506461,
      "incr_op_margin_yoy": 0.31822538814424894,
      "rev_growth_yoy": 0.7557999510562877,
      "rev_growth_yoy_accel": -0.04982933214035312,
      "op_leverage_ratio": 0.8827114898655263,
      "fcf_margin_change": 0.045331921022652044
    },
    {
      "date": "2023-03-31T00:00:00",
      "quarter_label": "2023-03 (Q1)",
      "revenue": 726016000,
      "gross_profit": 326371000,
      "operating_income": 167663000,
      "net_income": 146873000,
      "opex": 158708000,
      "cogs": 399645000,
      "rd": 57129000,
      "sga": null,
      "fcf": 223756000,
      "ocf": 246232000,
      "capex": -22476000,
      "gross_margin": 0.4495369248060649,
      "op_margin": 0.23093568185825106,
      "fcf_margin": 0.3081970645275035,
      "incr_op_margin_yoy": 0.37172489849819473,
      "rev_growth_yoy": 0.6452054422015355,
      "rev_growth_yoy_accel": -0.1105945088547522,
      "fcf_margin_change": -0.01924976512314258
    },
    {
      "date": "2023-06-30T00:00:00",
      "quarter_label": "2023-06 (Q2)",
      "revenue": 711118000,
      "gross_profit": 323342000,
      "operating_income": 170320000,
      "net_income": 157191000,
      "opex": 153022000,
      "cogs": 387776000,
      "rd": 60043000,
      "sga": null,
      "fcf": 225241000,
      "ocf": 269243000,
      "capex": -44002000,
      "gross_margin": 0.4546952826394494,
      "op_margin": 0.23951017974513372,
      "fcf_margin": 0.3167420878110243,
      "incr_op_margin_yoy": 0.42164026486552214,
      "rev_growth_yoy": 0.3412360711887679,
      "rev_growth_yoy_accel": -0.3039693710127676,
      "fcf_margin_change": 0.008545023283520803
    },
    {
      "date": "2023-09-30T00:00:00",
      "quarter_label": "2023-09 (Q3)",
      "revenue": 551082000,
      "gross_profit": 262013000,
      "operating_income": 117989000,
      "net_income": 113953000,
      "opex": 144024000,
      "cogs": 289069000,
      "rd": 54873000,
      "sga": null,
      "fcf": 122007000,
      "ocf": 145855000,
      "capex": -23848000,
      "gross_margin": 0.47545192911399753,
      "op_margin": 0.21410425308756229,
      "fcf_margin": 0.22139536402930962,
      "incr_op_margin_yoy": 0.20867860004065478,
      "rev_growth_yoy": -0.13176191444006977,
      "rev_growth_yoy_accel": -0.47299798562883766,
      "fcf_margin_change": -0.09534672378171469
    },
    {
      "date": "2023-12-31T00:00:00",
      "quarter_label": "2023-12 (Q4)",
      "revenue": 302570000,
      "gross_profit": 146662000,
      "operating_income": -10231000,
      "net_income": 20919000,
      "opex": 156893000,
      "cogs": 155908000,
      "rd": 55291000,
      "sga": null,
      "fcf": 15375000,
      "ocf": 35450000,
      "capex": -20075000,
      "gross_margin": 0.4847208910334799,
      "op_margin": -0.033813662954027164,
      "fcf_margin": 0.05081468751032819,
      "incr_op_margin_yoy": 0.39611023450419586,
      "rev_growth_yoy": -0.582461650557785,
      "rev_growth_yoy_accel": -0.4506997361177152,
      "fcf_margin_change": -0.17058067651898143
    },
    {
      "date": "2024-03-31T00:00:00",
      "quarter_label": "2024-03 (Q1)",
      "revenue": 263339000,
      "gross_profit": 115508000,
      "operating_income": -29099000,
      "net_income": -16097000,
      "opex": 144607000,
      "cogs": 147831000,
      "rd": 54211000,
      "sga": null,
      "fcf": 41830000,
      "ocf": 49201000,
      "capex": -7371000,
      "gross_margin": 0.4386285358416338,
      "op_margin": -0.11050015379415885,
      "fcf_margin": 0.15884468308909808,
      "incr_op_margin_yoy": 0.4252685999087917,
      "rev_growth_yoy": -0.6372820984661495,
      "rev_growth_yoy_accel": -0.05482044790836449,
      "fcf_margin_change": 0.10802999557876988
    },
    {
      "date": "2024-06-30T00:00:00",
      "quarter_label": "2024-06 (Q2)",
      "revenue": 303458000,
      "gross_profit": 137166000,
      "operating_income": 1799000,
      "net_income": 10833000,
      "opex": 135367000,
      "cogs": 166292000,
      "rd": 48871000,
      "sga": null,
      "fcf": 117426000,
      "ocf": 127062000,
      "capex": -9636000,
      "gross_margin": 0.4520098333212504,
      "op_margin": 0.00592833275115502,
      "fcf_margin": 0.3869596451568257,
      "incr_op_margin_yoy": 0.4133861551292744,
      "rev_growth_yoy": -0.5732663214825107,
      "rev_growth_yoy_accel": 0.0640157769836388,
      "op_leverage_ratio": Infinity,
      "fcf_margin_change": 0.2281149620677276
    },
    {
      "date": "2024-09-30T00:00:00",
      "quarter_label": "2024-09 (Q3)",
      "revenue": 380873000,
      "gross_profit": 178171000,
      "operating_income": 49788000,
      "net_income": 45762000,
      "opex": 128383000,
      "cogs": 202702000,
      "rd": 47843000,
      "sga": null,
      "fcf": 161605000,
      "ocf": 170138000,
      "capex": -8533000,
      "gross_margin": 0.46779635206486153,
      "op_margin": 0.13072073893397537,
      "fcf_margin": 0.42430153883315436,
      "incr_op_margin_yoy": 0.40068974026050325,
      "rev_growth_yoy": -0.30886329076253627,
      "rev_growth_yoy_accel": 0.2644030307199744,
      "op_leverage_ratio": Infinity,
      "fcf_margin_change": 0.037341893676328675
    },
    {
      "date": "2024-12-31T00:00:00",
      "quarter_label": "2024-12 (Q4)",
      "revenue": 382713000,
      "gross_profit": 198293000,
      "operating_income": 54804000,
      "net_income": 62160000,
      "opex": 143489000,
      "cogs": 184420000,
      "rd": 50390000,
      "sga": null,
      "fcf": 159228000,
      "ocf": 167292000,
      "capex": -8064000,
      "gross_margin": 0.5181245476375247,
      "op_margin": 0.14319868935729907,
      "fcf_margin": 0.4160506698230789,
      "incr_op_margin_yoy": 0.8114869670464046,
      "rev_growth_yoy": 0.2648742439766005,
      "rev_growth_yoy_accel": 0.5737375347391367,
      "fcf_margin_change": -0.008250869010075434
    },
    {
      "date": "2025-03-31T00:00:00",
      "quarter_label": "2025-03 (Q1)",
      "revenue": 356084000,
      "gross_profit": 168241000,
      "operating_income": 31922000,
      "net_income": 29730000,
      "opex": 136319000,
      "cogs": 187843000,
      "rd": 50174000,
      "sga": null,
      "fcf": 33806000,
      "ocf": 48414000,
      "capex": -14608000,
      "gross_margin": 0.4724755956459712,
      "op_margin": 0.0896473865717078,
      "fcf_margin": 0.09493827299176599,
      "incr_op_margin_yoy": 0.6579438244649307,
      "rev_growth_yoy": 0.3521886237891083,
      "rev_growth_yoy_accel": 0.08731437981250784,
      "fcf_margin_change": -0.32111239683131293
    },
    {
      "date": "2025-06-30T00:00:00",
      "quarter_label": "2025-06 (Q2)",
      "revenue": 363153000,
      "gross_profit": 170493000,
      "operating_income": 37007000,
      "net_income": 37052000,
      "opex": 133486000,
      "cogs": 192660000,
      "rd": 45421000,
      "sga": null,
      "fcf": 18370000,
      "ocf": 26629000,
      "capex": -8259000,
      "gross_margin": 0.46947980603216827,
      "op_margin": 0.10190470683155585,
      "fcf_margin": 0.05058473976533307,
      "incr_op_margin_yoy": 0.5897981405477846,
      "rev_growth_yoy": 0.19671585524191157,
      "rev_growth_yoy_accel": -0.15547276854719674,
      "op_leverage_ratio": Infinity,
      "fcf_margin_change": -0.04435353322643292
    },
    {
      "date": "2025-09-30T00:00:00",
      "quarter_label": "2025-09 (Q3)",
      "revenue": 410427000,
      "gross_profit": 196239000,
      "operating_income": 66159000,
      "net_income": 66638000,
      "opex": 130080000,
      "cogs": 214188000,
      "rd": 47266000,
      "sga": null,
      "fcf": 5886000,
      "ocf": 13918000,
      "capex": -8032000,
      "gross_margin": 0.4781337485106974,
      "op_margin": 0.1611955353814442,
      "fcf_margin": 0.014341161765673311,
      "incr_op_margin_yoy": 0.5539351695202003,
      "rev_growth_yoy": 0.07759541894542275,
      "rev_growth_yoy_accel": -0.11912043629648882,
      "op_leverage_ratio": Infinity,
      "fcf_margin_change": -0.03624357799965976
    }
  ],
  "signals": [
    {
      "quarter": "2025-09 (Q3)",
      "signal": "YoY REVENUE GROWTH DECELERATION",
      "detail": "YoY growth: +7.8% vs prior quarter YoY: +19.7% (decel: -11.9%)",
      "severity": "WARNING"
    },
    {
      "quarter": "2025-09 (Q3)",
      "signal": "INCREMENTAL MARGIN (YoY)",
      "detail": "YoY Incr OPM: +55.4% vs year-ago OPM: +13.1%",
      "severity": "HIGH"
    },
    {
      "quarter": "2025-06 (Q2)",
      "signal": "YoY REVENUE GROWTH DECELERATION",
      "detail": "YoY growth: +19.7% vs prior quarter YoY: +35.2% (decel: -15.5%)",
      "severity": "WARNING"
    },
    {
      "quarter": "2025-06 (Q2)",
      "signal": "INCREMENTAL MARGIN (YoY)",
      "detail": "YoY Incr OPM: +59.0% vs year-ago OPM: +0.6%",
      "severity": "HIGH"
    },
    {
      "quarter": "2025-03 (Q1)",
      "signal": "YoY REVENUE GROWTH ACCELERATION",
      "detail": "YoY growth: +35.2% vs prior quarter YoY: +26.5% (accel: +8.7%)",
      "severity": "MEDIUM"
    },
    {
      "quarter": "2025-03 (Q1)",
      "signal": "OP MARGIN TURNED POSITIVE (YoY)",
      "detail": "Op margin: -11.1% (year-ago) -> +9.0%",
      "severity": "HIGH"
    },
    {
      "quarter": "2024-12 (Q4)",
      "signal": "YoY REVENUE GROWTH ACCELERATION",
      "detail": "YoY growth: +26.5% vs prior quarter YoY: -30.9% (accel: +57.4%)",
      "severity": "HIGH"
    },
    {
      "quarter": "2024-12 (Q4)",
      "signal": "OP MARGIN TURNED POSITIVE (YoY)",
      "detail": "Op margin: -3.4% (year-ago) -> +14.3%",
      "severity": "HIGH"
    },
    {
      "quarter": "2024-09 (Q3)",
      "signal": "YoY REVENUE GROWTH ACCELERATION",
      "detail": "YoY growth: -30.9% vs prior quarter YoY: -57.3% (accel: +26.4%)",
      "severity": "HIGH"
    },
    {
      "quarter": "2024-09 (Q3)",
      "signal": "INCREMENTAL MARGIN (YoY)",
      "detail": "YoY Incr OPM: +40.1% vs year-ago OPM: +21.4%",
      "severity": "MEDIUM"
    },
    {
      "quarter": "2024-06 (Q2)",
      "signal": "FCF MARGIN EXPANSION",
      "detail": "FCF margin: +15.9% -> +38.7% (+22.8%)",
      "severity": "MEDIUM"
    },
    {
      "quarter": "2024-06 (Q2)",
      "signal": "YoY REVENUE GROWTH ACCELERATION",
      "detail": "YoY growth: -57.3% vs prior quarter YoY: -63.7% (accel: +6.4%)",
      "severity": "MEDIUM"
    },
    {
      "quarter": "2024-06 (Q2)",
      "signal": "INCREMENTAL MARGIN (YoY)",
      "detail": "YoY Incr OPM: +41.3% vs year-ago OPM: +24.0%",
      "severity": "MEDIUM"
    },
    {
      "quarter": "2024-06 (Q2)",
      "signal": "OP MARGIN TURNED POSITIVE (QoQ)",
      "detail": "Op margin: -11.1% -> +0.6%",
      "severity": "HIGH"
    },
    {
      "quarter": "2024-03 (Q1)",
      "signal": "FCF MARGIN EXPANSION",
      "detail": "FCF margin: +5.1% -> +15.9% (+10.8%)",
      "severity": "MEDIUM"
    },
    {
      "quarter": "2024-03 (Q1)",
      "signal": "YoY REVENUE GROWTH DECELERATION",
      "detail": "YoY growth: -63.7% vs prior quarter YoY: -58.2% (decel: -5.5%)",
      "severity": "WARNING"
    },
    {
      "quarter": "2023-12 (Q4)",
      "signal": "YoY REVENUE GROWTH DECELERATION",
      "detail": "YoY growth: -58.2% vs prior quarter YoY: -13.2% (decel: -45.1%)",
      "severity": "WARNING"
    },
    {
      "quarter": "2023-09 (Q3)",
      "signal": "YoY REVENUE GROWTH DECELERATION",
      "detail": "YoY growth: -13.2% vs prior quarter YoY: +34.1% (decel: -47.3%)",
      "severity": "WARNING"
    },
    {
      "quarter": "2023-06 (Q2)",
      "signal": "YoY REVENUE GROWTH DECELERATION",
      "detail": "YoY growth: +34.1% vs prior quarter YoY: +64.5% (decel: -30.4%)",
      "severity": "WARNING"
    },
    {
      "quarter": "2023-06 (Q2)",
      "signal": "INCREMENTAL MARGIN (YoY)",
      "detail": "YoY Incr OPM: +42.2% vs year-ago OPM: +17.7%",
      "severity": "HIGH"
    },
    {
      "quarter": "2023-03 (Q1)",
      "signal": "YoY REVENUE GROWTH DECELERATION",
      "detail": "YoY growth: +64.5% vs prior quarter YoY: +75.6% (decel: -11.1%)",
      "severity": "WARNING"
    },
    {
      "quarter": "2023-03 (Q1)",
      "signal": "INCREMENTAL MARGIN (YoY)",
      "detail": "YoY Incr OPM: +37.2% vs year-ago OPM: +14.0%",
      "severity": "HIGH"
    },
    {
      "quarter": "2022-12 (Q4)",
      "signal": "INCREMENTAL MARGIN (YoY)",
      "detail": "YoY Incr OPM: +31.8% vs year-ago OPM: +14.0%",
      "severity": "MEDIUM"
    },
    {
      "quarter": "2022-09 (Q3)",
      "signal": "OPERATING LEVERAGE",
      "detail": "Rev growth +19.7% vs OpEx growth +6.0% (leverage: 3.3x)",
      "severity": "MEDIUM"
    },
    {
      "quarter": "2022-09 (Q3)",
      "signal": "YoY REVENUE GROWTH ACCELERATION",
      "detail": "YoY growth: +80.6% vs prior quarter YoY: +67.8% (accel: +12.8%)",
      "severity": "MEDIUM"
    },
    {
      "quarter": "2022-09 (Q3)",
      "signal": "INCREMENTAL MARGIN (YoY)",
      "detail": "YoY Incr OPM: +34.6% vs year-ago OPM: +10.6%",
      "severity": "HIGH"
    },
    {
      "quarter": "2022-06 (Q2)",
      "signal": "FCF MARGIN EXPANSION",
      "detail": "FCF margin: +20.4% -> +36.2% (+15.8%)",
      "severity": "MEDIUM"
    },
    {
      "quarter": "2022-06 (Q2)",
      "signal": "OPERATING LEVERAGE",
      "detail": "Rev growth +20.1% vs OpEx growth +8.5% (leverage: 2.4x)",
      "severity": "MEDIUM"
    },
    {
      "quarter": "2022-06 (Q2)",
      "signal": "YoY REVENUE GROWTH ACCELERATION",
      "detail": "YoY growth: +67.8% vs prior quarter YoY: +46.2% (accel: +21.5%)",
      "severity": "HIGH"
    },
    {
      "quarter": "2022-03 (Q1)",
      "signal": "YoY REVENUE GROWTH DECELERATION",
      "detail": "YoY growth: +46.2% vs prior quarter YoY: +55.8% (decel: -9.6%)",
      "severity": "WARNING"
    },
    {
      "quarter": "2021-12 (Q4)",
      "signal": "OPERATING LEVERAGE",
      "detail": "Rev growth +17.4% vs OpEx growth +2.5% (leverage: 6.9x)",
      "severity": "MEDIUM"
    },
    {
      "quarter": "2021-09 (Q3)",
      "signal": "FCF MARGIN EXPANSION",
      "detail": "FCF margin: +15.6% -> +28.6% (+13.1%)",
      "severity": "MEDIUM"
    }
  ],
  "data_quality": {
    "n_quarters": 20,
    "coverage": {
      "revenue": [
        20,
        20
      ],
      "gross_profit": [
        20,
        20
      ],
      "op_income": [
        20,
        20
      ],
      "fcf": [
        20,
        20
      ]
    },
    "gaps": [],
    "warnings": []
  },
  "market_cap": null,
  "source": "SEC EDGAR",
  "last_updated": "2026-02-02T21:01:47.081001",
  "sector": "Technology",
  "industry": "Solar"
}