{
  "ticker": "ENTG",
  "name": "ENTEGRIS INC",
  "quarters": [
    {
      "date": "2020-12-31T00:00:00",
      "quarter_label": "2020-12 (Q4)",
      "revenue": 517594000,
      "gross_profit": 230872000,
      "operating_income": 113228000,
      "net_income": 86624000,
      "opex": 117644000,
      "cogs": 286722000,
      "rd": 37558000,
      "sga": 68170000,
      "fcf": 151826000,
      "ocf": 204018000,
      "capex": -52192000,
      "gross_margin": 0.44604844723856923,
      "op_margin": 0.21875833181992063,
      "fcf_margin": 0.29333029362782415
    },
    {
      "date": "2021-04-03T00:00:00",
      "quarter_label": "2021-04 (Q2)",
      "revenue": 512844000,
      "gross_profit": 234986000,
      "operating_income": 113978000,
      "net_income": 84676000,
      "opex": 121008000,
      "cogs": 277858000,
      "rd": 37748000,
      "sga": 71389000,
      "fcf": 9785000,
      "ocf": 53115000,
      "capex": -43330000,
      "gross_margin": 0.45820171436148227,
      "op_margin": 0.22224692109101404,
      "fcf_margin": 0.01907987614167271,
      "fcf_margin_change": -0.2742504174861514
    },
    {
      "date": "2021-07-03T00:00:00",
      "quarter_label": "2021-07 (Q3)",
      "revenue": 571352000,
      "gross_profit": 265384000,
      "operating_income": 138889000,
      "net_income": 88770000,
      "opex": 126495000,
      "cogs": 305968000,
      "rd": 41972000,
      "sga": 72621000,
      "fcf": 40084000,
      "ocf": 81855000,
      "capex": -41771000,
      "gross_margin": 0.46448424088827905,
      "op_margin": 0.24308832383539394,
      "fcf_margin": 0.07015640095772833,
      "op_leverage_ratio": 2.5159910779421457,
      "fcf_margin_change": 0.051076524816055624
    },
    {
      "date": "2021-10-02T00:00:00",
      "quarter_label": "2021-10 (Q4)",
      "revenue": 579493000,
      "gross_profit": 264204000,
      "operating_income": 139357000,
      "net_income": 117461000,
      "opex": 124847000,
      "cogs": 315289000,
      "rd": 41972000,
      "sga": 71032000,
      "fcf": 100619000,
      "ocf": 149504000,
      "capex": -48885000,
      "gross_margin": 0.455922677236826,
      "op_margin": 0.24048090313429152,
      "fcf_margin": 0.17363281351112092,
      "op_leverage_ratio": Infinity,
      "fcf_margin_change": 0.10347641255339259
    },
    {
      "date": "2021-12-31T00:00:00",
      "quarter_label": "2021-12 (Q4)",
      "revenue": 635204000,
      "gross_profit": 295090000,
      "operating_income": 159544000,
      "net_income": 118219000,
      "opex": 135546000,
      "cogs": 340114000,
      "rd": 45940000,
      "sga": 77366000,
      "fcf": 39340000,
      "ocf": 115980000,
      "capex": -76640000,
      "gross_margin": 0.46455941713213394,
      "op_margin": 0.25116970296156826,
      "fcf_margin": 0.06193285936486546,
      "incr_op_margin_yoy": 0.39381005016580223,
      "rev_growth_yoy": 0.22722442686739028,
      "op_leverage_ratio": 1.1218316363236094,
      "fcf_margin_change": -0.11169995414625547
    },
    {
      "date": "2022-04-02T00:00:00",
      "quarter_label": "2022-04 (Q2)",
      "revenue": 649646000,
      "gross_profit": 309820000,
      "operating_income": 163346000,
      "net_income": 125705000,
      "opex": 146474000,
      "cogs": 339826000,
      "rd": 46715000,
      "sga": 87108000,
      "fcf": -20617000,
      "ocf": 63788000,
      "capex": -84405000,
      "gross_margin": 0.4769058841276634,
      "op_margin": 0.2514384757237018,
      "fcf_margin": -0.031735745313601564,
      "incr_op_margin_yoy": 0.3608719170772357,
      "rev_growth_yoy": 0.266751682772929,
      "rev_growth_yoy_accel": 0.03952725590553871,
      "op_leverage_ratio": 0.28200716069283577,
      "fcf_margin_change": -0.09366860467846702
    },
    {
      "date": "2022-07-02T00:00:00",
      "quarter_label": "2022-07 (Q3)",
      "revenue": 692489000,
      "gross_profit": 310397000,
      "operating_income": 157970000,
      "net_income": 99491000,
      "opex": 152427000,
      "cogs": 382092000,
      "rd": 49248000,
      "sga": 90685000,
      "fcf": 3218000,
      "ocf": 110910000,
      "capex": -107692000,
      "gross_margin": 0.4482338347612742,
      "op_margin": 0.22811914701894181,
      "fcf_margin": 0.004647005223187661,
      "incr_op_margin_yoy": 0.15751587046071802,
      "rev_growth_yoy": 0.21201816043349808,
      "rev_growth_yoy_accel": -0.05473352233943091,
      "op_leverage_ratio": 1.6226608732153407,
      "fcf_margin_change": 0.03638275053678922
    },
    {
      "date": "2022-10-01T00:00:00",
      "quarter_label": "2022-10 (Q4)",
      "revenue": 993828000,
      "gross_profit": 371671000,
      "operating_income": 14889000,
      "net_income": -73703000,
      "opex": 356782000,
      "cogs": 622157000,
      "rd": 64990000,
      "sga": 226446000,
      "fcf": 18793000,
      "ocf": 145532000,
      "capex": -126739000,
      "gross_margin": 0.373979199620055,
      "op_margin": 0.014981465605718494,
      "fcf_margin": 0.018909710734654285,
      "incr_op_margin_yoy": -0.30040426225155975,
      "rev_growth_yoy": 0.714995694512272,
      "rev_growth_yoy_accel": 0.5029775340787739,
      "op_leverage_ratio": 0.3245780132102796,
      "fcf_margin_change": 0.014262705511466623
    },
    {
      "date": "2022-12-31T00:00:00",
      "quarter_label": "2022-12 (Q4)",
      "revenue": 946070000,
      "gross_profit": 404525000,
      "operating_income": 143776000,
      "net_income": 57427000,
      "opex": 260749000,
      "cogs": 541545000,
      "rd": 68041000,
      "sga": 139246000,
      "fcf": -104457000,
      "ocf": 42899000,
      "capex": -147356000,
      "gross_margin": 0.42758463961440485,
      "op_margin": 0.15197184140708403,
      "fcf_margin": -0.11041149175008191,
      "incr_op_margin_yoy": -0.050722819478489126,
      "rev_growth_yoy": 0.4893955327737231,
      "rev_growth_yoy_accel": -0.22560016173854885,
      "fcf_margin_change": -0.1293212024847362
    },
    {
      "date": "2023-04-01T00:00:00",
      "quarter_label": "2023-04 (Q2)",
      "revenue": 922396000,
      "gross_profit": 401685000,
      "operating_income": 13466000,
      "net_income": -88166000,
      "opex": 388219000,
      "cogs": 520711000,
      "rd": 71906000,
      "sga": 169867000,
      "fcf": 17879000,
      "ocf": 151871000,
      "capex": -133992000,
      "gross_margin": 0.43547998907193874,
      "op_margin": 0.014598935814986188,
      "fcf_margin": 0.019383215018278485,
      "incr_op_margin_yoy": -0.5495142071494042,
      "rev_growth_yoy": 0.41984403813769344,
      "rev_growth_yoy_accel": -0.06955149463602966,
      "fcf_margin_change": 0.1297947067683604
    },
    {
      "date": "2023-07-01T00:00:00",
      "quarter_label": "2023-07 (Q3)",
      "revenue": 901000000,
      "gross_profit": 384166000,
      "operating_income": 267614000,
      "net_income": 197646000,
      "opex": 116552000,
      "cogs": 516834000,
      "rd": 71030000,
      "sga": 145596000,
      "fcf": 10967000,
      "ocf": 127018000,
      "capex": -116051000,
      "gross_margin": 0.426377358490566,
      "op_margin": 0.2970188679245283,
      "fcf_margin": 0.012172031076581576,
      "incr_op_margin_yoy": 0.5258427612931692,
      "rev_growth_yoy": 0.30110369984216356,
      "rev_growth_yoy_accel": -0.11874033829552988,
      "fcf_margin_change": -0.007211183941696909
    },
    {
      "date": "2023-09-30T00:00:00",
      "quarter_label": "2023-09 (Q3)",
      "revenue": 888239000,
      "gross_profit": 367074000,
      "operating_income": 117061000,
      "net_income": 33212000,
      "opex": 250013000,
      "cogs": 521165000,
      "rd": 66810000,
      "sga": 116051000,
      "fcf": 129343000,
      "ocf": 207482000,
      "capex": -78139000,
      "gross_margin": 0.41326039500629896,
      "op_margin": 0.13178997994909028,
      "fcf_margin": 0.14561733947732536,
      "incr_op_margin_yoy": -0.9676386744831375,
      "rev_growth_yoy": -0.10624474255102492,
      "rev_growth_yoy_accel": -0.40734844239318846,
      "fcf_margin_change": 0.13344530840074378
    },
    {
      "date": "2023-12-31T00:00:00",
      "quarter_label": "2023-12 (Q4)",
      "revenue": 812291000,
      "gross_profit": 344680000,
      "operating_income": 101017000,
      "net_income": 37977000,
      "opex": 243663000,
      "cogs": 467611000,
      "rd": 67567000,
      "sga": 144680000,
      "fcf": 29440000,
      "ocf": 158105000,
      "capex": -128665000,
      "gross_margin": 0.42433068937117363,
      "op_margin": 0.12436060475863946,
      "fcf_margin": 0.036243169012090494,
      "incr_op_margin_yoy": 0.3196241562577086,
      "rev_growth_yoy": -0.14140497003392985,
      "rev_growth_yoy_accel": -0.03516022748290493,
      "fcf_margin_change": -0.10937417046523487
    },
    {
      "date": "2024-03-30T00:00:00",
      "quarter_label": "2024-03 (Q1)",
      "revenue": 771025000,
      "gross_profit": 351820000,
      "operating_income": 117592000,
      "net_income": 45266000,
      "opex": 173500000,
      "cogs": 419205000,
      "rd": 71876000,
      "sga": 112193000,
      "fcf": 80600000,
      "ocf": 147200000,
      "capex": -66600000,
      "gross_margin": 0.4563016763399371,
      "op_margin": 0.15251386141824194,
      "fcf_margin": 0.1045361693849097,
      "incr_op_margin_yoy": -0.6878860547925296,
      "rev_growth_yoy": -0.16410630575154272,
      "rev_growth_yoy_accel": -0.022701335717612875,
      "fcf_margin_change": 0.06829300037281921
    },
    {
      "date": "2024-06-29T00:00:00",
      "quarter_label": "2024-06 (Q2)",
      "revenue": 812652000,
      "gross_profit": 375819000,
      "operating_income": 130106000,
      "net_income": 67696000,
      "opex": 182900000,
      "cogs": 436833000,
      "rd": 81885000,
      "sga": 116315000,
      "fcf": 51900000,
      "ocf": 111200000,
      "capex": -59300000,
      "gross_margin": 0.462459945954726,
      "op_margin": 0.1601005104275877,
      "fcf_margin": 0.06386497541383028,
      "incr_op_margin_yoy": 1.5564359125277312,
      "rev_growth_yoy": -0.09805549389567148,
      "rev_growth_yoy_accel": 0.06605081185587125,
      "op_leverage_ratio": 0.9965022383163612,
      "fcf_margin_change": -0.04067119397107942
    },
    {
      "date": "2024-09-28T00:00:00",
      "quarter_label": "2024-09 (Q3)",
      "revenue": 807694000,
      "gross_profit": 371825000,
      "operating_income": 136241000,
      "net_income": 77582000,
      "opex": 172700000,
      "cogs": 435869000,
      "rd": 80903000,
      "sga": 108455000,
      "fcf": 115000000,
      "ocf": 197200000,
      "capex": -82200000,
      "gross_margin": 0.4603537973539484,
      "op_margin": 0.16867897991070877,
      "fcf_margin": 0.14238065405958197,
      "incr_op_margin_yoy": -0.23812775467130176,
      "rev_growth_yoy": -0.09067942299313586,
      "rev_growth_yoy_accel": 0.007376070902535614,
      "fcf_margin_change": 0.0785156786457517
    },
    {
      "date": "2024-12-31T00:00:00",
      "quarter_label": "2024-12 (Q4)",
      "revenue": 849837000,
      "gross_profit": 387255000,
      "operating_income": 149983000,
      "net_income": 102243000,
      "opex": 175268000,
      "cogs": 462582000,
      "rd": 81447000,
      "sga": 109604000,
      "fcf": 68615000,
      "ocf": 176121000,
      "capex": -107506000,
      "gross_margin": 0.45568150127612705,
      "op_margin": 0.1764844317204358,
      "fcf_margin": 0.08073901230471255,
      "incr_op_margin_yoy": 1.3041602301177222,
      "rev_growth_yoy": 0.046222351349454814,
      "rev_growth_yoy_accel": 0.13690177434259068,
      "op_leverage_ratio": 3.508939736646664,
      "fcf_margin_change": -0.06164164175486943
    },
    {
      "date": "2025-03-29T00:00:00",
      "quarter_label": "2025-03 (Q1)",
      "revenue": 773200000,
      "gross_profit": 356500000,
      "operating_income": 122300000,
      "net_income": 62900000,
      "opex": 173400000,
      "cogs": 416700000,
      "rd": 84800000,
      "sga": 103300000,
      "fcf": 32400000,
      "ocf": 140400000,
      "capex": -108000000,
      "gross_margin": 0.46107087428867044,
      "op_margin": 0.15817382307294361,
      "fcf_margin": 0.04190377651319193,
      "incr_op_margin_yoy": 2.1645977011494253,
      "rev_growth_yoy": 0.0028209202036250445,
      "rev_growth_yoy_accel": -0.04340143114582977,
      "fcf_margin_change": -0.038835235791520616
    },
    {
      "date": "2025-06-28T00:00:00",
      "quarter_label": "2025-06 (Q2)",
      "revenue": 792400000,
      "gross_profit": 351500000,
      "operating_income": 106100000,
      "net_income": 52800000,
      "opex": 183100000,
      "cogs": 440900000,
      "rd": 84300000,
      "sga": 115100000,
      "fcf": 47000000,
      "ocf": 113500000,
      "capex": -66500000,
      "gross_margin": 0.44358909641595157,
      "op_margin": 0.13389702170620899,
      "fcf_margin": 0.05931347804139324,
      "incr_op_margin_yoy": 1.185364408453486,
      "rev_growth_yoy": -0.02492087634067227,
      "rev_growth_yoy_accel": -0.027741796544297315,
      "op_leverage_ratio": 0.4439016325246265,
      "fcf_margin_change": 0.01740970152820131
    },
    {
      "date": "2025-09-27T00:00:00",
      "quarter_label": "2025-09 (Q3)",
      "revenue": 807100000,
      "gross_profit": 351300000,
      "operating_income": 122600000,
      "net_income": 70500000,
      "opex": 167900000,
      "cogs": 455800000,
      "rd": 80900000,
      "sga": 101800000,
      "fcf": 182800000,
      "ocf": 249500000,
      "capex": -66700000,
      "gross_margin": 0.43526204931235285,
      "op_margin": 0.1519018708957998,
      "fcf_margin": 0.22648990211869657,
      "rev_growth_yoy": -0.0007354270305338407,
      "rev_growth_yoy_accel": 0.02418544931013843,
      "op_leverage_ratio": Infinity,
      "fcf_margin_change": 0.16717642407730332
    }
  ],
  "signals": [
    {
      "quarter": "2025-09 (Q3)",
      "signal": "FCF MARGIN EXPANSION",
      "detail": "FCF margin: +5.9% -> +22.6% (+16.7%)",
      "severity": "MEDIUM"
    },
    {
      "quarter": "2025-06 (Q2)",
      "signal": "INCREMENTAL MARGIN (YoY)",
      "detail": "YoY Incr OPM: +118.5% vs year-ago OPM: +16.0%",
      "severity": "HIGH"
    },
    {
      "quarter": "2025-03 (Q1)",
      "signal": "INCREMENTAL MARGIN (YoY)",
      "detail": "YoY Incr OPM: +216.5% vs year-ago OPM: +15.3%",
      "severity": "HIGH"
    },
    {
      "quarter": "2024-12 (Q4)",
      "signal": "OPERATING LEVERAGE",
      "detail": "Rev growth +5.2% vs OpEx growth +1.5% (leverage: 3.5x)",
      "severity": "MEDIUM"
    },
    {
      "quarter": "2024-12 (Q4)",
      "signal": "YoY REVENUE GROWTH ACCELERATION",
      "detail": "YoY growth: +4.6% vs prior quarter YoY: -9.1% (accel: +13.7%)",
      "severity": "MEDIUM"
    },
    {
      "quarter": "2024-12 (Q4)",
      "signal": "INCREMENTAL MARGIN (YoY)",
      "detail": "YoY Incr OPM: +130.4% vs year-ago OPM: +12.4%",
      "severity": "HIGH"
    },
    {
      "quarter": "2024-09 (Q3)",
      "signal": "FCF MARGIN EXPANSION",
      "detail": "FCF margin: +6.4% -> +14.2% (+7.9%)",
      "severity": "MEDIUM"
    },
    {
      "quarter": "2024-06 (Q2)",
      "signal": "YoY REVENUE GROWTH ACCELERATION",
      "detail": "YoY growth: -9.8% vs prior quarter YoY: -16.4% (accel: +6.6%)",
      "severity": "MEDIUM"
    },
    {
      "quarter": "2024-06 (Q2)",
      "signal": "INCREMENTAL MARGIN (YoY)",
      "detail": "YoY Incr OPM: +155.6% vs year-ago OPM: +29.7%",
      "severity": "HIGH"
    },
    {
      "quarter": "2024-03 (Q1)",
      "signal": "FCF MARGIN EXPANSION",
      "detail": "FCF margin: +3.6% -> +10.5% (+6.8%)",
      "severity": "MEDIUM"
    },
    {
      "quarter": "2023-12 (Q4)",
      "signal": "INCREMENTAL MARGIN (YoY)",
      "detail": "YoY Incr OPM: +32.0% vs year-ago OPM: +15.2%",
      "severity": "MEDIUM"
    },
    {
      "quarter": "2023-09 (Q3)",
      "signal": "FCF MARGIN EXPANSION",
      "detail": "FCF margin: +1.2% -> +14.6% (+13.3%)",
      "severity": "MEDIUM"
    },
    {
      "quarter": "2023-09 (Q3)",
      "signal": "YoY REVENUE GROWTH DECELERATION",
      "detail": "YoY growth: -10.6% vs prior quarter YoY: +30.1% (decel: -40.7%)",
      "severity": "WARNING"
    },
    {
      "quarter": "2023-07 (Q3)",
      "signal": "YoY REVENUE GROWTH DECELERATION",
      "detail": "YoY growth: +30.1% vs prior quarter YoY: +42.0% (decel: -11.9%)",
      "severity": "WARNING"
    },
    {
      "quarter": "2023-07 (Q3)",
      "signal": "INCREMENTAL MARGIN (YoY)",
      "detail": "YoY Incr OPM: +52.6% vs year-ago OPM: +22.8%",
      "severity": "HIGH"
    },
    {
      "quarter": "2023-04 (Q2)",
      "signal": "FCF TURNED POSITIVE",
      "detail": "FCF margin: -11.0% -> +1.9%",
      "severity": "HIGH"
    },
    {
      "quarter": "2023-04 (Q2)",
      "signal": "YoY REVENUE GROWTH DECELERATION",
      "detail": "YoY growth: +42.0% vs prior quarter YoY: +48.9% (decel: -7.0%)",
      "severity": "WARNING"
    },
    {
      "quarter": "2022-12 (Q4)",
      "signal": "GROSS MARGIN INFLECTION",
      "detail": "GM: +44.8% -> +37.4% -> +42.8% (reversal +5.4%)",
      "severity": "HIGH"
    },
    {
      "quarter": "2022-12 (Q4)",
      "signal": "YoY REVENUE GROWTH DECELERATION",
      "detail": "YoY growth: +48.9% vs prior quarter YoY: +71.5% (decel: -22.6%)",
      "severity": "WARNING"
    },
    {
      "quarter": "2022-10 (Q4)",
      "signal": "YoY REVENUE GROWTH ACCELERATION",
      "detail": "YoY growth: +71.5% vs prior quarter YoY: +21.2% (accel: +50.3%)",
      "severity": "HIGH"
    },
    {
      "quarter": "2022-07 (Q3)",
      "signal": "FCF TURNED POSITIVE",
      "detail": "FCF margin: -3.2% -> +0.5%",
      "severity": "HIGH"
    },
    {
      "quarter": "2022-07 (Q3)",
      "signal": "OPERATING LEVERAGE",
      "detail": "Rev growth +6.6% vs OpEx growth +4.1% (leverage: 1.6x)",
      "severity": "MEDIUM"
    },
    {
      "quarter": "2022-07 (Q3)",
      "signal": "YoY REVENUE GROWTH DECELERATION",
      "detail": "YoY growth: +21.2% vs prior quarter YoY: +26.7% (decel: -5.5%)",
      "severity": "WARNING"
    },
    {
      "quarter": "2022-04 (Q2)",
      "signal": "INCREMENTAL MARGIN (YoY)",
      "detail": "YoY Incr OPM: +36.1% vs year-ago OPM: +22.2%",
      "severity": "MEDIUM"
    },
    {
      "quarter": "2021-12 (Q4)",
      "signal": "INCREMENTAL MARGIN (YoY)",
      "detail": "YoY Incr OPM: +39.4% vs year-ago OPM: +21.9%",
      "severity": "MEDIUM"
    },
    {
      "quarter": "2021-10 (Q4)",
      "signal": "FCF MARGIN EXPANSION",
      "detail": "FCF margin: +7.0% -> +17.4% (+10.3%)",
      "severity": "MEDIUM"
    },
    {
      "quarter": "2021-07 (Q3)",
      "signal": "FCF MARGIN EXPANSION",
      "detail": "FCF margin: +1.9% -> +7.0% (+5.1%)",
      "severity": "MEDIUM"
    },
    {
      "quarter": "2021-07 (Q3)",
      "signal": "OPERATING LEVERAGE",
      "detail": "Rev growth +11.4% vs OpEx growth +4.5% (leverage: 2.5x)",
      "severity": "MEDIUM"
    }
  ],
  "data_quality": {
    "n_quarters": 20,
    "coverage": {
      "revenue": [
        20,
        20
      ],
      "gross_profit": [
        20,
        20
      ],
      "op_income": [
        20,
        20
      ],
      "fcf": [
        20,
        20
      ]
    },
    "gaps": [],
    "warnings": []
  },
  "market_cap": null,
  "source": "SEC EDGAR",
  "last_updated": "2026-02-02T20:20:40.500263",
  "sector": "Technology",
  "industry": "Semiconductor Equipment & Materials"
}