{
  "ticker": "EOLS",
  "name": "EVOLUS, INC.",
  "quarters": [
    {
      "date": "2020-12-31T00:00:00",
      "quarter_label": "2020-12 (Q4)",
      "revenue": 20577000,
      "gross_profit": 13299000,
      "operating_income": -108026000,
      "net_income": -110694000,
      "opex": 139624000,
      "cogs": 7278000,
      "rd": 719000,
      "sga": 27394000,
      "fcf": -2283000,
      "ocf": -2266000,
      "capex": -17000,
      "gross_margin": 0.6463041259658843,
      "op_margin": -5.249842056665209,
      "fcf_margin": -0.11094911794722263
    },
    {
      "date": "2021-03-31T00:00:00",
      "quarter_label": "2021-03 (Q1)",
      "revenue": 12241000,
      "gross_profit": 7333000,
      "operating_income": 8014000,
      "net_income": 6401000,
      "opex": 4227000,
      "cogs": 4908000,
      "rd": 841000,
      "sga": 20677000,
      "fcf": -8335000,
      "ocf": -8335000,
      "capex": null,
      "gross_margin": 0.5990523650028592,
      "op_margin": 0.654685074748795,
      "fcf_margin": -0.6809084225145005,
      "fcf_margin_change": -0.5699593045672778
    },
    {
      "date": "2021-06-30T00:00:00",
      "quarter_label": "2021-06 (Q2)",
      "revenue": 26098000,
      "gross_profit": 14796000,
      "operating_income": -15302000,
      "net_income": -15601000,
      "opex": 41400000,
      "cogs": 11302000,
      "rd": 499000,
      "sga": 26472000,
      "fcf": 16116000,
      "ocf": 16116000,
      "capex": null,
      "gross_margin": 0.5669399954019465,
      "op_margin": -0.5863284542876849,
      "fcf_margin": 0.6175185837995248,
      "op_leverage_ratio": 0.1287232378125507,
      "fcf_margin_change": 1.2984270063140253
    },
    {
      "date": "2021-09-30T00:00:00",
      "quarter_label": "2021-09 (Q3)",
      "revenue": 26677000,
      "gross_profit": 15187000,
      "operating_income": -19122000,
      "net_income": -19433000,
      "opex": 45799000,
      "cogs": 11490000,
      "rd": 301000,
      "sga": 31685000,
      "fcf": -32125000,
      "ocf": -32125000,
      "capex": null,
      "gross_margin": 0.5692918993889867,
      "op_margin": -0.7167972410690857,
      "fcf_margin": -1.2042208644150392,
      "op_leverage_ratio": 0.20879385656571256,
      "fcf_margin_change": -1.8217394482145641
    },
    {
      "date": "2021-12-31T00:00:00",
      "quarter_label": "2021-12 (Q4)",
      "revenue": 34657000,
      "gross_profit": 18823000,
      "operating_income": -17995000,
      "net_income": -18177000,
      "opex": 52652000,
      "cogs": 15834000,
      "rd": 423000,
      "sga": 33234000,
      "fcf": -9437000,
      "ocf": -9044000,
      "capex": -393000,
      "gross_margin": 0.5431226014946475,
      "op_margin": -0.5192313241192256,
      "fcf_margin": -0.27229708284040743,
      "incr_op_margin_yoy": 6.394247159090909,
      "rev_growth_yoy": 0.684259124264956,
      "op_leverage_ratio": 1.999130597363389,
      "fcf_margin_change": 0.9319237815746317
    },
    {
      "date": "2022-03-31T00:00:00",
      "quarter_label": "2022-03 (Q1)",
      "revenue": 33908000,
      "gross_profit": 20700000,
      "operating_income": -15448000,
      "net_income": -17501000,
      "opex": 49356000,
      "cogs": 13208000,
      "rd": 468000,
      "sga": 33442000,
      "fcf": -38211000,
      "ocf": -38199000,
      "capex": -12000,
      "gross_margin": 0.6104754040344461,
      "op_margin": -0.45558570248908814,
      "fcf_margin": -1.1269022059690927,
      "incr_op_margin_yoy": -1.082844879309549,
      "rev_growth_yoy": 1.770035127849032,
      "rev_growth_yoy_accel": 1.085776003584076,
      "fcf_margin_change": -0.8546051231286853
    },
    {
      "date": "2022-06-30T00:00:00",
      "quarter_label": "2022-06 (Q2)",
      "revenue": 37163000,
      "gross_profit": 21344000,
      "operating_income": -21348000,
      "net_income": -23471000,
      "opex": 58511000,
      "cogs": 15819000,
      "rd": null,
      "sga": 36875000,
      "fcf": -21119000,
      "ocf": -20888000,
      "capex": -231000,
      "gross_margin": 0.5743346877270403,
      "op_margin": -0.5744423216640206,
      "fcf_margin": -0.5682802787718968,
      "incr_op_margin_yoy": -0.5464075915047447,
      "rev_growth_yoy": 0.42397884895394283,
      "rev_growth_yoy_accel": -1.3460562788950892,
      "op_leverage_ratio": 0.5175239171602384,
      "fcf_margin_change": 0.5586219271971959
    },
    {
      "date": "2022-09-30T00:00:00",
      "quarter_label": "2022-09 (Q3)",
      "revenue": 33899000,
      "gross_profit": 20409000,
      "operating_income": -17897000,
      "net_income": -20276000,
      "opex": 51796000,
      "cogs": 13490000,
      "rd": null,
      "sga": 34794000,
      "fcf": -17560000,
      "ocf": -17051000,
      "capex": -509000,
      "gross_margin": 0.6020531579102628,
      "op_margin": -0.5279506770111213,
      "fcf_margin": -0.5180093808076934,
      "incr_op_margin_yoy": 0.16962060371088342,
      "rev_growth_yoy": 0.27072009596281443,
      "rev_growth_yoy_accel": -0.1532587529911284,
      "fcf_margin_change": 0.050270897964203365
    },
    {
      "date": "2022-12-31T00:00:00",
      "quarter_label": "2022-12 (Q4)",
      "revenue": 43646000,
      "gross_profit": 30276000,
      "operating_income": -10637000,
      "net_income": -13164000,
      "opex": 54283000,
      "cogs": 13370000,
      "rd": null,
      "sga": 36729000,
      "fcf": -9640000,
      "ocf": -8774000,
      "capex": -866000,
      "gross_margin": 0.6936718141410438,
      "op_margin": -0.24371076387297805,
      "fcf_margin": -0.220867891673922,
      "incr_op_margin_yoy": 0.8185560129046613,
      "rev_growth_yoy": 0.25937040136191825,
      "rev_growth_yoy_accel": -0.011349694600896187,
      "op_leverage_ratio": 5.988313328840933,
      "fcf_margin_change": 0.2971414891337714
    },
    {
      "date": "2023-03-31T00:00:00",
      "quarter_label": "2023-03 (Q1)",
      "revenue": 41721000,
      "gross_profit": 29575000,
      "operating_income": -12040000,
      "net_income": -14791000,
      "opex": 53761000,
      "cogs": 12146000,
      "rd": null,
      "sga": 37384000,
      "fcf": -20814000,
      "ocf": -20587000,
      "capex": -227000,
      "gross_margin": 0.7088756261834568,
      "op_margin": -0.2885836868723185,
      "fcf_margin": -0.4988854533688071,
      "incr_op_margin_yoy": 0.43619608345065913,
      "rev_growth_yoy": 0.23041760056623806,
      "rev_growth_yoy_accel": -0.02895280079568019,
      "fcf_margin_change": -0.27801756169488506
    },
    {
      "date": "2023-06-30T00:00:00",
      "quarter_label": "2023-06 (Q2)",
      "revenue": 49346000,
      "gross_profit": 34634000,
      "operating_income": -15118000,
      "net_income": -18140000,
      "opex": 64464000,
      "cogs": 14712000,
      "rd": null,
      "sga": 41174000,
      "fcf": -13318000,
      "ocf": -13310000,
      "capex": -8000,
      "gross_margin": 0.7018603331577028,
      "op_margin": -0.3063672840757103,
      "fcf_margin": -0.26989016333644067,
      "incr_op_margin_yoy": 0.5113683000902898,
      "rev_growth_yoy": 0.3278260635578398,
      "rev_growth_yoy_accel": 0.09740846299160172,
      "op_leverage_ratio": 0.9180090266655543,
      "fcf_margin_change": 0.2289952900323664
    },
    {
      "date": "2023-09-30T00:00:00",
      "quarter_label": "2023-09 (Q3)",
      "revenue": 50019000,
      "gross_profit": 34588000,
      "operating_income": -13440000,
      "net_income": -16923000,
      "opex": 63459000,
      "cogs": 15431000,
      "rd": null,
      "sga": 43328000,
      "fcf": -953000,
      "ocf": -924000,
      "capex": -29000,
      "gross_margin": 0.6914972310522002,
      "op_margin": -0.268697894799976,
      "fcf_margin": -0.019052759951218537,
      "incr_op_margin_yoy": 0.27648883374689825,
      "rev_growth_yoy": 0.4755302516298416,
      "rev_growth_yoy_accel": 0.1477041880720018,
      "op_leverage_ratio": Infinity,
      "fcf_margin_change": 0.25083740338522215
    },
    {
      "date": "2023-12-31T00:00:00",
      "quarter_label": "2023-12 (Q4)",
      "revenue": 60999000,
      "gross_profit": 41729000,
      "operating_income": -8635000,
      "net_income": -11831000,
      "opex": 69634000,
      "cogs": 19270000,
      "rd": null,
      "sga": 43058000,
      "fcf": 604000,
      "ocf": 813000,
      "capex": -209000,
      "gross_margin": 0.6840931818554402,
      "op_margin": -0.1415596976999623,
      "fcf_margin": 0.009901801668879818,
      "incr_op_margin_yoy": 0.11536910044372731,
      "rev_growth_yoy": 0.3975851166200797,
      "rev_growth_yoy_accel": -0.07794513500976186,
      "op_leverage_ratio": 2.2559194955309696,
      "fcf_margin_change": 0.028954561620098355
    },
    {
      "date": "2024-03-31T00:00:00",
      "quarter_label": "2024-03 (Q1)",
      "revenue": 59333000,
      "gross_profit": 40503000,
      "operating_income": -8922000,
      "net_income": -13109000,
      "opex": 68255000,
      "cogs": 18067000,
      "rd": null,
      "sga": 45123000,
      "fcf": -10871000,
      "ocf": -10615000,
      "capex": -256000,
      "gross_margin": 0.6826386665093624,
      "op_margin": -0.15037163130129944,
      "fcf_margin": -0.18322013045017108,
      "incr_op_margin_yoy": 0.17703838292073587,
      "rev_growth_yoy": 0.4221375326574147,
      "rev_growth_yoy_accel": 0.02455241603733499,
      "fcf_margin_change": -0.1931219321190509
    },
    {
      "date": "2024-06-30T00:00:00",
      "quarter_label": "2024-06 (Q2)",
      "revenue": 66909000,
      "gross_profit": 47068000,
      "operating_income": -7702000,
      "net_income": -11350000,
      "opex": 74611000,
      "cogs": 19077000,
      "rd": null,
      "sga": 50152000,
      "fcf": -6935000,
      "ocf": -6470000,
      "capex": -465000,
      "gross_margin": 0.7034629123137396,
      "op_margin": -0.11511156944506717,
      "fcf_margin": -0.10364823865249817,
      "incr_op_margin_yoy": 0.42225132380572794,
      "rev_growth_yoy": 0.3559153730798849,
      "rev_growth_yoy_accel": -0.0662221595775298,
      "op_leverage_ratio": 1.3711792760759354,
      "fcf_margin_change": 0.0795718917976729
    },
    {
      "date": "2024-09-30T00:00:00",
      "quarter_label": "2024-09 (Q3)",
      "revenue": 61085000,
      "gross_profit": 42099000,
      "operating_income": -15473000,
      "net_income": -19170000,
      "opex": 76558000,
      "cogs": 18223000,
      "rd": null,
      "sga": 52506000,
      "fcf": -6035000,
      "ocf": -5722000,
      "capex": -313000,
      "gross_margin": 0.6891871981664893,
      "op_margin": -0.2533027748219694,
      "fcf_margin": -0.09879675861504461,
      "incr_op_margin_yoy": -0.1837158864991867,
      "rev_growth_yoy": 0.22123593034646835,
      "rev_growth_yoy_accel": -0.13467944273341656,
      "fcf_margin_change": 0.004851480037453559
    },
    {
      "date": "2024-12-31T00:00:00",
      "quarter_label": "2024-12 (Q4)",
      "revenue": 78947000,
      "gross_profit": 52634000,
      "operating_income": -2314000,
      "net_income": -6791000,
      "opex": -2709000,
      "cogs": 28603000,
      "rd": null,
      "sga": 50244000,
      "fcf": 4370000,
      "ocf": 4808000,
      "capex": -438000,
      "gross_margin": 0.6667004446020748,
      "op_margin": -0.029310803450416104,
      "fcf_margin": 0.05535359165009437,
      "incr_op_margin_yoy": 0.35218408736349455,
      "rev_growth_yoy": 0.2942343317103559,
      "rev_growth_yoy_accel": 0.07299840136388755,
      "op_leverage_ratio": Infinity,
      "fcf_margin_change": 0.15415035026513899
    },
    {
      "date": "2025-03-31T00:00:00",
      "quarter_label": "2025-03 (Q1)",
      "revenue": 68522000,
      "gross_profit": 46655000,
      "operating_income": -15172000,
      "net_income": -18892000,
      "opex": 61827000,
      "cogs": 21867000,
      "rd": null,
      "sga": 56640000,
      "fcf": -15951000,
      "ocf": -15632000,
      "capex": -319000,
      "gross_margin": 0.680876214938268,
      "op_margin": -0.22141793876419252,
      "fcf_margin": -0.23278655030501152,
      "incr_op_margin_yoy": -0.6801610621395147,
      "rev_growth_yoy": 0.15487165658234034,
      "rev_growth_yoy_accel": -0.13936267512801556,
      "fcf_margin_change": -0.2881401419551059
    },
    {
      "date": "2025-06-30T00:00:00",
      "quarter_label": "2025-06 (Q2)",
      "revenue": 69387000,
      "gross_profit": 45320000,
      "operating_income": -10210000,
      "net_income": -17142000,
      "opex": 55530000,
      "cogs": 24067000,
      "rd": null,
      "sga": 56675000,
      "fcf": -25479000,
      "ocf": -24791000,
      "capex": -688000,
      "gross_margin": 0.6531482842607405,
      "op_margin": -0.1471457189387061,
      "fcf_margin": -0.36720134895585627,
      "incr_op_margin_yoy": -1.0121065375302662,
      "rev_growth_yoy": 0.037035376406761425,
      "rev_growth_yoy_accel": -0.11783628017557891,
      "op_leverage_ratio": Infinity,
      "fcf_margin_change": -0.13441479865084474
    },
    {
      "date": "2025-09-30T00:00:00",
      "quarter_label": "2025-09 (Q3)",
      "revenue": 68967000,
      "gross_profit": 45841000,
      "operating_income": -11500000,
      "net_income": -15737000,
      "opex": 57341000,
      "cogs": 23126000,
      "rd": null,
      "sga": 52816000,
      "fcf": -15624000,
      "ocf": -14669000,
      "capex": -955000,
      "gross_margin": 0.6646802093754984,
      "op_margin": -0.16674641495207854,
      "fcf_margin": -0.22654312932271956,
      "incr_op_margin_yoy": 0.5040598832783557,
      "rev_growth_yoy": 0.12903331423426373,
      "rev_growth_yoy_accel": 0.0919979378275023,
      "fcf_margin_change": 0.1406582196331367
    }
  ],
  "signals": [
    {
      "quarter": "2025-09 (Q3)",
      "signal": "FCF MARGIN EXPANSION",
      "detail": "FCF margin: -36.7% -> -22.7% (+14.1%)",
      "severity": "MEDIUM"
    },
    {
      "quarter": "2025-09 (Q3)",
      "signal": "YoY REVENUE GROWTH ACCELERATION",
      "detail": "YoY growth: +12.9% vs prior quarter YoY: +3.7% (accel: +9.2%)",
      "severity": "MEDIUM"
    },
    {
      "quarter": "2025-06 (Q2)",
      "signal": "YoY REVENUE GROWTH DECELERATION",
      "detail": "YoY growth: +3.7% vs prior quarter YoY: +15.5% (decel: -11.8%)",
      "severity": "WARNING"
    },
    {
      "quarter": "2025-03 (Q1)",
      "signal": "YoY REVENUE GROWTH DECELERATION",
      "detail": "YoY growth: +15.5% vs prior quarter YoY: +29.4% (decel: -13.9%)",
      "severity": "WARNING"
    },
    {
      "quarter": "2024-12 (Q4)",
      "signal": "FCF TURNED POSITIVE",
      "detail": "FCF margin: -9.9% -> +5.5%",
      "severity": "HIGH"
    },
    {
      "quarter": "2024-12 (Q4)",
      "signal": "YoY REVENUE GROWTH ACCELERATION",
      "detail": "YoY growth: +29.4% vs prior quarter YoY: +22.1% (accel: +7.3%)",
      "severity": "MEDIUM"
    },
    {
      "quarter": "2024-09 (Q3)",
      "signal": "YoY REVENUE GROWTH DECELERATION",
      "detail": "YoY growth: +22.1% vs prior quarter YoY: +35.6% (decel: -13.5%)",
      "severity": "WARNING"
    },
    {
      "quarter": "2024-06 (Q2)",
      "signal": "FCF MARGIN EXPANSION",
      "detail": "FCF margin: -18.3% -> -10.4% (+8.0%)",
      "severity": "MEDIUM"
    },
    {
      "quarter": "2024-06 (Q2)",
      "signal": "GROSS MARGIN INFLECTION",
      "detail": "GM: +68.4% -> +68.3% -> +70.3% (reversal +2.1%)",
      "severity": "MEDIUM"
    },
    {
      "quarter": "2024-06 (Q2)",
      "signal": "YoY REVENUE GROWTH DECELERATION",
      "detail": "YoY growth: +35.6% vs prior quarter YoY: +42.2% (decel: -6.6%)",
      "severity": "WARNING"
    },
    {
      "quarter": "2023-12 (Q4)",
      "signal": "FCF TURNED POSITIVE",
      "detail": "FCF margin: -1.9% -> +1.0%",
      "severity": "HIGH"
    },
    {
      "quarter": "2023-12 (Q4)",
      "signal": "OPERATING LEVERAGE",
      "detail": "Rev growth +22.0% vs OpEx growth +9.7% (leverage: 2.3x)",
      "severity": "MEDIUM"
    },
    {
      "quarter": "2023-12 (Q4)",
      "signal": "YoY REVENUE GROWTH DECELERATION",
      "detail": "YoY growth: +39.8% vs prior quarter YoY: +47.6% (decel: -7.8%)",
      "severity": "WARNING"
    },
    {
      "quarter": "2023-09 (Q3)",
      "signal": "FCF MARGIN EXPANSION",
      "detail": "FCF margin: -27.0% -> -1.9% (+25.1%)",
      "severity": "MEDIUM"
    },
    {
      "quarter": "2023-09 (Q3)",
      "signal": "YoY REVENUE GROWTH ACCELERATION",
      "detail": "YoY growth: +47.6% vs prior quarter YoY: +32.8% (accel: +14.8%)",
      "severity": "MEDIUM"
    },
    {
      "quarter": "2023-06 (Q2)",
      "signal": "FCF MARGIN EXPANSION",
      "detail": "FCF margin: -49.9% -> -27.0% (+22.9%)",
      "severity": "MEDIUM"
    },
    {
      "quarter": "2023-06 (Q2)",
      "signal": "YoY REVENUE GROWTH ACCELERATION",
      "detail": "YoY growth: +32.8% vs prior quarter YoY: +23.0% (accel: +9.7%)",
      "severity": "MEDIUM"
    },
    {
      "quarter": "2022-12 (Q4)",
      "signal": "FCF MARGIN EXPANSION",
      "detail": "FCF margin: -51.8% -> -22.1% (+29.7%)",
      "severity": "MEDIUM"
    },
    {
      "quarter": "2022-12 (Q4)",
      "signal": "OPERATING LEVERAGE",
      "detail": "Rev growth +28.8% vs OpEx growth +4.8% (leverage: 6.0x)",
      "severity": "MEDIUM"
    },
    {
      "quarter": "2022-09 (Q3)",
      "signal": "FCF MARGIN EXPANSION",
      "detail": "FCF margin: -56.8% -> -51.8% (+5.0%)",
      "severity": "MEDIUM"
    },
    {
      "quarter": "2022-09 (Q3)",
      "signal": "GROSS MARGIN INFLECTION",
      "detail": "GM: +61.0% -> +57.4% -> +60.2% (reversal +2.8%)",
      "severity": "MEDIUM"
    },
    {
      "quarter": "2022-09 (Q3)",
      "signal": "YoY REVENUE GROWTH DECELERATION",
      "detail": "YoY growth: +27.1% vs prior quarter YoY: +42.4% (decel: -15.3%)",
      "severity": "WARNING"
    },
    {
      "quarter": "2022-06 (Q2)",
      "signal": "FCF MARGIN EXPANSION",
      "detail": "FCF margin: -112.7% -> -56.8% (+55.9%)",
      "severity": "MEDIUM"
    },
    {
      "quarter": "2022-06 (Q2)",
      "signal": "YoY REVENUE GROWTH DECELERATION",
      "detail": "YoY growth: +42.4% vs prior quarter YoY: +177.0% (decel: -134.6%)",
      "severity": "WARNING"
    },
    {
      "quarter": "2022-03 (Q1)",
      "signal": "GROSS MARGIN INFLECTION",
      "detail": "GM: +56.9% -> +54.3% -> +61.0% (reversal +6.7%)",
      "severity": "HIGH"
    },
    {
      "quarter": "2022-03 (Q1)",
      "signal": "YoY REVENUE GROWTH ACCELERATION",
      "detail": "YoY growth: +177.0% vs prior quarter YoY: +68.4% (accel: +108.6%)",
      "severity": "HIGH"
    },
    {
      "quarter": "2021-12 (Q4)",
      "signal": "FCF MARGIN EXPANSION",
      "detail": "FCF margin: -120.4% -> -27.2% (+93.2%)",
      "severity": "MEDIUM"
    },
    {
      "quarter": "2021-12 (Q4)",
      "signal": "OPERATING LEVERAGE",
      "detail": "Rev growth +29.9% vs OpEx growth +15.0% (leverage: 2.0x)",
      "severity": "MEDIUM"
    },
    {
      "quarter": "2021-06 (Q2)",
      "signal": "FCF TURNED POSITIVE",
      "detail": "FCF margin: -68.1% -> +61.8%",
      "severity": "HIGH"
    },
    {
      "quarter": "2021-03 (Q1)",
      "signal": "OP MARGIN TURNED POSITIVE (QoQ)",
      "detail": "Op margin: -525.0% -> +65.5%",
      "severity": "HIGH"
    }
  ],
  "data_quality": {
    "n_quarters": 20,
    "coverage": {
      "revenue": [
        20,
        20
      ],
      "gross_profit": [
        20,
        20
      ],
      "op_income": [
        20,
        20
      ],
      "fcf": [
        20,
        20
      ]
    },
    "gaps": [],
    "warnings": []
  },
  "market_cap": null,
  "source": "SEC EDGAR",
  "last_updated": "2026-02-02T22:43:32.162804",
  "sector": "Healthcare",
  "industry": "Drug Manufacturers - Specialty & Generic"
}