{
  "ticker": "EOSE",
  "name": "EOS ENERGY ENTERPRISES, INC.",
  "quarters": [
    {
      "date": "2020-12-31T00:00:00",
      "quarter_label": "2020-12 (Q4)",
      "revenue": 184000,
      "gross_profit": 836000,
      "operating_income": -36993721,
      "net_income": -66706403,
      "opex": 15798000,
      "cogs": -652000,
      "rd": 5623000,
      "sga": null,
      "fcf": -17904000,
      "ocf": -16138000,
      "capex": -1766000,
      "gross_margin": 4.543478260869565,
      "op_margin": -201.05283152173914,
      "fcf_margin": -97.30434782608695
    },
    {
      "date": "2021-03-31T00:00:00",
      "quarter_label": "2021-03 (Q1)",
      "revenue": 164000,
      "gross_profit": 64000,
      "operating_income": -21651000,
      "net_income": -21456000,
      "opex": 21815000,
      "cogs": 100000,
      "rd": 5053000,
      "sga": null,
      "fcf": -14193000,
      "ocf": -9703000,
      "capex": -4490000,
      "gross_margin": 0.3902439024390244,
      "op_margin": -132.01829268292684,
      "fcf_margin": -86.54268292682927,
      "fcf_margin_change": 10.761664899257681
    },
    {
      "date": "2021-06-30T00:00:00",
      "quarter_label": "2021-06 (Q2)",
      "revenue": 612000,
      "gross_profit": -11752000,
      "operating_income": -49188000,
      "net_income": -54043000,
      "opex": 49800000,
      "cogs": 12364000,
      "rd": 3647000,
      "sga": null,
      "fcf": -42235000,
      "ocf": -39184000,
      "capex": -3051000,
      "gross_margin": -19.202614379084967,
      "op_margin": -80.37254901960785,
      "fcf_margin": -69.01143790849673,
      "op_leverage_ratio": 2.129433450846926,
      "fcf_margin_change": 17.53124501833254
    },
    {
      "date": "2021-09-30T00:00:00",
      "quarter_label": "2021-09 (Q3)",
      "revenue": 718000,
      "gross_profit": -12186000,
      "operating_income": -26286000,
      "net_income": -18124000,
      "opex": 27004000,
      "cogs": 12904000,
      "rd": 5118000,
      "sga": null,
      "fcf": -35523000,
      "ocf": -31718000,
      "capex": -3805000,
      "gross_margin": -16.972144846796656,
      "op_margin": -36.610027855153206,
      "fcf_margin": -49.47493036211699,
      "op_leverage_ratio": Infinity,
      "fcf_margin_change": 19.536507546379738
    },
    {
      "date": "2021-12-31T00:00:00",
      "quarter_label": "2021-12 (Q4)",
      "revenue": 3104000,
      "gross_profit": -18022000,
      "operating_income": -37599000,
      "net_income": -30593000,
      "opex": 40703000,
      "cogs": 21126000,
      "rd": 5375000,
      "sga": null,
      "fcf": -39785000,
      "ocf": -35542000,
      "capex": -4243000,
      "gross_margin": -5.806056701030927,
      "op_margin": -12.113079896907216,
      "fcf_margin": -12.817332474226804,
      "incr_op_margin_yoy": -0.20728732876712327,
      "rev_growth_yoy": 15.869565217391305,
      "op_leverage_ratio": 6.55066256386565,
      "fcf_margin_change": 36.65759788789019
    },
    {
      "date": "2022-03-31T00:00:00",
      "quarter_label": "2022-03 (Q1)",
      "revenue": 3298000,
      "gross_profit": -32287000,
      "operating_income": -51702000,
      "net_income": -45791000,
      "opex": 55000000,
      "cogs": 35585000,
      "rd": 4963000,
      "sga": null,
      "fcf": -47864000,
      "ocf": -42732000,
      "capex": -5132000,
      "gross_margin": -9.789872650090965,
      "op_margin": -15.676773802304426,
      "fcf_margin": -14.51303820497271,
      "incr_op_margin_yoy": -9.588704530950862,
      "rev_growth_yoy": 19.109756097560975,
      "rev_growth_yoy_accel": 3.2401908801696706,
      "op_leverage_ratio": 0.17793505630551865,
      "fcf_margin_change": -1.6957057307459067
    },
    {
      "date": "2022-06-30T00:00:00",
      "quarter_label": "2022-06 (Q2)",
      "revenue": 5895000,
      "gross_profit": -30971000,
      "operating_income": -57378000,
      "net_income": -56687000,
      "opex": 63273000,
      "cogs": 36866000,
      "rd": 5464000,
      "sga": null,
      "fcf": -50625000,
      "ocf": -44260000,
      "capex": -6365000,
      "gross_margin": -5.253774385072095,
      "op_margin": -9.733333333333333,
      "fcf_margin": -8.587786259541986,
      "incr_op_margin_yoy": -1.5502555366269166,
      "rev_growth_yoy": 8.632352941176471,
      "rev_growth_yoy_accel": -10.477403156384504,
      "op_leverage_ratio": 5.2350515610521695,
      "fcf_margin_change": 5.925251945430725
    },
    {
      "date": "2022-09-30T00:00:00",
      "quarter_label": "2022-09 (Q3)",
      "revenue": 6065000,
      "gross_profit": -43960000,
      "operating_income": -63569000,
      "net_income": -70722000,
      "opex": 69634000,
      "cogs": 50025000,
      "rd": 4462000,
      "sga": null,
      "fcf": -79418000,
      "ocf": -72137000,
      "capex": -7281000,
      "gross_margin": -7.248145094806265,
      "op_margin": -10.481286067600989,
      "fcf_margin": -13.094476504534212,
      "incr_op_margin_yoy": -6.972694969141575,
      "rev_growth_yoy": 7.447075208913649,
      "rev_growth_yoy_accel": -1.185277732262822,
      "op_leverage_ratio": 0.2868521720903422,
      "fcf_margin_change": -4.506690244992226
    },
    {
      "date": "2022-12-31T00:00:00",
      "quarter_label": "2022-12 (Q4)",
      "revenue": 2666000,
      "gross_profit": -28126000,
      "operating_income": -48609000,
      "net_income": -56613000,
      "opex": 51275000,
      "cogs": 30792000,
      "rd": 3580000,
      "sga": null,
      "fcf": -39022000,
      "ocf": -37728000,
      "capex": -1294000,
      "gross_margin": -10.549887471867967,
      "op_margin": -18.232933233308326,
      "fcf_margin": -14.636909227306827,
      "rev_growth_yoy": -0.1411082474226804,
      "rev_growth_yoy_accel": -7.5881834563363295,
      "fcf_margin_change": -1.542432722772615
    },
    {
      "date": "2023-03-31T00:00:00",
      "quarter_label": "2023-03 (Q1)",
      "revenue": 8835000,
      "gross_profit": -18105000,
      "operating_income": -38265000,
      "net_income": -71600000,
      "opex": 47100000,
      "cogs": 26940000,
      "rd": 5445000,
      "sga": null,
      "fcf": -33375000,
      "ocf": -30478000,
      "capex": -2897000,
      "gross_margin": -2.0492359932088284,
      "op_margin": -4.33106960950764,
      "fcf_margin": -3.7775891341256367,
      "incr_op_margin_yoy": 2.4267653964240563,
      "rev_growth_yoy": 1.6788963007883566,
      "rev_growth_yoy_accel": 1.820004548211037,
      "op_leverage_ratio": Infinity,
      "fcf_margin_change": 10.85932009318119
    },
    {
      "date": "2023-06-30T00:00:00",
      "quarter_label": "2023-06 (Q2)",
      "revenue": 249000,
      "gross_profit": -10997000,
      "operating_income": -34597000,
      "net_income": -131630000,
      "opex": 34846000,
      "cogs": 11246000,
      "rd": 5026000,
      "sga": null,
      "fcf": -52307000,
      "ocf": -45104000,
      "capex": -7203000,
      "gross_margin": -44.16465863453815,
      "op_margin": -138.9437751004016,
      "fcf_margin": -210.06827309236948,
      "incr_op_margin_yoy": -4.034891958908962,
      "rev_growth_yoy": -0.9577608142493639,
      "rev_growth_yoy_accel": -2.6366571150377203,
      "fcf_margin_change": -206.29068395824385
    },
    {
      "date": "2023-09-30T00:00:00",
      "quarter_label": "2023-09 (Q3)",
      "revenue": 684000,
      "gross_profit": -20578000,
      "operating_income": -37837000,
      "net_income": 14932000,
      "opex": 38521000,
      "cogs": 21262000,
      "rd": 3228000,
      "sga": null,
      "fcf": -43082000,
      "ocf": -31996000,
      "capex": -11086000,
      "gross_margin": -30.084795321637426,
      "op_margin": -55.317251461988306,
      "fcf_margin": -62.985380116959064,
      "incr_op_margin_yoy": -4.782010778665676,
      "rev_growth_yoy": -0.8872217642209398,
      "rev_growth_yoy_accel": 0.07053905002842409,
      "op_leverage_ratio": 16.56477337923121,
      "fcf_margin_change": 147.0828929754104
    },
    {
      "date": "2023-12-31T00:00:00",
      "quarter_label": "2023-12 (Q4)",
      "revenue": 6610000,
      "gross_profit": -23740000,
      "operating_income": -42238000,
      "net_income": -41208000,
      "opex": -40950000,
      "cogs": 30350000,
      "rd": 5009000,
      "sga": null,
      "fcf": -45577000,
      "ocf": -37440000,
      "capex": -8137000,
      "gross_margin": -3.5915279878971256,
      "op_margin": -6.390015128593041,
      "fcf_margin": -6.895158850226929,
      "incr_op_margin_yoy": 1.6153651115618661,
      "rev_growth_yoy": 1.4793698424606152,
      "rev_growth_yoy_accel": 2.366591606681555,
      "op_leverage_ratio": Infinity,
      "fcf_margin_change": 56.09022126673214
    },
    {
      "date": "2024-03-31T00:00:00",
      "quarter_label": "2024-03 (Q1)",
      "revenue": 6601000,
      "gross_profit": -21628000,
      "operating_income": -41135000,
      "net_income": -46708000,
      "opex": 47736000,
      "cogs": 28229000,
      "rd": 5200000,
      "sga": 14242000,
      "fcf": -44516000,
      "ocf": -40474000,
      "capex": -4042000,
      "gross_margin": -3.276473261627026,
      "op_margin": -6.231631570974095,
      "fcf_margin": -6.743826692925315,
      "incr_op_margin_yoy": 1.2846911369740377,
      "rev_growth_yoy": -0.25285795132993777,
      "rev_growth_yoy_accel": -1.732227793790553,
      "fcf_margin_change": 0.15133215730161442
    },
    {
      "date": "2024-06-30T00:00:00",
      "quarter_label": "2024-06 (Q2)",
      "revenue": 898000,
      "gross_profit": -13223000,
      "operating_income": -29037000,
      "net_income": -28172000,
      "opex": 29935000,
      "cogs": 14121000,
      "rd": 4250000,
      "sga": 11293000,
      "fcf": -32582000,
      "ocf": -26333000,
      "capex": -6249000,
      "gross_margin": -14.724944320712694,
      "op_margin": -32.33518930957684,
      "fcf_margin": -36.28285077951002,
      "rev_growth_yoy": 2.606425702811245,
      "rev_growth_yoy_accel": 2.8592836541411826,
      "fcf_margin_change": -29.539024086584707
    },
    {
      "date": "2024-09-30T00:00:00",
      "quarter_label": "2024-09 (Q3)",
      "revenue": 854000,
      "gross_profit": -24910000,
      "operating_income": -53326000,
      "net_income": -342866000,
      "opex": 54180000,
      "cogs": 25764000,
      "rd": 7428000,
      "sga": 17796000,
      "fcf": -54208000,
      "ocf": -44445000,
      "capex": -9763000,
      "gross_margin": -29.16861826697892,
      "op_margin": -62.442622950819676,
      "fcf_margin": -63.47540983606557,
      "rev_growth_yoy": 0.24853801169590642,
      "rev_growth_yoy_accel": -2.3578876911153386,
      "fcf_margin_change": -27.192559056555552
    },
    {
      "date": "2024-12-31T00:00:00",
      "quarter_label": "2024-12 (Q4)",
      "revenue": 7253000,
      "gross_profit": -23500000,
      "operating_income": -51701000,
      "net_income": -268124000,
      "opex": -39913000,
      "cogs": 30753000,
      "rd": 5880000,
      "sga": 16716000,
      "fcf": -55782000,
      "ocf": -42684000,
      "capex": -13098000,
      "gross_margin": -3.24003860471529,
      "op_margin": -7.128222804356818,
      "fcf_margin": -7.690886529711843,
      "rev_growth_yoy": 0.09727685325264751,
      "rev_growth_yoy_accel": -0.1512611584432589,
      "op_leverage_ratio": Infinity,
      "fcf_margin_change": 55.784523306353734
    },
    {
      "date": "2025-03-31T00:00:00",
      "quarter_label": "2025-03 (Q1)",
      "revenue": 10457000,
      "gross_profit": -24539000,
      "operating_income": -52932000,
      "net_income": 15136000,
      "opex": 28393000,
      "cogs": 34996000,
      "rd": 6837000,
      "sga": 20995000,
      "fcf": -33842000,
      "ocf": -28924000,
      "capex": -4918000,
      "gross_margin": -2.346657741225973,
      "op_margin": -5.0618724299512285,
      "fcf_margin": -3.2363010423639667,
      "incr_op_margin_yoy": -3.0593879668049793,
      "rev_growth_yoy": 0.5841539160733222,
      "rev_growth_yoy_accel": 0.4868770628206747,
      "op_leverage_ratio": Infinity,
      "fcf_margin_change": 4.4545854873478765
    },
    {
      "date": "2025-06-30T00:00:00",
      "quarter_label": "2025-06 (Q2)",
      "revenue": 15236000,
      "gross_profit": -30953000,
      "operating_income": -63847000,
      "net_income": -222937000,
      "opex": 32894000,
      "cogs": 46189000,
      "rd": 7201000,
      "sga": 25488000,
      "fcf": -73163000,
      "ocf": -66122000,
      "capex": -7041000,
      "gross_margin": -2.031569965870307,
      "op_margin": -4.190535573641376,
      "fcf_margin": -4.801982147545288,
      "incr_op_margin_yoy": -2.427814200027898,
      "rev_growth_yoy": 15.966592427616927,
      "rev_growth_yoy_accel": 15.382438511543604,
      "op_leverage_ratio": 2.882917351125972,
      "fcf_margin_change": -1.565681105181321
    },
    {
      "date": "2025-09-30T00:00:00",
      "quarter_label": "2025-09 (Q3)",
      "revenue": 30512000,
      "gross_profit": -33925000,
      "operating_income": -61221000,
      "net_income": -641393000,
      "opex": 27296000,
      "cogs": 64437000,
      "rd": 6925000,
      "sga": 19786000,
      "fcf": -82725000,
      "ocf": -65880000,
      "capex": -16845000,
      "gross_margin": -1.1118576297850027,
      "op_margin": -2.006456476140535,
      "fcf_margin": -2.71122836916623,
      "incr_op_margin_yoy": -0.2662013621956976,
      "rev_growth_yoy": 34.72833723653396,
      "rev_growth_yoy_accel": 18.761744808917033,
      "op_leverage_ratio": Infinity,
      "fcf_margin_change": 2.090753778379058
    }
  ],
  "signals": [
    {
      "quarter": "2025-09 (Q3)",
      "signal": "FCF MARGIN EXPANSION",
      "detail": "FCF margin: -480.2% -> -271.1% (+209.1%)",
      "severity": "MEDIUM"
    },
    {
      "quarter": "2025-09 (Q3)",
      "signal": "YoY REVENUE GROWTH ACCELERATION",
      "detail": "YoY growth: +3472.8% vs prior quarter YoY: +1596.7% (accel: +1876.2%)",
      "severity": "HIGH"
    },
    {
      "quarter": "2025-06 (Q2)",
      "signal": "OPERATING LEVERAGE",
      "detail": "Rev growth +45.7% vs OpEx growth +15.9% (leverage: 2.9x)",
      "severity": "MEDIUM"
    },
    {
      "quarter": "2025-06 (Q2)",
      "signal": "YoY REVENUE GROWTH ACCELERATION",
      "detail": "YoY growth: +1596.7% vs prior quarter YoY: +58.4% (accel: +1538.2%)",
      "severity": "HIGH"
    },
    {
      "quarter": "2025-03 (Q1)",
      "signal": "FCF MARGIN EXPANSION",
      "detail": "FCF margin: -769.1% -> -323.6% (+445.5%)",
      "severity": "MEDIUM"
    },
    {
      "quarter": "2025-03 (Q1)",
      "signal": "YoY REVENUE GROWTH ACCELERATION",
      "detail": "YoY growth: +58.4% vs prior quarter YoY: +9.7% (accel: +48.7%)",
      "severity": "HIGH"
    },
    {
      "quarter": "2024-12 (Q4)",
      "signal": "FCF MARGIN EXPANSION",
      "detail": "FCF margin: -6347.5% -> -769.1% (+5578.5%)",
      "severity": "MEDIUM"
    },
    {
      "quarter": "2024-12 (Q4)",
      "signal": "GROSS MARGIN INFLECTION",
      "detail": "GM: -1472.5% -> -2916.9% -> -324.0% (reversal +2592.9%)",
      "severity": "HIGH"
    },
    {
      "quarter": "2024-12 (Q4)",
      "signal": "YoY REVENUE GROWTH DECELERATION",
      "detail": "YoY growth: +9.7% vs prior quarter YoY: +24.9% (decel: -15.1%)",
      "severity": "WARNING"
    },
    {
      "quarter": "2024-09 (Q3)",
      "signal": "YoY REVENUE GROWTH DECELERATION",
      "detail": "YoY growth: +24.9% vs prior quarter YoY: +260.6% (decel: -235.8%)",
      "severity": "WARNING"
    },
    {
      "quarter": "2024-06 (Q2)",
      "signal": "YoY REVENUE GROWTH ACCELERATION",
      "detail": "YoY growth: +260.6% vs prior quarter YoY: -25.3% (accel: +285.9%)",
      "severity": "HIGH"
    },
    {
      "quarter": "2024-03 (Q1)",
      "signal": "FCF MARGIN EXPANSION",
      "detail": "FCF margin: -689.5% -> -674.4% (+15.1%)",
      "severity": "MEDIUM"
    },
    {
      "quarter": "2024-03 (Q1)",
      "signal": "YoY REVENUE GROWTH DECELERATION",
      "detail": "YoY growth: -25.3% vs prior quarter YoY: +147.9% (decel: -173.2%)",
      "severity": "WARNING"
    },
    {
      "quarter": "2023-12 (Q4)",
      "signal": "FCF MARGIN EXPANSION",
      "detail": "FCF margin: -6298.5% -> -689.5% (+5609.0%)",
      "severity": "MEDIUM"
    },
    {
      "quarter": "2023-12 (Q4)",
      "signal": "YoY REVENUE GROWTH ACCELERATION",
      "detail": "YoY growth: +147.9% vs prior quarter YoY: -88.7% (accel: +236.7%)",
      "severity": "HIGH"
    },
    {
      "quarter": "2023-09 (Q3)",
      "signal": "FCF MARGIN EXPANSION",
      "detail": "FCF margin: -21006.8% -> -6298.5% (+14708.3%)",
      "severity": "MEDIUM"
    },
    {
      "quarter": "2023-09 (Q3)",
      "signal": "OPERATING LEVERAGE",
      "detail": "Rev growth +174.7% vs OpEx growth +10.5% (leverage: 16.6x)",
      "severity": "MEDIUM"
    },
    {
      "quarter": "2023-09 (Q3)",
      "signal": "GROSS MARGIN INFLECTION",
      "detail": "GM: -204.9% -> -4416.5% -> -3008.5% (reversal +1408.0%)",
      "severity": "HIGH"
    },
    {
      "quarter": "2023-09 (Q3)",
      "signal": "YoY REVENUE GROWTH ACCELERATION",
      "detail": "YoY growth: -88.7% vs prior quarter YoY: -95.8% (accel: +7.1%)",
      "severity": "MEDIUM"
    },
    {
      "quarter": "2023-06 (Q2)",
      "signal": "YoY REVENUE GROWTH DECELERATION",
      "detail": "YoY growth: -95.8% vs prior quarter YoY: +167.9% (decel: -263.7%)",
      "severity": "WARNING"
    },
    {
      "quarter": "2023-03 (Q1)",
      "signal": "FCF MARGIN EXPANSION",
      "detail": "FCF margin: -1463.7% -> -377.8% (+1085.9%)",
      "severity": "MEDIUM"
    },
    {
      "quarter": "2023-03 (Q1)",
      "signal": "GROSS MARGIN INFLECTION",
      "detail": "GM: -724.8% -> -1055.0% -> -204.9% (reversal +850.1%)",
      "severity": "HIGH"
    },
    {
      "quarter": "2023-03 (Q1)",
      "signal": "YoY REVENUE GROWTH ACCELERATION",
      "detail": "YoY growth: +167.9% vs prior quarter YoY: -14.1% (accel: +182.0%)",
      "severity": "HIGH"
    },
    {
      "quarter": "2022-12 (Q4)",
      "signal": "YoY REVENUE GROWTH DECELERATION",
      "detail": "YoY growth: -14.1% vs prior quarter YoY: +744.7% (decel: -758.8%)",
      "severity": "WARNING"
    },
    {
      "quarter": "2022-09 (Q3)",
      "signal": "YoY REVENUE GROWTH DECELERATION",
      "detail": "YoY growth: +744.7% vs prior quarter YoY: +863.2% (decel: -118.5%)",
      "severity": "WARNING"
    },
    {
      "quarter": "2022-06 (Q2)",
      "signal": "FCF MARGIN EXPANSION",
      "detail": "FCF margin: -1451.3% -> -858.8% (+592.5%)",
      "severity": "MEDIUM"
    },
    {
      "quarter": "2022-06 (Q2)",
      "signal": "OPERATING LEVERAGE",
      "detail": "Rev growth +78.7% vs OpEx growth +15.0% (leverage: 5.2x)",
      "severity": "MEDIUM"
    },
    {
      "quarter": "2022-06 (Q2)",
      "signal": "GROSS MARGIN INFLECTION",
      "detail": "GM: -580.6% -> -979.0% -> -525.4% (reversal +453.6%)",
      "severity": "HIGH"
    },
    {
      "quarter": "2022-06 (Q2)",
      "signal": "YoY REVENUE GROWTH DECELERATION",
      "detail": "YoY growth: +863.2% vs prior quarter YoY: +1911.0% (decel: -1047.7%)",
      "severity": "WARNING"
    },
    {
      "quarter": "2022-03 (Q1)",
      "signal": "YoY REVENUE GROWTH ACCELERATION",
      "detail": "YoY growth: +1911.0% vs prior quarter YoY: +1587.0% (accel: +324.0%)",
      "severity": "HIGH"
    },
    {
      "quarter": "2021-12 (Q4)",
      "signal": "FCF MARGIN EXPANSION",
      "detail": "FCF margin: -4947.5% -> -1281.7% (+3665.8%)",
      "severity": "MEDIUM"
    },
    {
      "quarter": "2021-12 (Q4)",
      "signal": "OPERATING LEVERAGE",
      "detail": "Rev growth +332.3% vs OpEx growth +50.7% (leverage: 6.6x)",
      "severity": "MEDIUM"
    },
    {
      "quarter": "2021-09 (Q3)",
      "signal": "FCF MARGIN EXPANSION",
      "detail": "FCF margin: -6901.1% -> -4947.5% (+1953.7%)",
      "severity": "MEDIUM"
    },
    {
      "quarter": "2021-09 (Q3)",
      "signal": "GROSS MARGIN INFLECTION",
      "detail": "GM: +39.0% -> -1920.3% -> -1697.2% (reversal +223.0%)",
      "severity": "HIGH"
    },
    {
      "quarter": "2021-06 (Q2)",
      "signal": "FCF MARGIN EXPANSION",
      "detail": "FCF margin: -8654.3% -> -6901.1% (+1753.1%)",
      "severity": "MEDIUM"
    },
    {
      "quarter": "2021-06 (Q2)",
      "signal": "OPERATING LEVERAGE",
      "detail": "Rev growth +273.2% vs OpEx growth +128.3% (leverage: 2.1x)",
      "severity": "MEDIUM"
    },
    {
      "quarter": "2021-03 (Q1)",
      "signal": "FCF MARGIN EXPANSION",
      "detail": "FCF margin: -9730.4% -> -8654.3% (+1076.2%)",
      "severity": "MEDIUM"
    }
  ],
  "data_quality": {
    "n_quarters": 20,
    "coverage": {
      "revenue": [
        20,
        20
      ],
      "gross_profit": [
        20,
        20
      ],
      "op_income": [
        20,
        20
      ],
      "fcf": [
        20,
        20
      ]
    },
    "gaps": [],
    "warnings": []
  },
  "market_cap": null,
  "source": "SEC EDGAR",
  "last_updated": "2026-02-02T21:05:22.534066",
  "sector": "Industrials",
  "industry": "Electrical Equipment & Parts"
}