{
  "ticker": "EP-PC",
  "name": "KINDER MORGAN, INC.",
  "quarters": [
    {
      "date": "2020-12-31T00:00:00",
      "quarter_label": "2020-12 (Q4)",
      "revenue": 3115000000,
      "gross_profit": 2329000000,
      "operating_income": 980000000,
      "net_income": 607000000,
      "opex": 2135000000,
      "cogs": 786000000,
      "rd": null,
      "sga": null,
      "fcf": 912000000,
      "ocf": 1268000000,
      "capex": -356000000,
      "gross_margin": 0.7476725521669342,
      "op_margin": 0.3146067415730337,
      "fcf_margin": 0.292776886035313
    },
    {
      "date": "2021-03-31T00:00:00",
      "quarter_label": "2021-03 (Q1)",
      "revenue": 5211000000,
      "gross_profit": 3202000000,
      "operating_income": 1886000000,
      "net_income": 1409000000,
      "opex": 3325000000,
      "cogs": 2009000000,
      "rd": null,
      "sga": null,
      "fcf": 1606000000,
      "ocf": 1873000000,
      "capex": -267000000,
      "gross_margin": 0.6144693916714642,
      "op_margin": 0.3619266935329111,
      "fcf_margin": 0.30819420456726154,
      "op_leverage_ratio": 1.2072136719856483,
      "fcf_margin_change": 0.015417318531948554
    },
    {
      "date": "2021-06-30T00:00:00",
      "quarter_label": "2021-06 (Q2)",
      "revenue": 3150000000,
      "gross_profit": 2214000000,
      "operating_income": -764000000,
      "net_income": -757000000,
      "opex": 3914000000,
      "cogs": 936000000,
      "rd": null,
      "sga": null,
      "fcf": 1160000000,
      "ocf": 1438000000,
      "capex": -278000000,
      "gross_margin": 0.7028571428571428,
      "op_margin": -0.24253968253968253,
      "fcf_margin": 0.3682539682539683,
      "fcf_margin_change": 0.060059763686706735
    },
    {
      "date": "2021-09-30T00:00:00",
      "quarter_label": "2021-09 (Q3)",
      "revenue": 3824000000,
      "gross_profit": 2265000000,
      "operating_income": 844000000,
      "net_income": 495000000,
      "opex": 2980000000,
      "cogs": 1559000000,
      "rd": null,
      "sga": null,
      "fcf": 780000000,
      "ocf": 1129000000,
      "capex": -349000000,
      "gross_margin": 0.5923117154811716,
      "op_margin": 0.22071129707112971,
      "fcf_margin": 0.20397489539748953,
      "op_leverage_ratio": Infinity,
      "fcf_margin_change": -0.16427907285647875
    },
    {
      "date": "2021-12-31T00:00:00",
      "quarter_label": "2021-12 (Q4)",
      "revenue": 4425000000,
      "gross_profit": 2436000000,
      "operating_income": 950000000,
      "net_income": 637000000,
      "opex": -9596000000,
      "cogs": 1989000000,
      "rd": null,
      "sga": null,
      "fcf": 881000000,
      "ocf": 1268000000,
      "capex": -387000000,
      "gross_margin": 0.5505084745762712,
      "op_margin": 0.21468926553672316,
      "fcf_margin": 0.1990960451977401,
      "incr_op_margin_yoy": -0.022900763358778626,
      "rev_growth_yoy": 0.420545746388443,
      "op_leverage_ratio": Infinity,
      "fcf_margin_change": -0.004878850199749429
    },
    {
      "date": "2022-03-31T00:00:00",
      "quarter_label": "2022-03 (Q1)",
      "revenue": 4293000000,
      "gross_profit": 2399000000,
      "operating_income": 1024000000,
      "net_income": 667000000,
      "opex": 3269000000,
      "cogs": 1894000000,
      "rd": null,
      "sga": null,
      "fcf": 677000000,
      "ocf": 1084000000,
      "capex": -407000000,
      "gross_margin": 0.5588166783135337,
      "op_margin": 0.23852783601211275,
      "fcf_margin": 0.15769857908222687,
      "incr_op_margin_yoy": 0.9389978213507625,
      "rev_growth_yoy": -0.17616580310880828,
      "rev_growth_yoy_accel": -0.5967115494972512,
      "fcf_margin_change": -0.04139746611551323
    },
    {
      "date": "2022-06-30T00:00:00",
      "quarter_label": "2022-06 (Q2)",
      "revenue": 5151000000,
      "gross_profit": 2468000000,
      "operating_income": 1006000000,
      "net_income": 635000000,
      "opex": 4145000000,
      "cogs": 2683000000,
      "rd": null,
      "sga": null,
      "fcf": 1192000000,
      "ocf": 1564000000,
      "capex": -372000000,
      "gross_margin": 0.47913026596777325,
      "op_margin": 0.19530188312948943,
      "fcf_margin": 0.23141137643176082,
      "incr_op_margin_yoy": 0.8845577211394303,
      "rev_growth_yoy": 0.6352380952380953,
      "rev_growth_yoy_accel": 0.8114038983469035,
      "op_leverage_ratio": 0.7458254756867663,
      "fcf_margin_change": 0.07371279734953395
    },
    {
      "date": "2022-09-30T00:00:00",
      "quarter_label": "2022-09 (Q3)",
      "revenue": 5177000000,
      "gross_profit": 2460000000,
      "operating_income": 931000000,
      "net_income": 576000000,
      "opex": 4246000000,
      "cogs": 2717000000,
      "rd": null,
      "sga": null,
      "fcf": 550000000,
      "ocf": 915000000,
      "capex": -365000000,
      "gross_margin": 0.475178674908248,
      "op_margin": 0.17983388062584507,
      "fcf_margin": 0.10623913463395789,
      "incr_op_margin_yoy": 0.06430155210643015,
      "rev_growth_yoy": 0.35381799163179917,
      "rev_growth_yoy_accel": -0.2814201036062961,
      "fcf_margin_change": -0.12517224179780295
    },
    {
      "date": "2022-12-31T00:00:00",
      "quarter_label": "2022-12 (Q4)",
      "revenue": 4579000000,
      "gross_profit": 2618000000,
      "operating_income": 1104000000,
      "net_income": 670000000,
      "opex": -11067000000,
      "cogs": 1961000000,
      "rd": null,
      "sga": null,
      "fcf": 927000000,
      "ocf": 1404000000,
      "capex": -477000000,
      "gross_margin": 0.5717405547062677,
      "op_margin": 0.2411006770037126,
      "fcf_margin": 0.2024459488971391,
      "incr_op_margin_yoy": 1.0,
      "rev_growth_yoy": 0.03480225988700565,
      "rev_growth_yoy_accel": -0.31901573174479353,
      "fcf_margin_change": 0.09620681426318121
    },
    {
      "date": "2023-03-31T00:00:00",
      "quarter_label": "2023-03 (Q1)",
      "revenue": 3888000000,
      "gross_profit": 2673000000,
      "operating_income": 1194000000,
      "net_income": 679000000,
      "opex": 179000000,
      "cogs": 1215000000,
      "rd": null,
      "sga": null,
      "fcf": 826000000,
      "ocf": 1333000000,
      "capex": -507000000,
      "gross_margin": 0.6875,
      "op_margin": 0.30709876543209874,
      "fcf_margin": 0.21244855967078188,
      "incr_op_margin_yoy": -0.41975308641975306,
      "rev_growth_yoy": -0.09433962264150944,
      "rev_growth_yoy_accel": -0.1291418825285151,
      "fcf_margin_change": 0.010002610773642784
    },
    {
      "date": "2023-06-30T00:00:00",
      "quarter_label": "2023-06 (Q2)",
      "revenue": 3501000000,
      "gross_profit": 2530000000,
      "operating_income": 1030000000,
      "net_income": 586000000,
      "opex": 179000000,
      "cogs": 971000000,
      "rd": null,
      "sga": null,
      "fcf": 1015000000,
      "ocf": 1550000000,
      "capex": -535000000,
      "gross_margin": 0.7226506712367895,
      "op_margin": 0.29420165666952297,
      "fcf_margin": 0.28991716652385036,
      "incr_op_margin_yoy": -0.014545454545454545,
      "rev_growth_yoy": -0.32032615026208505,
      "rev_growth_yoy_accel": -0.2259865276205756,
      "fcf_margin_change": 0.07746860685306847
    },
    {
      "date": "2023-09-30T00:00:00",
      "quarter_label": "2023-09 (Q3)",
      "revenue": 3907000000,
      "gross_profit": 2502000000,
      "operating_income": 938000000,
      "net_income": 532000000,
      "opex": 176000000,
      "cogs": 1405000000,
      "rd": null,
      "sga": null,
      "fcf": 639000000,
      "ocf": 1286000000,
      "capex": -647000000,
      "gross_margin": 0.6403890453033018,
      "op_margin": 0.2400819042743793,
      "fcf_margin": 0.16355259790120297,
      "incr_op_margin_yoy": -0.005511811023622047,
      "rev_growth_yoy": -0.24531581997295732,
      "rev_growth_yoy_accel": 0.07501033028912774,
      "op_leverage_ratio": Infinity,
      "fcf_margin_change": -0.1263645686226474
    },
    {
      "date": "2023-12-31T00:00:00",
      "quarter_label": "2023-12 (Q4)",
      "revenue": 4038000000,
      "gross_profit": 2691000000,
      "operating_income": 1101000000,
      "net_income": 594000000,
      "opex": 225000000,
      "cogs": 1347000000,
      "rd": null,
      "sga": null,
      "fcf": 1694000000,
      "ocf": 2322000000,
      "capex": -628000000,
      "gross_margin": 0.6664190193164933,
      "op_margin": 0.2726597325408618,
      "fcf_margin": 0.41951461119366024,
      "incr_op_margin_yoy": 0.005545286506469501,
      "rev_growth_yoy": -0.11814806726359467,
      "rev_growth_yoy_accel": 0.12716775270936265,
      "op_leverage_ratio": 0.12043271365367238,
      "fcf_margin_change": 0.25596201329245727
    },
    {
      "date": "2024-03-31T00:00:00",
      "quarter_label": "2024-03 (Q1)",
      "revenue": 3842000000,
      "gross_profit": 2735000000,
      "operating_income": 1223000000,
      "net_income": 746000000,
      "opex": 180000000,
      "cogs": 1107000000,
      "rd": null,
      "sga": null,
      "fcf": 570000000,
      "ocf": 1189000000,
      "capex": -619000000,
      "gross_margin": 0.7118688183237897,
      "op_margin": 0.3183237896928683,
      "fcf_margin": 0.14836022904737117,
      "incr_op_margin_yoy": -0.6304347826086957,
      "rev_growth_yoy": -0.011831275720164609,
      "rev_growth_yoy_accel": 0.10631679154343006,
      "fcf_margin_change": -0.27115438214628906
    },
    {
      "date": "2024-06-30T00:00:00",
      "quarter_label": "2024-06 (Q2)",
      "revenue": 3572000000,
      "gross_profit": 2605000000,
      "operating_income": 1038000000,
      "net_income": 575000000,
      "opex": 184000000,
      "cogs": 967000000,
      "rd": null,
      "sga": null,
      "fcf": 1106000000,
      "ocf": 1687000000,
      "capex": -581000000,
      "gross_margin": 0.7292833146696529,
      "op_margin": 0.29059350503919373,
      "fcf_margin": 0.30963045912653975,
      "incr_op_margin_yoy": 0.11267605633802817,
      "rev_growth_yoy": 0.020279920022850614,
      "rev_growth_yoy_accel": 0.03211119574301522,
      "fcf_margin_change": 0.16127023007916857
    },
    {
      "date": "2024-09-30T00:00:00",
      "quarter_label": "2024-09 (Q3)",
      "revenue": 3699000000,
      "gross_profit": 2675000000,
      "operating_income": 1015000000,
      "net_income": 625000000,
      "opex": 181000000,
      "cogs": 1024000000,
      "rd": null,
      "sga": null,
      "fcf": 592000000,
      "ocf": 1249000000,
      "capex": -657000000,
      "gross_margin": 0.7231684238983509,
      "op_margin": 0.2743984860773182,
      "fcf_margin": 0.1600432549337659,
      "incr_op_margin_yoy": -0.3701923076923077,
      "rev_growth_yoy": -0.05323777834655746,
      "rev_growth_yoy_accel": -0.07351769836940808,
      "op_leverage_ratio": Infinity,
      "fcf_margin_change": -0.14958720419277385
    },
    {
      "date": "2024-12-31T00:00:00",
      "quarter_label": "2024-12 (Q4)",
      "revenue": 3987000000,
      "gross_profit": 2748000000,
      "operating_income": 1108000000,
      "net_income": 667000000,
      "opex": 191000000,
      "cogs": 1239000000,
      "rd": null,
      "sga": null,
      "fcf": 738000000,
      "ocf": 1510000000,
      "capex": -772000000,
      "gross_margin": 0.6892400300978179,
      "op_margin": 0.2779031853523953,
      "fcf_margin": 0.18510158013544017,
      "incr_op_margin_yoy": -0.13725490196078433,
      "rev_growth_yoy": -0.01263001485884101,
      "rev_growth_yoy_accel": 0.040607763487716456,
      "op_leverage_ratio": 1.4092457420924576,
      "fcf_margin_change": 0.02505832520167428
    },
    {
      "date": "2025-03-31T00:00:00",
      "quarter_label": "2025-03 (Q1)",
      "revenue": 4241000000,
      "gross_profit": 2765000000,
      "operating_income": 1145000000,
      "net_income": 717000000,
      "opex": 192000000,
      "cogs": 1476000000,
      "rd": null,
      "sga": null,
      "fcf": 396000000,
      "ocf": 1162000000,
      "capex": -766000000,
      "gross_margin": 0.6519688752652676,
      "op_margin": 0.26998349445885406,
      "fcf_margin": 0.09337420419712332,
      "incr_op_margin_yoy": -0.19548872180451127,
      "rev_growth_yoy": 0.10385216033315982,
      "rev_growth_yoy_accel": 0.11648217519200083,
      "op_leverage_ratio": 12.16804614998746,
      "fcf_margin_change": -0.09172737593831685
    },
    {
      "date": "2025-06-30T00:00:00",
      "quarter_label": "2025-06 (Q2)",
      "revenue": 4042000000,
      "gross_profit": 2831000000,
      "operating_income": 1152000000,
      "net_income": 715000000,
      "opex": 188000000,
      "cogs": 1211000000,
      "rd": null,
      "sga": null,
      "fcf": 1002000000,
      "ocf": 1649000000,
      "capex": -647000000,
      "gross_margin": 0.7003958436417616,
      "op_margin": 0.285007422068283,
      "fcf_margin": 0.247897080653142,
      "incr_op_margin_yoy": 0.2425531914893617,
      "rev_growth_yoy": 0.13157894736842105,
      "rev_growth_yoy_accel": 0.027726787035261227,
      "fcf_margin_change": 0.1545228764560187
    },
    {
      "date": "2025-09-30T00:00:00",
      "quarter_label": "2025-09 (Q3)",
      "revenue": 4146000000,
      "gross_profit": 2751000000,
      "operating_income": 1063000000,
      "net_income": 628000000,
      "opex": 184000000,
      "cogs": 1395000000,
      "rd": null,
      "sga": null,
      "fcf": 621000000,
      "ocf": 1414000000,
      "capex": -793000000,
      "gross_margin": 0.6635311143270622,
      "op_margin": 0.25639170284611673,
      "fcf_margin": 0.14978292329956586,
      "incr_op_margin_yoy": 0.10738255033557047,
      "rev_growth_yoy": 0.12084347120843471,
      "rev_growth_yoy_accel": -0.010735476159986337,
      "op_leverage_ratio": Infinity,
      "fcf_margin_change": -0.09811415735357615
    }
  ],
  "signals": [
    {
      "quarter": "2025-06 (Q2)",
      "signal": "FCF MARGIN EXPANSION",
      "detail": "FCF margin: +9.3% -> +24.8% (+15.5%)",
      "severity": "MEDIUM"
    },
    {
      "quarter": "2025-06 (Q2)",
      "signal": "GROSS MARGIN INFLECTION",
      "detail": "GM: +68.9% -> +65.2% -> +70.0% (reversal +4.8%)",
      "severity": "MEDIUM"
    },
    {
      "quarter": "2025-03 (Q1)",
      "signal": "OPERATING LEVERAGE",
      "detail": "Rev growth +6.4% vs OpEx growth +0.5% (leverage: 12.2x)",
      "severity": "MEDIUM"
    },
    {
      "quarter": "2025-03 (Q1)",
      "signal": "YoY REVENUE GROWTH ACCELERATION",
      "detail": "YoY growth: +10.4% vs prior quarter YoY: -1.3% (accel: +11.6%)",
      "severity": "MEDIUM"
    },
    {
      "quarter": "2024-09 (Q3)",
      "signal": "YoY REVENUE GROWTH DECELERATION",
      "detail": "YoY growth: -5.3% vs prior quarter YoY: +2.0% (decel: -7.4%)",
      "severity": "WARNING"
    },
    {
      "quarter": "2024-06 (Q2)",
      "signal": "FCF MARGIN EXPANSION",
      "detail": "FCF margin: +14.8% -> +31.0% (+16.1%)",
      "severity": "MEDIUM"
    },
    {
      "quarter": "2024-03 (Q1)",
      "signal": "YoY REVENUE GROWTH ACCELERATION",
      "detail": "YoY growth: -1.2% vs prior quarter YoY: -11.8% (accel: +10.6%)",
      "severity": "MEDIUM"
    },
    {
      "quarter": "2023-12 (Q4)",
      "signal": "FCF MARGIN EXPANSION",
      "detail": "FCF margin: +16.4% -> +42.0% (+25.6%)",
      "severity": "MEDIUM"
    },
    {
      "quarter": "2023-12 (Q4)",
      "signal": "GROSS MARGIN INFLECTION",
      "detail": "GM: +72.3% -> +64.0% -> +66.6% (reversal +2.6%)",
      "severity": "MEDIUM"
    },
    {
      "quarter": "2023-12 (Q4)",
      "signal": "YoY REVENUE GROWTH ACCELERATION",
      "detail": "YoY growth: -11.8% vs prior quarter YoY: -24.5% (accel: +12.7%)",
      "severity": "MEDIUM"
    },
    {
      "quarter": "2023-09 (Q3)",
      "signal": "YoY REVENUE GROWTH ACCELERATION",
      "detail": "YoY growth: -24.5% vs prior quarter YoY: -32.0% (accel: +7.5%)",
      "severity": "MEDIUM"
    },
    {
      "quarter": "2023-06 (Q2)",
      "signal": "FCF MARGIN EXPANSION",
      "detail": "FCF margin: +21.2% -> +29.0% (+7.7%)",
      "severity": "MEDIUM"
    },
    {
      "quarter": "2023-06 (Q2)",
      "signal": "YoY REVENUE GROWTH DECELERATION",
      "detail": "YoY growth: -32.0% vs prior quarter YoY: -9.4% (decel: -22.6%)",
      "severity": "WARNING"
    },
    {
      "quarter": "2023-03 (Q1)",
      "signal": "YoY REVENUE GROWTH DECELERATION",
      "detail": "YoY growth: -9.4% vs prior quarter YoY: +3.5% (decel: -12.9%)",
      "severity": "WARNING"
    },
    {
      "quarter": "2022-12 (Q4)",
      "signal": "FCF MARGIN EXPANSION",
      "detail": "FCF margin: +10.6% -> +20.2% (+9.6%)",
      "severity": "MEDIUM"
    },
    {
      "quarter": "2022-12 (Q4)",
      "signal": "GROSS MARGIN INFLECTION",
      "detail": "GM: +47.9% -> +47.5% -> +57.2% (reversal +9.7%)",
      "severity": "HIGH"
    },
    {
      "quarter": "2022-12 (Q4)",
      "signal": "YoY REVENUE GROWTH DECELERATION",
      "detail": "YoY growth: +3.5% vs prior quarter YoY: +35.4% (decel: -31.9%)",
      "severity": "WARNING"
    },
    {
      "quarter": "2022-12 (Q4)",
      "signal": "INCREMENTAL MARGIN (YoY)",
      "detail": "YoY Incr OPM: +100.0% vs year-ago OPM: +21.5%",
      "severity": "HIGH"
    },
    {
      "quarter": "2022-09 (Q3)",
      "signal": "YoY REVENUE GROWTH DECELERATION",
      "detail": "YoY growth: +35.4% vs prior quarter YoY: +63.5% (decel: -28.1%)",
      "severity": "WARNING"
    },
    {
      "quarter": "2022-06 (Q2)",
      "signal": "FCF MARGIN EXPANSION",
      "detail": "FCF margin: +15.8% -> +23.1% (+7.4%)",
      "severity": "MEDIUM"
    },
    {
      "quarter": "2022-06 (Q2)",
      "signal": "YoY REVENUE GROWTH ACCELERATION",
      "detail": "YoY growth: +63.5% vs prior quarter YoY: -17.6% (accel: +81.1%)",
      "severity": "HIGH"
    },
    {
      "quarter": "2022-06 (Q2)",
      "signal": "OP MARGIN TURNED POSITIVE (YoY)",
      "detail": "Op margin: -24.3% (year-ago) -> +19.5%",
      "severity": "HIGH"
    },
    {
      "quarter": "2022-03 (Q1)",
      "signal": "YoY REVENUE GROWTH DECELERATION",
      "detail": "YoY growth: -17.6% vs prior quarter YoY: +42.1% (decel: -59.7%)",
      "severity": "WARNING"
    },
    {
      "quarter": "2022-03 (Q1)",
      "signal": "INCREMENTAL MARGIN (YoY)",
      "detail": "YoY Incr OPM: +93.9% vs year-ago OPM: +36.2%",
      "severity": "HIGH"
    },
    {
      "quarter": "2021-09 (Q3)",
      "signal": "OP MARGIN TURNED POSITIVE (QoQ)",
      "detail": "Op margin: -24.3% -> +22.1%",
      "severity": "HIGH"
    },
    {
      "quarter": "2021-06 (Q2)",
      "signal": "FCF MARGIN EXPANSION",
      "detail": "FCF margin: +30.8% -> +36.8% (+6.0%)",
      "severity": "MEDIUM"
    },
    {
      "quarter": "2021-06 (Q2)",
      "signal": "GROSS MARGIN INFLECTION",
      "detail": "GM: +74.8% -> +61.4% -> +70.3% (reversal +8.8%)",
      "severity": "HIGH"
    }
  ],
  "data_quality": {
    "n_quarters": 20,
    "coverage": {
      "revenue": [
        20,
        20
      ],
      "gross_profit": [
        20,
        20
      ],
      "op_income": [
        20,
        20
      ],
      "fcf": [
        20,
        20
      ]
    },
    "gaps": [],
    "warnings": []
  },
  "market_cap": null,
  "source": "SEC EDGAR",
  "last_updated": "2026-02-03T01:08:58.806033",
  "sector": "Energy",
  "industry": "Oil & Gas E&P"
}