{
  "ticker": "EPAC",
  "name": "ENERPAC TOOL GROUP CORP.",
  "quarters": [
    {
      "date": "2021-02-28T00:00:00",
      "quarter_label": "2021-02 (Q1)",
      "revenue": 120654000,
      "gross_profit": 54776000,
      "operating_income": 5707000,
      "net_income": 3182000,
      "opex": 49069000,
      "cogs": 65878000,
      "rd": null,
      "sga": 45883000,
      "fcf": 4579000,
      "ocf": 4579000,
      "capex": null,
      "gross_margin": 0.45399240804283325,
      "op_margin": 0.047300545361115255,
      "fcf_margin": 0.03795149767102624
    },
    {
      "date": "2021-05-31T00:00:00",
      "quarter_label": "2021-05 (Q2)",
      "revenue": 143149000,
      "gross_profit": 66847000,
      "operating_income": 22747000,
      "net_income": 25031000,
      "opex": 44100000,
      "cogs": 76302000,
      "rd": null,
      "sga": 40468000,
      "fcf": 11643000,
      "ocf": 11643000,
      "capex": null,
      "gross_margin": 0.46697497013601214,
      "op_margin": 0.1589043583957974,
      "fcf_margin": 0.08133483293631112,
      "op_leverage_ratio": Infinity,
      "fcf_margin_change": 0.04338333526528488
    },
    {
      "date": "2021-08-31T00:00:00",
      "quarter_label": "2021-08 (Q3)",
      "revenue": 145427000,
      "gross_profit": 66269000,
      "operating_income": 13589000,
      "net_income": 5266000,
      "opex": 52680000,
      "cogs": 79158000,
      "rd": null,
      "sga": 45216000,
      "fcf": 29294000,
      "ocf": 29294000,
      "capex": null,
      "gross_margin": 0.455685670473846,
      "op_margin": 0.09344207059211838,
      "fcf_margin": 0.20143439663886348,
      "op_leverage_ratio": 0.08179310647368405,
      "fcf_margin_change": 0.12009956370255236
    },
    {
      "date": "2021-11-30T00:00:00",
      "quarter_label": "2021-11 (Q4)",
      "revenue": 130903000,
      "gross_profit": 59626000,
      "operating_income": 6407000,
      "net_income": 2788000,
      "opex": 53219000,
      "cogs": 71277000,
      "rd": null,
      "sga": 48477000,
      "fcf": -4726000,
      "ocf": -4726000,
      "capex": null,
      "gross_margin": 0.45549758217917086,
      "op_margin": 0.04894463839636983,
      "fcf_margin": -0.03610306868444573,
      "fcf_margin_change": -0.23753746532330922
    },
    {
      "date": "2022-02-28T00:00:00",
      "quarter_label": "2022-02 (Q1)",
      "revenue": 136599000,
      "gross_profit": 59981000,
      "operating_income": 4484000,
      "net_income": 1221000,
      "opex": 55497000,
      "cogs": 76618000,
      "rd": null,
      "sga": 50668000,
      "fcf": 9403000,
      "ocf": 9403000,
      "capex": null,
      "gross_margin": 0.43910277527653935,
      "op_margin": 0.032826008975175514,
      "fcf_margin": 0.06883652149722912,
      "incr_op_margin_yoy": -0.07670116023831922,
      "rev_growth_yoy": 0.1321547565766572,
      "op_leverage_ratio": 1.0165608287036147,
      "fcf_margin_change": 0.10493959018167484
    },
    {
      "date": "2022-05-31T00:00:00",
      "quarter_label": "2022-05 (Q2)",
      "revenue": 151894000,
      "gross_profit": 72047000,
      "operating_income": 6643000,
      "net_income": 1643000,
      "opex": 65404000,
      "cogs": 79847000,
      "rd": null,
      "sga": 63095000,
      "fcf": 2519000,
      "ocf": 2519000,
      "capex": null,
      "gross_margin": 0.47432419977089285,
      "op_margin": 0.04373444639024583,
      "fcf_margin": 0.0165839335325951,
      "incr_op_margin_yoy": -1.8415094339622642,
      "rev_growth_yoy": 0.06109019273623986,
      "rev_growth_yoy_accel": -0.07106456384041734,
      "op_leverage_ratio": 0.6272335864115636,
      "fcf_margin_change": -0.052252587964634015
    },
    {
      "date": "2022-08-31T00:00:00",
      "quarter_label": "2022-08 (Q3)",
      "revenue": 151828000,
      "gross_profit": 73734000,
      "operating_income": 13126000,
      "net_income": 10034000,
      "opex": 60608000,
      "cogs": 78094000,
      "rd": null,
      "sga": 54634000,
      "fcf": 44540000,
      "ocf": 44540000,
      "capex": null,
      "gross_margin": 0.48564164712701213,
      "op_margin": 0.08645309165634797,
      "fcf_margin": 0.29335827383618307,
      "incr_op_margin_yoy": -0.07233244805499141,
      "rev_growth_yoy": 0.044015210380465804,
      "rev_growth_yoy_accel": -0.01707498235577406,
      "fcf_margin_change": 0.276774340303588
    },
    {
      "date": "2022-11-30T00:00:00",
      "quarter_label": "2022-11 (Q4)",
      "revenue": 139382000,
      "gross_profit": 67906000,
      "operating_income": 12309000,
      "net_income": 7453000,
      "opex": 55597000,
      "cogs": 71476000,
      "rd": null,
      "sga": 53247000,
      "fcf": 17533000,
      "ocf": 17533000,
      "capex": null,
      "gross_margin": 0.4871934683101118,
      "op_margin": 0.08831125970354853,
      "fcf_margin": 0.125790991663199,
      "incr_op_margin_yoy": 0.69607265007666,
      "rev_growth_yoy": 0.06477315263974087,
      "rev_growth_yoy_accel": 0.020757942259275068,
      "fcf_margin_change": -0.16756728217298408
    },
    {
      "date": "2023-02-28T00:00:00",
      "quarter_label": "2023-02 (Q1)",
      "revenue": 141960000,
      "gross_profit": 70367000,
      "operating_income": 13972000,
      "net_income": 4497000,
      "opex": 56395000,
      "cogs": 71593000,
      "rd": null,
      "sga": 52059000,
      "fcf": -7756000,
      "ocf": -7756000,
      "capex": null,
      "gross_margin": 0.49568188222034376,
      "op_margin": 0.09842209072978304,
      "fcf_margin": -0.05463510848126233,
      "incr_op_margin_yoy": 1.769819063607536,
      "rev_growth_yoy": 0.0392462609535941,
      "rev_growth_yoy_accel": -0.025526891686146774,
      "op_leverage_ratio": 1.2886194658993986,
      "fcf_margin_change": -0.1804261001444613
    },
    {
      "date": "2023-05-31T00:00:00",
      "quarter_label": "2023-05 (Q2)",
      "revenue": 156253000,
      "gross_profit": 77858000,
      "operating_income": 25439000,
      "net_income": 12380000,
      "opex": 52419000,
      "cogs": 78395000,
      "rd": null,
      "sga": 48810000,
      "fcf": 17254000,
      "ocf": 17254000,
      "capex": null,
      "gross_margin": 0.49828163299264655,
      "op_margin": 0.162806474115697,
      "fcf_margin": 0.1104234798691865,
      "incr_op_margin_yoy": 4.3119981647166785,
      "rev_growth_yoy": 0.02869764440991744,
      "rev_growth_yoy_accel": -0.010548616543676656,
      "op_leverage_ratio": Infinity,
      "fcf_margin_change": 0.16505858835044884
    },
    {
      "date": "2023-08-31T00:00:00",
      "quarter_label": "2023-08 (Q3)",
      "revenue": 160609000,
      "gross_profit": 78908000,
      "operating_income": 32202000,
      "net_income": 22231000,
      "opex": 46706000,
      "cogs": 81701000,
      "rd": null,
      "sga": 50948000,
      "fcf": 50572000,
      "ocf": 50572000,
      "capex": null,
      "gross_margin": 0.4913049704562011,
      "op_margin": 0.20049934935153074,
      "fcf_margin": 0.3148765013168627,
      "incr_op_margin_yoy": 2.1724177200774397,
      "rev_growth_yoy": 0.05783518191637906,
      "rev_growth_yoy_accel": 0.02913753750646162,
      "op_leverage_ratio": Infinity,
      "fcf_margin_change": 0.2044530214476762
    },
    {
      "date": "2023-11-30T00:00:00",
      "quarter_label": "2023-11 (Q4)",
      "revenue": 141970000,
      "gross_profit": 74250000,
      "operating_income": 28662000,
      "net_income": 17738000,
      "opex": 45588000,
      "cogs": 67720000,
      "rd": null,
      "sga": 42216000,
      "fcf": -6675000,
      "ocf": -6675000,
      "capex": null,
      "gross_margin": 0.522997816440093,
      "op_margin": 0.20188772275832922,
      "fcf_margin": -0.04701697541734169,
      "incr_op_margin_yoy": 6.318778979907265,
      "rev_growth_yoy": 0.01856767731844858,
      "rev_growth_yoy_accel": -0.03926750459793048,
      "fcf_margin_change": -0.36189347673420436
    },
    {
      "date": "2024-02-29T00:00:00",
      "quarter_label": "2024-02 (Q1)",
      "revenue": 138437000,
      "gross_profit": 71475000,
      "operating_income": 29521000,
      "net_income": 17817000,
      "opex": 41954000,
      "cogs": 66962000,
      "rd": null,
      "sga": 40723000,
      "fcf": 13327000,
      "ocf": 13327000,
      "capex": null,
      "gross_margin": 0.5162998331370948,
      "op_margin": 0.2132450139774771,
      "fcf_margin": 0.09626761631644719,
      "incr_op_margin_yoy": -4.413567981833665,
      "rev_growth_yoy": -0.024816849816849815,
      "rev_growth_yoy_accel": -0.0433845271352984,
      "fcf_margin_change": 0.14328459173378888
    },
    {
      "date": "2024-05-31T00:00:00",
      "quarter_label": "2024-05 (Q2)",
      "revenue": 150389000,
      "gross_profit": 77883000,
      "operating_income": 33363000,
      "net_income": 25778000,
      "opex": 44520000,
      "cogs": 72506000,
      "rd": null,
      "sga": 42101000,
      "fcf": 30306000,
      "ocf": 30306000,
      "capex": null,
      "gross_margin": 0.5178769723849483,
      "op_margin": 0.22184468278929975,
      "fcf_margin": 0.2015173982139651,
      "incr_op_margin_yoy": -1.3512960436562074,
      "rev_growth_yoy": -0.03752887944551465,
      "rev_growth_yoy_accel": -0.012712029628664832,
      "op_leverage_ratio": 1.4115787991409787,
      "fcf_margin_change": 0.10524978189751792
    },
    {
      "date": "2024-08-31T00:00:00",
      "quarter_label": "2024-08 (Q3)",
      "revenue": 158714000,
      "gross_profit": 77403000,
      "operating_income": 30040000,
      "net_income": 24416000,
      "opex": 47363000,
      "cogs": 81311000,
      "rd": null,
      "sga": 43524000,
      "fcf": 44361000,
      "ocf": 44361000,
      "capex": null,
      "gross_margin": 0.4876885466940535,
      "op_margin": 0.18927126781506357,
      "fcf_margin": 0.2795027533802941,
      "incr_op_margin_yoy": 1.1408970976253299,
      "rev_growth_yoy": -0.011798840662727494,
      "rev_growth_yoy_accel": 0.02573003878278715,
      "op_leverage_ratio": 0.8668550161392102,
      "fcf_margin_change": 0.07798535516632901
    },
    {
      "date": "2024-11-30T00:00:00",
      "quarter_label": "2024-11 (Q4)",
      "revenue": 145196000,
      "gross_profit": 74652000,
      "operating_income": 31132000,
      "net_income": 21723000,
      "opex": 43520000,
      "cogs": 70544000,
      "rd": null,
      "sga": 42318000,
      "fcf": 8649000,
      "ocf": 8649000,
      "capex": null,
      "gross_margin": 0.514146395217499,
      "op_margin": 0.21441362020992313,
      "fcf_margin": 0.059567756687512054,
      "incr_op_margin_yoy": 0.7656540607563547,
      "rev_growth_yoy": 0.022723110516306263,
      "rev_growth_yoy_accel": 0.034521951179033755,
      "fcf_margin_change": -0.21993499669278208
    },
    {
      "date": "2025-02-28T00:00:00",
      "quarter_label": "2025-02 (Q1)",
      "revenue": 145528000,
      "gross_profit": 73431000,
      "operating_income": 30820000,
      "net_income": 20901000,
      "opex": 42611000,
      "cogs": 72097000,
      "rd": null,
      "sga": 41423000,
      "fcf": 7459000,
      "ocf": 7459000,
      "capex": null,
      "gross_margin": 0.5045833104282338,
      "op_margin": 0.21178055082183497,
      "fcf_margin": 0.05125474135561541,
      "incr_op_margin_yoy": 0.1831899591030884,
      "rev_growth_yoy": 0.05122185542882322,
      "rev_growth_yoy_accel": 0.028498744912516954,
      "fcf_margin_change": -0.008313015331896642
    },
    {
      "date": "2025-05-31T00:00:00",
      "quarter_label": "2025-05 (Q2)",
      "revenue": 158661000,
      "gross_profit": 79903000,
      "operating_income": 31681000,
      "net_income": 22044000,
      "opex": 48222000,
      "cogs": 78758000,
      "rd": null,
      "sga": 41125000,
      "fcf": 39922000,
      "ocf": 39922000,
      "capex": null,
      "gross_margin": 0.503608322145959,
      "op_margin": 0.1996772993993483,
      "fcf_margin": 0.2516182300628384,
      "incr_op_margin_yoy": -0.20333655705996131,
      "rev_growth_yoy": 0.055004022900611085,
      "rev_growth_yoy_accel": 0.0037821674717878687,
      "op_leverage_ratio": 0.6853285763519578,
      "fcf_margin_change": 0.20036348870722298
    },
    {
      "date": "2025-08-31T00:00:00",
      "quarter_label": "2025-08 (Q3)",
      "revenue": 167514000,
      "gross_profit": 83844000,
      "operating_income": 39838000,
      "net_income": 28081000,
      "opex": 44006000,
      "cogs": 83670000,
      "rd": null,
      "sga": 42055000,
      "fcf": 55254000,
      "ocf": 55254000,
      "capex": null,
      "gross_margin": 0.5005193595759161,
      "op_margin": 0.23781892856716452,
      "fcf_margin": 0.32984705755936816,
      "incr_op_margin_yoy": 1.113409090909091,
      "rev_growth_yoy": 0.05544564436659652,
      "rev_growth_yoy_accel": 0.00044162146598543395,
      "op_leverage_ratio": Infinity,
      "fcf_margin_change": 0.07822882749652976
    },
    {
      "date": "2025-11-30T00:00:00",
      "quarter_label": "2025-11 (Q4)",
      "revenue": 144208000,
      "gross_profit": 73182000,
      "operating_income": 28490000,
      "net_income": 19131000,
      "opex": 44692000,
      "cogs": 71026000,
      "rd": null,
      "sga": 43095000,
      "fcf": 15976000,
      "ocf": 15976000,
      "capex": null,
      "gross_margin": 0.5074753134361478,
      "op_margin": 0.1975618550981915,
      "fcf_margin": 0.11078442250083213,
      "rev_growth_yoy": -0.006804595167910962,
      "rev_growth_yoy_accel": -0.06225023953450748,
      "fcf_margin_change": -0.21906263505853601
    }
  ],
  "signals": [
    {
      "quarter": "2025-11 (Q4)",
      "signal": "YoY REVENUE GROWTH DECELERATION",
      "detail": "YoY growth: -0.7% vs prior quarter YoY: +5.5% (decel: -6.2%)",
      "severity": "WARNING"
    },
    {
      "quarter": "2025-08 (Q3)",
      "signal": "FCF MARGIN EXPANSION",
      "detail": "FCF margin: +25.2% -> +33.0% (+7.8%)",
      "severity": "MEDIUM"
    },
    {
      "quarter": "2025-08 (Q3)",
      "signal": "INCREMENTAL MARGIN (YoY)",
      "detail": "YoY Incr OPM: +111.3% vs year-ago OPM: +18.9%",
      "severity": "HIGH"
    },
    {
      "quarter": "2025-05 (Q2)",
      "signal": "FCF MARGIN EXPANSION",
      "detail": "FCF margin: +5.1% -> +25.2% (+20.0%)",
      "severity": "MEDIUM"
    },
    {
      "quarter": "2024-11 (Q4)",
      "signal": "GROSS MARGIN INFLECTION",
      "detail": "GM: +51.8% -> +48.8% -> +51.4% (reversal +2.6%)",
      "severity": "MEDIUM"
    },
    {
      "quarter": "2024-11 (Q4)",
      "signal": "INCREMENTAL MARGIN (YoY)",
      "detail": "YoY Incr OPM: +76.6% vs year-ago OPM: +20.2%",
      "severity": "HIGH"
    },
    {
      "quarter": "2024-08 (Q3)",
      "signal": "FCF MARGIN EXPANSION",
      "detail": "FCF margin: +20.2% -> +28.0% (+7.8%)",
      "severity": "MEDIUM"
    },
    {
      "quarter": "2024-08 (Q3)",
      "signal": "INCREMENTAL MARGIN (YoY)",
      "detail": "YoY Incr OPM: +114.1% vs year-ago OPM: +20.0%",
      "severity": "HIGH"
    },
    {
      "quarter": "2024-05 (Q2)",
      "signal": "FCF MARGIN EXPANSION",
      "detail": "FCF margin: +9.6% -> +20.2% (+10.5%)",
      "severity": "MEDIUM"
    },
    {
      "quarter": "2024-02 (Q1)",
      "signal": "FCF TURNED POSITIVE",
      "detail": "FCF margin: -4.7% -> +9.6%",
      "severity": "HIGH"
    },
    {
      "quarter": "2023-11 (Q4)",
      "signal": "GROSS MARGIN INFLECTION",
      "detail": "GM: +49.8% -> +49.1% -> +52.3% (reversal +3.2%)",
      "severity": "MEDIUM"
    },
    {
      "quarter": "2023-11 (Q4)",
      "signal": "INCREMENTAL MARGIN (YoY)",
      "detail": "YoY Incr OPM: +631.9% vs year-ago OPM: +8.8%",
      "severity": "HIGH"
    },
    {
      "quarter": "2023-08 (Q3)",
      "signal": "FCF MARGIN EXPANSION",
      "detail": "FCF margin: +11.0% -> +31.5% (+20.4%)",
      "severity": "MEDIUM"
    },
    {
      "quarter": "2023-08 (Q3)",
      "signal": "INCREMENTAL MARGIN (YoY)",
      "detail": "YoY Incr OPM: +217.2% vs year-ago OPM: +8.6%",
      "severity": "HIGH"
    },
    {
      "quarter": "2023-05 (Q2)",
      "signal": "FCF TURNED POSITIVE",
      "detail": "FCF margin: -5.5% -> +11.0%",
      "severity": "HIGH"
    },
    {
      "quarter": "2023-05 (Q2)",
      "signal": "INCREMENTAL MARGIN (YoY)",
      "detail": "YoY Incr OPM: +431.2% vs year-ago OPM: +4.4%",
      "severity": "HIGH"
    },
    {
      "quarter": "2023-02 (Q1)",
      "signal": "INCREMENTAL MARGIN (YoY)",
      "detail": "YoY Incr OPM: +177.0% vs year-ago OPM: +3.3%",
      "severity": "HIGH"
    },
    {
      "quarter": "2022-11 (Q4)",
      "signal": "INCREMENTAL MARGIN (YoY)",
      "detail": "YoY Incr OPM: +69.6% vs year-ago OPM: +4.9%",
      "severity": "HIGH"
    },
    {
      "quarter": "2022-08 (Q3)",
      "signal": "FCF MARGIN EXPANSION",
      "detail": "FCF margin: +1.7% -> +29.3% (+27.7%)",
      "severity": "MEDIUM"
    },
    {
      "quarter": "2022-05 (Q2)",
      "signal": "GROSS MARGIN INFLECTION",
      "detail": "GM: +45.5% -> +43.9% -> +47.4% (reversal +3.5%)",
      "severity": "MEDIUM"
    },
    {
      "quarter": "2022-05 (Q2)",
      "signal": "YoY REVENUE GROWTH DECELERATION",
      "detail": "YoY growth: +6.1% vs prior quarter YoY: +13.2% (decel: -7.1%)",
      "severity": "WARNING"
    },
    {
      "quarter": "2022-02 (Q1)",
      "signal": "FCF TURNED POSITIVE",
      "detail": "FCF margin: -3.6% -> +6.9%",
      "severity": "HIGH"
    },
    {
      "quarter": "2021-08 (Q3)",
      "signal": "FCF MARGIN EXPANSION",
      "detail": "FCF margin: +8.1% -> +20.1% (+12.0%)",
      "severity": "MEDIUM"
    }
  ],
  "data_quality": {
    "n_quarters": 20,
    "coverage": {
      "revenue": [
        20,
        20
      ],
      "gross_profit": [
        20,
        20
      ],
      "op_income": [
        20,
        20
      ],
      "fcf": [
        20,
        20
      ]
    },
    "gaps": [],
    "warnings": []
  },
  "market_cap": null,
  "source": "SEC EDGAR",
  "last_updated": "2026-02-02T21:35:01.867610",
  "sector": "Industrials",
  "industry": "Specialty Industrial Machinery"
}