{
  "ticker": "EPAM",
  "name": "EPAM SYSTEMS, INC.",
  "quarters": [
    {
      "date": "2020-12-31T00:00:00",
      "quarter_label": "2020-12 (Q4)",
      "revenue": 723493000,
      "gross_profit": 257701000,
      "operating_income": 111993000,
      "net_income": 85539000,
      "opex": 145708000,
      "cogs": 465792000,
      "rd": null,
      "sga": 128929000,
      "fcf": 140950000,
      "ocf": 159432000,
      "capex": -18482000,
      "gross_margin": 0.35619003915725517,
      "op_margin": 0.15479486325368733,
      "fcf_margin": 0.19481874738249022
    },
    {
      "date": "2021-03-31T00:00:00",
      "quarter_label": "2021-03 (Q1)",
      "revenue": 780775000,
      "gross_profit": 261447000,
      "operating_income": 107251000,
      "net_income": 109046000,
      "opex": 154196000,
      "cogs": 519328000,
      "rd": null,
      "sga": 136389000,
      "fcf": 1641000,
      "ocf": 12827000,
      "capex": -11186000,
      "gross_margin": 0.33485575229739684,
      "op_margin": 0.13736479779706062,
      "fcf_margin": 0.002101757868784221,
      "op_leverage_ratio": 1.359132712783715,
      "fcf_margin_change": -0.192716989513706
    },
    {
      "date": "2021-06-30T00:00:00",
      "quarter_label": "2021-06 (Q2)",
      "revenue": 881366000,
      "gross_profit": 297638000,
      "operating_income": 125274000,
      "net_income": 114671000,
      "opex": 172364000,
      "cogs": 583728000,
      "rd": null,
      "sga": 151910000,
      "fcf": 46249000,
      "ocf": 68836000,
      "capex": -22587000,
      "gross_margin": 0.33770079626398114,
      "op_margin": 0.14213618405974363,
      "fcf_margin": 0.05247422750593964,
      "op_leverage_ratio": 1.0934507157718691,
      "fcf_margin_change": 0.05037246963715542
    },
    {
      "date": "2021-09-30T00:00:00",
      "quarter_label": "2021-09 (Q3)",
      "revenue": 988539000,
      "gross_profit": 335165000,
      "operating_income": 144124000,
      "net_income": 115656000,
      "opex": 191041000,
      "cogs": 653374000,
      "rd": null,
      "sga": 169498000,
      "fcf": 184939000,
      "ocf": 206050000,
      "capex": -21111000,
      "gross_margin": 0.33905086192856326,
      "op_margin": 0.14579495599060835,
      "fcf_margin": 0.1870831600978818,
      "op_leverage_ratio": 1.1221955444538603,
      "fcf_margin_change": 0.13460893259194218
    },
    {
      "date": "2021-12-31T00:00:00",
      "quarter_label": "2021-12 (Q4)",
      "revenue": 1107464000,
      "gross_profit": 380197000,
      "operating_income": 165667000,
      "net_income": 142279000,
      "opex": 214530000,
      "cogs": 727267000,
      "rd": null,
      "sga": 190939000,
      "fcf": 227997000,
      "ocf": 284614000,
      "capex": -56617000,
      "gross_margin": 0.34330416157997007,
      "op_margin": 0.1495913185439888,
      "fcf_margin": 0.20587305772467548,
      "incr_op_margin_yoy": 0.13978659846707173,
      "rev_growth_yoy": 0.5307183345243147,
      "op_leverage_ratio": 0.9784562396726675,
      "fcf_margin_change": 0.018789897626793672
    },
    {
      "date": "2022-03-31T00:00:00",
      "quarter_label": "2022-03 (Q1)",
      "revenue": 1171614000,
      "gross_profit": 390778000,
      "operating_income": 129242000,
      "net_income": 89719000,
      "opex": 261536000,
      "cogs": 780836000,
      "rd": null,
      "sga": 237277000,
      "fcf": -75122000,
      "ocf": -51848000,
      "capex": -23274000,
      "gross_margin": 0.3335381789565505,
      "op_margin": 0.11031107514932392,
      "fcf_margin": -0.06411838711384467,
      "incr_op_margin_yoy": 0.05626613516051367,
      "rev_growth_yoy": 0.5005782715891262,
      "rev_growth_yoy_accel": -0.03014006293518856,
      "op_leverage_ratio": 0.26436367444067144,
      "fcf_margin_change": -0.26999144483852017
    },
    {
      "date": "2022-06-30T00:00:00",
      "quarter_label": "2022-06 (Q2)",
      "revenue": 1194861000,
      "gross_profit": 348538000,
      "operating_income": 93020000,
      "net_income": 18604000,
      "opex": 255518000,
      "cogs": 846323000,
      "rd": null,
      "sga": 232527000,
      "fcf": 59363000,
      "ocf": 77515000,
      "capex": -18152000,
      "gross_margin": 0.2916975279969804,
      "op_margin": 0.0778500595466753,
      "fcf_margin": 0.04968192952987837,
      "incr_op_margin_yoy": -0.10288521348027879,
      "rev_growth_yoy": 0.3556921869007881,
      "rev_growth_yoy_accel": -0.14488608468833808,
      "op_leverage_ratio": Infinity,
      "fcf_margin_change": 0.11380031664372303
    },
    {
      "date": "2022-09-30T00:00:00",
      "quarter_label": "2022-09 (Q3)",
      "revenue": 1226920000,
      "gross_profit": 400124000,
      "operating_income": 180227000,
      "net_income": 156054000,
      "opex": 219897000,
      "cogs": 826796000,
      "rd": null,
      "sga": 198021000,
      "fcf": 233660000,
      "ocf": 252368000,
      "capex": -18708000,
      "gross_margin": 0.3261206924656864,
      "op_margin": 0.1468938480096502,
      "fcf_margin": 0.190444364750758,
      "incr_op_margin_yoy": 0.1514508287153758,
      "rev_growth_yoy": 0.241144760095454,
      "rev_growth_yoy_accel": -0.11454742680533408,
      "op_leverage_ratio": Infinity,
      "fcf_margin_change": 0.1407624352208796
    },
    {
      "date": "2022-12-31T00:00:00",
      "quarter_label": "2022-12 (Q4)",
      "revenue": 1231303000,
      "gross_profit": 398575000,
      "operating_income": 170477000,
      "net_income": 155039000,
      "opex": 228098000,
      "cogs": 832728000,
      "rd": null,
      "sga": 204952000,
      "fcf": 164574000,
      "ocf": 186069000,
      "capex": -21495000,
      "gross_margin": 0.3237018020747127,
      "op_margin": 0.13845251737387143,
      "fcf_margin": 0.13365840901873868,
      "incr_op_margin_yoy": 0.03884075291305647,
      "rev_growth_yoy": 0.11182214500877681,
      "rev_growth_yoy_accel": -0.1293226150866772,
      "fcf_margin_change": -0.056785955732019305
    },
    {
      "date": "2023-03-31T00:00:00",
      "quarter_label": "2023-03 (Q1)",
      "revenue": 1210941000,
      "gross_profit": 355040000,
      "operating_income": 120371000,
      "net_income": 102292000,
      "opex": 234669000,
      "cogs": 855901000,
      "rd": null,
      "sga": 211887000,
      "fcf": 79421000,
      "ocf": 87334000,
      "capex": -7913000,
      "gross_margin": 0.2931934751569234,
      "op_margin": 0.09940286108076281,
      "fcf_margin": 0.06558618462831797,
      "incr_op_margin_yoy": -0.2255702189335571,
      "rev_growth_yoy": 0.033566515934428914,
      "rev_growth_yoy_accel": -0.0782556290743479,
      "fcf_margin_change": -0.06807222439042071
    },
    {
      "date": "2023-06-30T00:00:00",
      "quarter_label": "2023-06 (Q2)",
      "revenue": 1170206000,
      "gross_profit": 361491000,
      "operating_income": 144346000,
      "net_income": 120033000,
      "opex": 217145000,
      "cogs": 808715000,
      "rd": null,
      "sga": 194377000,
      "fcf": 82169000,
      "ocf": 89052000,
      "capex": -6883000,
      "gross_margin": 0.30891227698371054,
      "op_margin": 0.12335093137447595,
      "fcf_margin": 0.07021755143966105,
      "incr_op_margin_yoy": -2.081768403974853,
      "rev_growth_yoy": -0.020634199291800468,
      "rev_growth_yoy_accel": -0.05420071522622938,
      "fcf_margin_change": 0.004631366811343074
    },
    {
      "date": "2023-09-30T00:00:00",
      "quarter_label": "2023-09 (Q3)",
      "revenue": 1152136000,
      "gross_profit": 357871000,
      "operating_income": 114028000,
      "net_income": 97204000,
      "opex": 243843000,
      "cogs": 794265000,
      "rd": null,
      "sga": 194829000,
      "fcf": 211255000,
      "ocf": 214879000,
      "capex": -3624000,
      "gross_margin": 0.31061523986751566,
      "op_margin": 0.09897095481783401,
      "fcf_margin": 0.18335942978953873,
      "incr_op_margin_yoy": 0.8852027171587505,
      "rev_growth_yoy": -0.06095262934828677,
      "rev_growth_yoy_accel": -0.040318430056486304,
      "fcf_margin_change": 0.11314187834987768
    },
    {
      "date": "2023-12-31T00:00:00",
      "quarter_label": "2023-12 (Q4)",
      "revenue": 1157257000,
      "gross_profit": 359624000,
      "operating_income": 122494000,
      "net_income": 97554000,
      "opex": 237130000,
      "cogs": 797633000,
      "rd": null,
      "sga": 213972000,
      "fcf": 161374000,
      "ocf": 171369000,
      "capex": -9995000,
      "gross_margin": 0.31075551930124423,
      "op_margin": 0.10584857123352893,
      "fcf_margin": 0.13944525719006237,
      "incr_op_margin_yoy": 0.6480160981011803,
      "rev_growth_yoy": -0.060136294640718006,
      "rev_growth_yoy_accel": 0.0008163347075687624,
      "fcf_margin_change": -0.04391417259947636
    },
    {
      "date": "2024-03-31T00:00:00",
      "quarter_label": "2024-03 (Q1)",
      "revenue": 1165465000,
      "gross_profit": 331131000,
      "operating_income": 110532000,
      "net_income": 116243000,
      "opex": 220599000,
      "cogs": 834334000,
      "rd": null,
      "sga": 198453000,
      "fcf": 123171000,
      "ocf": 129920000,
      "capex": -6749000,
      "gross_margin": 0.2841192142192172,
      "op_margin": 0.09483939886654683,
      "fcf_margin": 0.10568399737443852,
      "incr_op_margin_yoy": 0.21635588002462838,
      "rev_growth_yoy": -0.03755426564960638,
      "rev_growth_yoy_accel": 0.022582028991111627,
      "fcf_margin_change": -0.03376125981562385
    },
    {
      "date": "2024-06-30T00:00:00",
      "quarter_label": "2024-06 (Q2)",
      "revenue": 1146597000,
      "gross_profit": 335740000,
      "operating_income": 120561000,
      "net_income": 98645000,
      "opex": 215179000,
      "cogs": 810857000,
      "rd": null,
      "sga": 194058000,
      "fcf": 52323000,
      "ocf": 57027000,
      "capex": -4704000,
      "gross_margin": 0.29281430179915,
      "op_margin": 0.10514679525587456,
      "fcf_margin": 0.04563329574384025,
      "incr_op_margin_yoy": 1.007454784192469,
      "rev_growth_yoy": -0.02017508028500965,
      "rev_growth_yoy_accel": 0.01737918536459673,
      "fcf_margin_change": -0.06005070163059827
    },
    {
      "date": "2024-09-30T00:00:00",
      "quarter_label": "2024-09 (Q3)",
      "revenue": 1167527000,
      "gross_profit": 403535000,
      "operating_income": 176979000,
      "net_income": 136346000,
      "opex": 226556000,
      "cogs": 763992000,
      "rd": null,
      "sga": 206820000,
      "fcf": 236996000,
      "ocf": 241962000,
      "capex": -4966000,
      "gross_margin": 0.3456322637506456,
      "op_margin": 0.15158450297080925,
      "fcf_margin": 0.2029897381388182,
      "incr_op_margin_yoy": 4.090117601195504,
      "rev_growth_yoy": 0.013358665990820529,
      "rev_growth_yoy_accel": 0.03353374627583018,
      "op_leverage_ratio": 0.34524750918086977,
      "fcf_margin_change": 0.15735644239497795
    },
    {
      "date": "2024-12-31T00:00:00",
      "quarter_label": "2024-12 (Q4)",
      "revenue": 1248351000,
      "gross_profit": 380037000,
      "operating_income": 136512000,
      "net_income": 103299000,
      "opex": 243525000,
      "cogs": 868314000,
      "rd": null,
      "sga": 216969000,
      "fcf": 114532000,
      "ocf": 130259000,
      "capex": -15727000,
      "gross_margin": 0.30443120564648884,
      "op_margin": 0.10935385961159962,
      "fcf_margin": 0.0917466321571417,
      "incr_op_margin_yoy": 0.15388499791424243,
      "rev_growth_yoy": 0.07871544522953847,
      "rev_growth_yoy_accel": 0.06535677923871794,
      "op_leverage_ratio": 0.9242569519281921,
      "fcf_margin_change": -0.11124310598167651
    },
    {
      "date": "2025-03-31T00:00:00",
      "quarter_label": "2025-03 (Q1)",
      "revenue": 1301692000,
      "gross_profit": 349684000,
      "operating_income": 99330000,
      "net_income": 73482000,
      "opex": 250354000,
      "cogs": 952008000,
      "rd": null,
      "sga": 218917000,
      "fcf": 14833000,
      "ocf": 24162000,
      "capex": -9329000,
      "gross_margin": 0.26863804955396514,
      "op_margin": 0.07630837402396266,
      "fcf_margin": 0.011395168749596679,
      "incr_op_margin_yoy": -0.08223039485564536,
      "rev_growth_yoy": 0.11688639298477432,
      "rev_growth_yoy_accel": 0.03817094775523586,
      "op_leverage_ratio": 1.5237400373183523,
      "fcf_margin_change": -0.08035146340754502
    },
    {
      "date": "2025-06-30T00:00:00",
      "quarter_label": "2025-06 (Q2)",
      "revenue": 1353443000,
      "gross_profit": 389431000,
      "operating_income": 126476000,
      "net_income": 88026000,
      "opex": 262955000,
      "cogs": 964012000,
      "rd": null,
      "sga": 231681000,
      "fcf": 43367000,
      "ocf": 53198000,
      "capex": -9831000,
      "gross_margin": 0.28773358020987955,
      "op_margin": 0.09344759993586726,
      "fcf_margin": 0.03204198477512536,
      "incr_op_margin_yoy": 0.02859615366021098,
      "rev_growth_yoy": 0.1803999138319741,
      "rev_growth_yoy_accel": 0.06351352084719977,
      "op_leverage_ratio": 0.7898780285971875,
      "fcf_margin_change": 0.02064681602552868
    },
    {
      "date": "2025-09-30T00:00:00",
      "quarter_label": "2025-09 (Q3)",
      "revenue": 1394373000,
      "gross_profit": 411204000,
      "operating_income": 144943000,
      "net_income": 106816000,
      "opex": 266261000,
      "cogs": 983169000,
      "rd": null,
      "sga": 234948000,
      "fcf": 286382000,
      "ocf": 294684000,
      "capex": -8302000,
      "gross_margin": 0.294902440021429,
      "op_margin": 0.10394851305927467,
      "fcf_margin": 0.20538406868176592,
      "incr_op_margin_yoy": -0.1412235613588073,
      "rev_growth_yoy": 0.19429614903980807,
      "rev_growth_yoy_accel": 0.013896235207833979,
      "op_leverage_ratio": 2.405361516217581,
      "fcf_margin_change": 0.17334208390664058
    }
  ],
  "signals": [
    {
      "quarter": "2025-09 (Q3)",
      "signal": "FCF MARGIN EXPANSION",
      "detail": "FCF margin: +3.2% -> +20.5% (+17.3%)",
      "severity": "MEDIUM"
    },
    {
      "quarter": "2025-09 (Q3)",
      "signal": "OPERATING LEVERAGE",
      "detail": "Rev growth +3.0% vs OpEx growth +1.3% (leverage: 2.4x)",
      "severity": "MEDIUM"
    },
    {
      "quarter": "2025-06 (Q2)",
      "signal": "YoY REVENUE GROWTH ACCELERATION",
      "detail": "YoY growth: +18.0% vs prior quarter YoY: +11.7% (accel: +6.4%)",
      "severity": "MEDIUM"
    },
    {
      "quarter": "2025-03 (Q1)",
      "signal": "OPERATING LEVERAGE",
      "detail": "Rev growth +4.3% vs OpEx growth +2.8% (leverage: 1.5x)",
      "severity": "MEDIUM"
    },
    {
      "quarter": "2024-12 (Q4)",
      "signal": "YoY REVENUE GROWTH ACCELERATION",
      "detail": "YoY growth: +7.9% vs prior quarter YoY: +1.3% (accel: +6.5%)",
      "severity": "MEDIUM"
    },
    {
      "quarter": "2024-09 (Q3)",
      "signal": "FCF MARGIN EXPANSION",
      "detail": "FCF margin: +4.6% -> +20.3% (+15.7%)",
      "severity": "MEDIUM"
    },
    {
      "quarter": "2024-09 (Q3)",
      "signal": "INCREMENTAL MARGIN (YoY)",
      "detail": "YoY Incr OPM: +409.0% vs year-ago OPM: +9.9%",
      "severity": "HIGH"
    },
    {
      "quarter": "2024-06 (Q2)",
      "signal": "INCREMENTAL MARGIN (YoY)",
      "detail": "YoY Incr OPM: +100.7% vs year-ago OPM: +12.3%",
      "severity": "HIGH"
    },
    {
      "quarter": "2024-03 (Q1)",
      "signal": "INCREMENTAL MARGIN (YoY)",
      "detail": "YoY Incr OPM: +21.6% vs year-ago OPM: +9.9%",
      "severity": "MEDIUM"
    },
    {
      "quarter": "2023-12 (Q4)",
      "signal": "INCREMENTAL MARGIN (YoY)",
      "detail": "YoY Incr OPM: +64.8% vs year-ago OPM: +13.8%",
      "severity": "HIGH"
    },
    {
      "quarter": "2023-09 (Q3)",
      "signal": "FCF MARGIN EXPANSION",
      "detail": "FCF margin: +7.0% -> +18.3% (+11.3%)",
      "severity": "MEDIUM"
    },
    {
      "quarter": "2023-09 (Q3)",
      "signal": "INCREMENTAL MARGIN (YoY)",
      "detail": "YoY Incr OPM: +88.5% vs year-ago OPM: +14.7%",
      "severity": "HIGH"
    },
    {
      "quarter": "2023-06 (Q2)",
      "signal": "YoY REVENUE GROWTH DECELERATION",
      "detail": "YoY growth: -2.1% vs prior quarter YoY: +3.4% (decel: -5.4%)",
      "severity": "WARNING"
    },
    {
      "quarter": "2023-03 (Q1)",
      "signal": "YoY REVENUE GROWTH DECELERATION",
      "detail": "YoY growth: +3.4% vs prior quarter YoY: +11.2% (decel: -7.8%)",
      "severity": "WARNING"
    },
    {
      "quarter": "2022-12 (Q4)",
      "signal": "YoY REVENUE GROWTH DECELERATION",
      "detail": "YoY growth: +11.2% vs prior quarter YoY: +24.1% (decel: -12.9%)",
      "severity": "WARNING"
    },
    {
      "quarter": "2022-09 (Q3)",
      "signal": "FCF MARGIN EXPANSION",
      "detail": "FCF margin: +5.0% -> +19.0% (+14.1%)",
      "severity": "MEDIUM"
    },
    {
      "quarter": "2022-09 (Q3)",
      "signal": "GROSS MARGIN INFLECTION",
      "detail": "GM: +33.4% -> +29.2% -> +32.6% (reversal +3.4%)",
      "severity": "MEDIUM"
    },
    {
      "quarter": "2022-09 (Q3)",
      "signal": "YoY REVENUE GROWTH DECELERATION",
      "detail": "YoY growth: +24.1% vs prior quarter YoY: +35.6% (decel: -11.5%)",
      "severity": "WARNING"
    },
    {
      "quarter": "2022-06 (Q2)",
      "signal": "FCF TURNED POSITIVE",
      "detail": "FCF margin: -6.4% -> +5.0%",
      "severity": "HIGH"
    },
    {
      "quarter": "2022-06 (Q2)",
      "signal": "YoY REVENUE GROWTH DECELERATION",
      "detail": "YoY growth: +35.6% vs prior quarter YoY: +50.1% (decel: -14.5%)",
      "severity": "WARNING"
    },
    {
      "quarter": "2021-09 (Q3)",
      "signal": "FCF MARGIN EXPANSION",
      "detail": "FCF margin: +5.2% -> +18.7% (+13.5%)",
      "severity": "MEDIUM"
    },
    {
      "quarter": "2021-06 (Q2)",
      "signal": "FCF MARGIN EXPANSION",
      "detail": "FCF margin: +0.2% -> +5.2% (+5.0%)",
      "severity": "MEDIUM"
    }
  ],
  "data_quality": {
    "n_quarters": 20,
    "coverage": {
      "revenue": [
        20,
        20
      ],
      "gross_profit": [
        20,
        20
      ],
      "op_income": [
        20,
        20
      ],
      "fcf": [
        20,
        20
      ]
    },
    "gaps": [],
    "warnings": []
  },
  "market_cap": null,
  "source": "SEC EDGAR",
  "last_updated": "2026-02-02T20:32:47.711365"
}