{
  "ticker": "EPC",
  "name": "EDGEWELL PERSONAL CARE COMPANY",
  "quarters": [
    {
      "date": "2020-12-31T00:00:00",
      "quarter_label": "2020-12 (Q4)",
      "revenue": 451100000,
      "gross_profit": 193300000,
      "operating_income": 41600000,
      "net_income": 17700000,
      "opex": 151700000,
      "cogs": 257800000,
      "rd": 13700000,
      "sga": 93100000,
      "fcf": -82500000,
      "ocf": -82500000,
      "capex": null,
      "gross_margin": 0.42850809133229883,
      "op_margin": 0.09221902017291066,
      "fcf_margin": -0.18288627798714255
    },
    {
      "date": "2021-03-31T00:00:00",
      "quarter_label": "2021-03 (Q1)",
      "revenue": 519300000,
      "gross_profit": 241700000,
      "operating_income": 62900000,
      "net_income": 14400000,
      "opex": 178800000,
      "cogs": 277600000,
      "rd": 14300000,
      "sga": 93400000,
      "fcf": 63700000,
      "ocf": 63700000,
      "capex": null,
      "gross_margin": 0.46543423839784326,
      "op_margin": 0.12112459079530137,
      "fcf_margin": 0.12266512613133064,
      "op_leverage_ratio": 0.8463068137664307,
      "fcf_margin_change": 0.3055514041184732
    },
    {
      "date": "2021-06-30T00:00:00",
      "quarter_label": "2021-06 (Q2)",
      "revenue": 573700000,
      "gross_profit": 270300000,
      "operating_income": 71100000,
      "net_income": 40800000,
      "opex": 199200000,
      "cogs": 303400000,
      "rd": 14600000,
      "sga": 97500000,
      "fcf": 174700000,
      "ocf": 174700000,
      "capex": null,
      "gross_margin": 0.47115217012375804,
      "op_margin": 0.12393236883388531,
      "fcf_margin": 0.304514554645285,
      "op_leverage_ratio": 0.918159060273445,
      "fcf_margin_change": 0.18184942851395436
    },
    {
      "date": "2021-09-30T00:00:00",
      "quarter_label": "2021-09 (Q3)",
      "revenue": 543200000,
      "gross_profit": 244800000,
      "operating_income": 63200000,
      "net_income": 44100000,
      "opex": 181600000,
      "cogs": 298400000,
      "rd": 15200000,
      "sga": null,
      "fcf": 73100000,
      "ocf": 73100000,
      "capex": null,
      "gross_margin": 0.45066273932253315,
      "op_margin": 0.11634756995581738,
      "fcf_margin": 0.13457290132547864,
      "fcf_margin_change": -0.16994165331980635
    },
    {
      "date": "2021-12-31T00:00:00",
      "quarter_label": "2021-12 (Q4)",
      "revenue": 463300000,
      "gross_profit": 189900000,
      "operating_income": 31800000,
      "net_income": 11200000,
      "opex": 158100000,
      "cogs": 273400000,
      "rd": 12800000,
      "sga": 96900000,
      "fcf": -79000000,
      "ocf": -79000000,
      "capex": null,
      "gross_margin": 0.4098856032808116,
      "op_margin": 0.06863803151305849,
      "fcf_margin": -0.1705158644506799,
      "incr_op_margin_yoy": -0.8032786885245902,
      "rev_growth_yoy": 0.027045001108401686,
      "fcf_margin_change": -0.3050887657761585
    },
    {
      "date": "2022-03-31T00:00:00",
      "quarter_label": "2022-03 (Q1)",
      "revenue": 547700000,
      "gross_profit": 230100000,
      "operating_income": 41700000,
      "net_income": 23200000,
      "opex": 188400000,
      "cogs": 317600000,
      "rd": 13700000,
      "sga": 101300000,
      "fcf": 39100000,
      "ocf": 39100000,
      "capex": null,
      "gross_margin": 0.42012050392550665,
      "op_margin": 0.07613657111557422,
      "fcf_margin": 0.0713894467774329,
      "incr_op_margin_yoy": -0.7464788732394366,
      "rev_growth_yoy": 0.05468900442903909,
      "rev_growth_yoy_accel": 0.027644003320637402,
      "op_leverage_ratio": 0.9505377906666125,
      "fcf_margin_change": 0.24190531122811282
    },
    {
      "date": "2022-06-30T00:00:00",
      "quarter_label": "2022-06 (Q2)",
      "revenue": 623800000,
      "gross_profit": 240600000,
      "operating_income": 49900000,
      "net_income": 30500000,
      "opex": 190700000,
      "cogs": 383200000,
      "rd": 13600000,
      "sga": 92700000,
      "fcf": 112300000,
      "ocf": 112300000,
      "capex": null,
      "gross_margin": 0.38570054504648926,
      "op_margin": 0.07999358768836165,
      "fcf_margin": 0.18002564924655337,
      "incr_op_margin_yoy": -0.4231536926147705,
      "rev_growth_yoy": 0.08732787170995293,
      "rev_growth_yoy_accel": 0.03263886728091384,
      "op_leverage_ratio": 11.381381429059068,
      "fcf_margin_change": 0.10863620246912047
    },
    {
      "date": "2022-09-30T00:00:00",
      "quarter_label": "2022-09 (Q3)",
      "revenue": 536900000,
      "gross_profit": 219000000,
      "operating_income": 57800000,
      "net_income": 33700000,
      "opex": 161200000,
      "cogs": 318100000,
      "rd": 15400000,
      "sga": null,
      "fcf": 29600000,
      "ocf": 29600000,
      "capex": null,
      "gross_margin": 0.40789718755820453,
      "op_margin": 0.10765505680759918,
      "fcf_margin": 0.0551313093685975,
      "incr_op_margin_yoy": 0.8571428571428571,
      "rev_growth_yoy": -0.011597938144329897,
      "rev_growth_yoy_accel": -0.09892580985428283,
      "fcf_margin_change": -0.12489433987795587
    },
    {
      "date": "2022-12-31T00:00:00",
      "quarter_label": "2022-12 (Q4)",
      "revenue": 469100000,
      "gross_profit": 189000000,
      "operating_income": 31300000,
      "net_income": 11900000,
      "opex": 157700000,
      "cogs": 280100000,
      "rd": 13400000,
      "sga": 95700000,
      "fcf": -86300000,
      "ocf": -86300000,
      "capex": null,
      "gross_margin": 0.40289916862076314,
      "op_margin": 0.06672351311021105,
      "fcf_margin": -0.18396930292048605,
      "incr_op_margin_yoy": -0.08620689655172414,
      "rev_growth_yoy": 0.012518886250809411,
      "rev_growth_yoy_accel": 0.02411682439513931,
      "fcf_margin_change": -0.23910061228908355
    },
    {
      "date": "2023-03-31T00:00:00",
      "quarter_label": "2023-03 (Q1)",
      "revenue": 598400000,
      "gross_profit": 241700000,
      "operating_income": 56200000,
      "net_income": 19000000,
      "opex": 185500000,
      "cogs": 356700000,
      "rd": 14400000,
      "sga": 105200000,
      "fcf": 88200000,
      "ocf": 88200000,
      "capex": null,
      "gross_margin": 0.40391042780748665,
      "op_margin": 0.09391711229946524,
      "fcf_margin": 0.14739304812834225,
      "incr_op_margin_yoy": 0.2859960552268245,
      "rev_growth_yoy": 0.09256892459375571,
      "rev_growth_yoy_accel": 0.0800500383429463,
      "op_leverage_ratio": 1.5635795776084314,
      "fcf_margin_change": 0.3313623510488283
    },
    {
      "date": "2023-06-30T00:00:00",
      "quarter_label": "2023-06 (Q2)",
      "revenue": 650000000,
      "gross_profit": 279700000,
      "operating_income": 85600000,
      "net_income": 52500000,
      "opex": 194100000,
      "cogs": 370300000,
      "rd": 14800000,
      "sga": 96300000,
      "fcf": 166400000,
      "ocf": 166400000,
      "capex": null,
      "gross_margin": 0.4303076923076923,
      "op_margin": 0.1316923076923077,
      "fcf_margin": 0.256,
      "incr_op_margin_yoy": 1.3625954198473282,
      "rev_growth_yoy": 0.042000641231163836,
      "rev_growth_yoy_accel": -0.05056828336259187,
      "op_leverage_ratio": 1.8599598930481285,
      "fcf_margin_change": 0.10860695187165775
    },
    {
      "date": "2023-09-30T00:00:00",
      "quarter_label": "2023-09 (Q3)",
      "revenue": 534100000,
      "gross_profit": 228600000,
      "operating_income": 53900000,
      "net_income": 29900000,
      "opex": 174700000,
      "cogs": 303700000,
      "rd": 15900000,
      "sga": 112400000,
      "fcf": -384400000,
      "ocf": -384400000,
      "capex": null,
      "gross_margin": 0.42800973600449355,
      "op_margin": 0.10091743119266056,
      "fcf_margin": -0.7197154090994196,
      "incr_op_margin_yoy": 1.3928571428571428,
      "rev_growth_yoy": -0.005215123859191656,
      "rev_growth_yoy_accel": -0.047215765090355494,
      "fcf_margin_change": -0.9757154090994196
    },
    {
      "date": "2023-12-31T00:00:00",
      "quarter_label": "2023-12 (Q4)",
      "revenue": 488900000,
      "gross_profit": 197700000,
      "operating_income": 26100000,
      "net_income": 4800000,
      "opex": 171600000,
      "cogs": 291200000,
      "rd": 13300000,
      "sga": 103300000,
      "fcf": -72900000,
      "ocf": -72900000,
      "capex": null,
      "gross_margin": 0.4043771732460626,
      "op_margin": 0.05338515033749233,
      "fcf_margin": -0.14911024749437513,
      "incr_op_margin_yoy": -0.26262626262626265,
      "rev_growth_yoy": 0.042208484331699,
      "rev_growth_yoy_accel": 0.047423608190890656,
      "fcf_margin_change": 0.5706051616050445
    },
    {
      "date": "2024-03-31T00:00:00",
      "quarter_label": "2024-03 (Q1)",
      "revenue": 599400000,
      "gross_profit": 258100000,
      "operating_income": 70100000,
      "net_income": 36000000,
      "opex": 188000000,
      "cogs": 341300000,
      "rd": 14200000,
      "sga": 107500000,
      "fcf": 129000000,
      "ocf": 129000000,
      "capex": null,
      "gross_margin": 0.4305972639305973,
      "op_margin": 0.11695028361695028,
      "fcf_margin": 0.21521521521521522,
      "rev_growth_yoy": 0.0016711229946524064,
      "rev_growth_yoy_accel": -0.04053736133704659,
      "op_leverage_ratio": 2.364915764109574,
      "fcf_margin_change": 0.3643254627095903
    },
    {
      "date": "2024-06-30T00:00:00",
      "quarter_label": "2024-06 (Q2)",
      "revenue": 647800000,
      "gross_profit": 287100000,
      "operating_income": 82700000,
      "net_income": 49000000,
      "opex": 204400000,
      "cogs": 360700000,
      "rd": 14600000,
      "sga": 110100000,
      "fcf": 101200000,
      "ocf": 101200000,
      "capex": null,
      "gross_margin": 0.44319234331583823,
      "op_margin": 0.12766285890707008,
      "fcf_margin": 0.1562210558814449,
      "incr_op_margin_yoy": 1.3181818181818181,
      "rev_growth_yoy": -0.003384615384615385,
      "rev_growth_yoy_accel": -0.005055738379267791,
      "op_leverage_ratio": 0.9256410882427142,
      "fcf_margin_change": -0.058994159333770335
    },
    {
      "date": "2024-09-30T00:00:00",
      "quarter_label": "2024-09 (Q3)",
      "revenue": 517600000,
      "gross_profit": 212800000,
      "operating_income": 20400000,
      "net_income": 8800000,
      "opex": 192400000,
      "cogs": 304800000,
      "rd": 16300000,
      "sga": 109200000,
      "fcf": -388300000,
      "ocf": -388300000,
      "capex": null,
      "gross_margin": 0.41112828438948995,
      "op_margin": 0.03941267387944358,
      "fcf_margin": -0.750193199381762,
      "incr_op_margin_yoy": 2.0303030303030303,
      "rev_growth_yoy": -0.030893091181426698,
      "rev_growth_yoy_accel": -0.027508475796811312,
      "fcf_margin_change": -0.9064142552632068
    },
    {
      "date": "2024-12-31T00:00:00",
      "quarter_label": "2024-12 (Q4)",
      "revenue": 478400000,
      "gross_profit": 191600000,
      "operating_income": 20300000,
      "net_income": -2100000,
      "opex": 171300000,
      "cogs": 286800000,
      "rd": 13900000,
      "sga": 102900000,
      "fcf": -115600000,
      "ocf": -115600000,
      "capex": null,
      "gross_margin": 0.4005016722408027,
      "op_margin": 0.042433110367892976,
      "fcf_margin": -0.24163879598662208,
      "incr_op_margin_yoy": 0.5523809523809524,
      "rev_growth_yoy": -0.0214767846185314,
      "rev_growth_yoy_accel": 0.009416306562895299,
      "fcf_margin_change": 0.5085544033951399
    },
    {
      "date": "2025-03-31T00:00:00",
      "quarter_label": "2025-03 (Q1)",
      "revenue": 580700000,
      "gross_profit": 256200000,
      "operating_income": 58900000,
      "net_income": 29000000,
      "opex": 197300000,
      "cogs": 324500000,
      "rd": 13900000,
      "sga": 105700000,
      "fcf": 45100000,
      "ocf": 45100000,
      "capex": null,
      "gross_margin": 0.441191665231617,
      "op_margin": 0.10142930945410711,
      "fcf_margin": 0.0776648872050973,
      "incr_op_margin_yoy": 0.5989304812834224,
      "rev_growth_yoy": -0.031197864531197866,
      "rev_growth_yoy_accel": -0.009721079912666467,
      "op_leverage_ratio": 1.4088620722922562,
      "fcf_margin_change": 0.31930368319171937
    },
    {
      "date": "2025-06-30T00:00:00",
      "quarter_label": "2025-06 (Q2)",
      "revenue": 627200000,
      "gross_profit": 268500000,
      "operating_income": 53700000,
      "net_income": 29100000,
      "opex": 214800000,
      "cogs": 358700000,
      "rd": 14000000,
      "sga": 104400000,
      "fcf": 114800000,
      "ocf": 114800000,
      "capex": null,
      "gross_margin": 0.42809311224489793,
      "op_margin": 0.0856186224489796,
      "fcf_margin": 0.18303571428571427,
      "incr_op_margin_yoy": 1.4077669902912622,
      "rev_growth_yoy": -0.03179993825254708,
      "rev_growth_yoy_accel": -0.0006020737213492146,
      "op_leverage_ratio": 0.9027971167802405,
      "fcf_margin_change": 0.10537082708061697
    },
    {
      "date": "2025-09-30T00:00:00",
      "quarter_label": "2025-09 (Q3)",
      "revenue": 537200000,
      "gross_profit": 208600000,
      "operating_income": -36300000,
      "net_income": -30600000,
      "opex": 244900000,
      "cogs": 328600000,
      "rd": 15800000,
      "sga": 112000000,
      "fcf": 74100000,
      "ocf": 74100000,
      "capex": null,
      "gross_margin": 0.3883097542814594,
      "op_margin": -0.06757259865971706,
      "fcf_margin": 0.1379374534623976,
      "incr_op_margin_yoy": -2.892857142857143,
      "rev_growth_yoy": 0.03786707882534776,
      "rev_growth_yoy_accel": 0.06966701707789484,
      "fcf_margin_change": -0.045098260823316666
    }
  ],
  "signals": [
    {
      "quarter": "2025-09 (Q3)",
      "signal": "YoY REVENUE GROWTH ACCELERATION",
      "detail": "YoY growth: +3.8% vs prior quarter YoY: -3.2% (accel: +7.0%)",
      "severity": "MEDIUM"
    },
    {
      "quarter": "2025-06 (Q2)",
      "signal": "FCF MARGIN EXPANSION",
      "detail": "FCF margin: +7.8% -> +18.3% (+10.5%)",
      "severity": "MEDIUM"
    },
    {
      "quarter": "2025-06 (Q2)",
      "signal": "INCREMENTAL MARGIN (YoY)",
      "detail": "YoY Incr OPM: +140.8% vs year-ago OPM: +12.8%",
      "severity": "HIGH"
    },
    {
      "quarter": "2025-03 (Q1)",
      "signal": "FCF TURNED POSITIVE",
      "detail": "FCF margin: -24.2% -> +7.8%",
      "severity": "HIGH"
    },
    {
      "quarter": "2025-03 (Q1)",
      "signal": "GROSS MARGIN INFLECTION",
      "detail": "GM: +41.1% -> +40.1% -> +44.1% (reversal +4.1%)",
      "severity": "MEDIUM"
    },
    {
      "quarter": "2025-03 (Q1)",
      "signal": "INCREMENTAL MARGIN (YoY)",
      "detail": "YoY Incr OPM: +59.9% vs year-ago OPM: +11.7%",
      "severity": "HIGH"
    },
    {
      "quarter": "2024-12 (Q4)",
      "signal": "FCF MARGIN EXPANSION",
      "detail": "FCF margin: -75.0% -> -24.2% (+50.9%)",
      "severity": "MEDIUM"
    },
    {
      "quarter": "2024-12 (Q4)",
      "signal": "INCREMENTAL MARGIN (YoY)",
      "detail": "YoY Incr OPM: +55.2% vs year-ago OPM: +5.3%",
      "severity": "HIGH"
    },
    {
      "quarter": "2024-09 (Q3)",
      "signal": "INCREMENTAL MARGIN (YoY)",
      "detail": "YoY Incr OPM: +203.0% vs year-ago OPM: +10.1%",
      "severity": "HIGH"
    },
    {
      "quarter": "2024-06 (Q2)",
      "signal": "INCREMENTAL MARGIN (YoY)",
      "detail": "YoY Incr OPM: +131.8% vs year-ago OPM: +13.2%",
      "severity": "HIGH"
    },
    {
      "quarter": "2024-03 (Q1)",
      "signal": "FCF TURNED POSITIVE",
      "detail": "FCF margin: -14.9% -> +21.5%",
      "severity": "HIGH"
    },
    {
      "quarter": "2024-03 (Q1)",
      "signal": "OPERATING LEVERAGE",
      "detail": "Rev growth +22.6% vs OpEx growth +9.6% (leverage: 2.4x)",
      "severity": "MEDIUM"
    },
    {
      "quarter": "2024-03 (Q1)",
      "signal": "GROSS MARGIN INFLECTION",
      "detail": "GM: +42.8% -> +40.4% -> +43.1% (reversal +2.6%)",
      "severity": "MEDIUM"
    },
    {
      "quarter": "2023-12 (Q4)",
      "signal": "FCF MARGIN EXPANSION",
      "detail": "FCF margin: -72.0% -> -14.9% (+57.1%)",
      "severity": "MEDIUM"
    },
    {
      "quarter": "2023-09 (Q3)",
      "signal": "INCREMENTAL MARGIN (YoY)",
      "detail": "YoY Incr OPM: +139.3% vs year-ago OPM: +10.8%",
      "severity": "HIGH"
    },
    {
      "quarter": "2023-06 (Q2)",
      "signal": "FCF MARGIN EXPANSION",
      "detail": "FCF margin: +14.7% -> +25.6% (+10.9%)",
      "severity": "MEDIUM"
    },
    {
      "quarter": "2023-06 (Q2)",
      "signal": "OPERATING LEVERAGE",
      "detail": "Rev growth +8.6% vs OpEx growth +4.6% (leverage: 1.9x)",
      "severity": "MEDIUM"
    },
    {
      "quarter": "2023-06 (Q2)",
      "signal": "YoY REVENUE GROWTH DECELERATION",
      "detail": "YoY growth: +4.2% vs prior quarter YoY: +9.3% (decel: -5.1%)",
      "severity": "WARNING"
    },
    {
      "quarter": "2023-06 (Q2)",
      "signal": "INCREMENTAL MARGIN (YoY)",
      "detail": "YoY Incr OPM: +136.3% vs year-ago OPM: +8.0%",
      "severity": "HIGH"
    },
    {
      "quarter": "2023-03 (Q1)",
      "signal": "FCF TURNED POSITIVE",
      "detail": "FCF margin: -18.4% -> +14.7%",
      "severity": "HIGH"
    },
    {
      "quarter": "2023-03 (Q1)",
      "signal": "OPERATING LEVERAGE",
      "detail": "Rev growth +27.6% vs OpEx growth +17.6% (leverage: 1.6x)",
      "severity": "MEDIUM"
    },
    {
      "quarter": "2023-03 (Q1)",
      "signal": "YoY REVENUE GROWTH ACCELERATION",
      "detail": "YoY growth: +9.3% vs prior quarter YoY: +1.3% (accel: +8.0%)",
      "severity": "MEDIUM"
    },
    {
      "quarter": "2023-03 (Q1)",
      "signal": "INCREMENTAL MARGIN (YoY)",
      "detail": "YoY Incr OPM: +28.6% vs year-ago OPM: +7.6%",
      "severity": "HIGH"
    },
    {
      "quarter": "2022-09 (Q3)",
      "signal": "GROSS MARGIN INFLECTION",
      "detail": "GM: +42.0% -> +38.6% -> +40.8% (reversal +2.2%)",
      "severity": "MEDIUM"
    },
    {
      "quarter": "2022-09 (Q3)",
      "signal": "YoY REVENUE GROWTH DECELERATION",
      "detail": "YoY growth: -1.2% vs prior quarter YoY: +8.7% (decel: -9.9%)",
      "severity": "WARNING"
    },
    {
      "quarter": "2022-09 (Q3)",
      "signal": "INCREMENTAL MARGIN (YoY)",
      "detail": "YoY Incr OPM: +85.7% vs year-ago OPM: +11.6%",
      "severity": "HIGH"
    },
    {
      "quarter": "2022-06 (Q2)",
      "signal": "FCF MARGIN EXPANSION",
      "detail": "FCF margin: +7.1% -> +18.0% (+10.9%)",
      "severity": "MEDIUM"
    },
    {
      "quarter": "2022-06 (Q2)",
      "signal": "OPERATING LEVERAGE",
      "detail": "Rev growth +13.9% vs OpEx growth +1.2% (leverage: 11.4x)",
      "severity": "MEDIUM"
    },
    {
      "quarter": "2022-03 (Q1)",
      "signal": "FCF TURNED POSITIVE",
      "detail": "FCF margin: -17.1% -> +7.1%",
      "severity": "HIGH"
    },
    {
      "quarter": "2021-06 (Q2)",
      "signal": "FCF MARGIN EXPANSION",
      "detail": "FCF margin: +12.3% -> +30.5% (+18.2%)",
      "severity": "MEDIUM"
    },
    {
      "quarter": "2021-03 (Q1)",
      "signal": "FCF TURNED POSITIVE",
      "detail": "FCF margin: -18.3% -> +12.3%",
      "severity": "HIGH"
    }
  ],
  "data_quality": {
    "n_quarters": 20,
    "coverage": {
      "revenue": [
        20,
        20
      ],
      "gross_profit": [
        20,
        20
      ],
      "op_income": [
        20,
        20
      ],
      "fcf": [
        20,
        20
      ]
    },
    "gaps": [],
    "warnings": []
  },
  "market_cap": null,
  "source": "SEC EDGAR",
  "last_updated": "2026-02-02T22:04:36.678451",
  "sector": "Consumer Defensive",
  "industry": "Household & Personal Products"
}