{
  "ticker": "EPD",
  "name": "ENTERPRISE PRODUCTS PARTNERS L.P.",
  "quarters": [
    {
      "date": "2020-12-31T00:00:00",
      "quarter_label": "2020-12 (Q4)",
      "revenue": 7044200000,
      "gross_profit": 2652900000,
      "operating_income": 708200000,
      "net_income": 337300000,
      "opex": 6426000000,
      "cogs": 4391300000,
      "rd": null,
      "sga": null,
      "fcf": 983000000,
      "ocf": 1599400000,
      "capex": -616400000,
      "gross_margin": 0.3766077056301638,
      "op_margin": 0.1005366116805315,
      "fcf_margin": 0.13954742909059936
    },
    {
      "date": "2021-03-31T00:00:00",
      "quarter_label": "2021-03 (Q1)",
      "revenue": 9155300000,
      "gross_profit": 2892300000,
      "operating_income": 1694500000,
      "net_income": 1340400000,
      "opex": 7609700000,
      "cogs": 6263000000,
      "rd": null,
      "sga": null,
      "fcf": 1344000000,
      "ocf": 2023000000,
      "capex": -679000000,
      "gross_margin": 0.3159153714242024,
      "op_margin": 0.18508404967614386,
      "fcf_margin": 0.14680021408364555,
      "op_leverage_ratio": 1.6269574739453312,
      "fcf_margin_change": 0.007252784993046185
    },
    {
      "date": "2021-06-30T00:00:00",
      "quarter_label": "2021-06 (Q2)",
      "revenue": 9450100000,
      "gross_profit": 2610100000,
      "operating_income": 1492600000,
      "net_income": 1112300000,
      "opex": 8118200000,
      "cogs": 6840000000,
      "rd": null,
      "sga": null,
      "fcf": 1372000000,
      "ocf": 1994000000,
      "capex": -622000000,
      "gross_margin": 0.2761981354694659,
      "op_margin": 0.15794541856699928,
      "fcf_margin": 0.1451836488502767,
      "op_leverage_ratio": 0.4818717628738692,
      "fcf_margin_change": -0.0016165652333688385
    },
    {
      "date": "2021-09-30T00:00:00",
      "quarter_label": "2021-09 (Q3)",
      "revenue": 10831300000,
      "gross_profit": 2718500000,
      "operating_income": 1513100000,
      "net_income": 1153000000,
      "opex": 9455800000,
      "cogs": 8112800000,
      "rd": null,
      "sga": null,
      "fcf": 1865000000,
      "ocf": 2370000000,
      "capex": -505000000,
      "gross_margin": 0.2509855695992171,
      "op_margin": 0.13969698928106505,
      "fcf_margin": 0.17218616417235236,
      "op_leverage_ratio": 0.8870613391650901,
      "fcf_margin_change": 0.02700251532207565
    },
    {
      "date": "2021-12-31T00:00:00",
      "quarter_label": "2021-12 (Q4)",
      "revenue": 11370200000,
      "gross_profit": 2699000000,
      "operating_income": 1403500000,
      "net_income": 1028400000,
      "opex": 10102900000,
      "cogs": 8671200000,
      "rd": null,
      "sga": null,
      "fcf": 1709000000,
      "ocf": 2126000000,
      "capex": -417000000,
      "gross_margin": 0.23737489226222933,
      "op_margin": 0.12343670296037008,
      "fcf_margin": 0.15030518372587992,
      "incr_op_margin_yoy": 0.1607258437355525,
      "rev_growth_yoy": 0.6141222566082735,
      "op_leverage_ratio": 0.7270335906690338,
      "fcf_margin_change": -0.021880980446472437
    },
    {
      "date": "2022-03-31T00:00:00",
      "quarter_label": "2022-03 (Q1)",
      "revenue": 13008000000,
      "gross_profit": 2910000000,
      "operating_income": 1666000000,
      "net_income": 1296000000,
      "opex": 11459000000,
      "cogs": 10098000000,
      "rd": null,
      "sga": null,
      "fcf": 1796000000,
      "ocf": 2145000000,
      "capex": -349000000,
      "gross_margin": 0.22370848708487084,
      "op_margin": 0.12807503075030752,
      "fcf_margin": 0.13806888068880688,
      "incr_op_margin_yoy": -0.007397409608845744,
      "rev_growth_yoy": 0.42081635773814074,
      "rev_growth_yoy_accel": -0.19330589887013272,
      "op_leverage_ratio": 1.0731170649802144,
      "fcf_margin_change": -0.012236303037073043
    },
    {
      "date": "2022-06-30T00:00:00",
      "quarter_label": "2022-06 (Q2)",
      "revenue": 16060000000,
      "gross_profit": 3152000000,
      "operating_income": 1764000000,
      "net_income": 1411000000,
      "opex": 14403000000,
      "cogs": 12908000000,
      "rd": null,
      "sga": null,
      "fcf": 1737000000,
      "ocf": 2119000000,
      "capex": -382000000,
      "gross_margin": 0.1962640099626401,
      "op_margin": 0.10983810709838107,
      "fcf_margin": 0.10815691158156912,
      "incr_op_margin_yoy": 0.04105962268718135,
      "rev_growth_yoy": 0.6994529158421604,
      "rev_growth_yoy_accel": 0.27863655810401966,
      "op_leverage_ratio": 0.9132357721335365,
      "fcf_margin_change": -0.029911969107237757
    },
    {
      "date": "2022-09-30T00:00:00",
      "quarter_label": "2022-09 (Q3)",
      "revenue": 15468000000,
      "gross_profit": 3149000000,
      "operating_income": 1712000000,
      "net_income": 1360000000,
      "opex": 13867000000,
      "cogs": 12319000000,
      "rd": null,
      "sga": null,
      "fcf": 578000000,
      "ocf": 1050000000,
      "capex": -472000000,
      "gross_margin": 0.20358158779415567,
      "op_margin": 0.11068011378329454,
      "fcf_margin": 0.037367468321696407,
      "incr_op_margin_yoy": 0.0428968878728406,
      "rev_growth_yoy": 0.42808342488897916,
      "rev_growth_yoy_accel": -0.27136949095318125,
      "fcf_margin_change": -0.07078944325987271
    },
    {
      "date": "2022-12-31T00:00:00",
      "quarter_label": "2022-12 (Q4)",
      "revenue": 13650000000,
      "gross_profit": 3139000000,
      "operating_income": 1765000000,
      "net_income": 1420000000,
      "opex": 12014000000,
      "cogs": 10511000000,
      "rd": null,
      "sga": null,
      "fcf": 1964000000,
      "ocf": 2725000000,
      "capex": -761000000,
      "gross_margin": 0.22996336996336997,
      "op_margin": 0.12930402930402932,
      "fcf_margin": 0.1438827838827839,
      "incr_op_margin_yoy": 0.1585665409246425,
      "rev_growth_yoy": 0.2005065873951206,
      "rev_growth_yoy_accel": -0.22757683749385857,
      "fcf_margin_change": 0.10651531556108748
    },
    {
      "date": "2023-03-31T00:00:00",
      "quarter_label": "2023-03 (Q1)",
      "revenue": 12444000000,
      "gross_profit": 3113000000,
      "operating_income": 1734000000,
      "net_income": 1390000000,
      "opex": 10814000000,
      "cogs": 9331000000,
      "rd": null,
      "sga": null,
      "fcf": 930000000,
      "ocf": 1583000000,
      "capex": -653000000,
      "gross_margin": 0.2501607200257152,
      "op_margin": 0.13934426229508196,
      "fcf_margin": 0.07473481195756991,
      "incr_op_margin_yoy": -0.12056737588652482,
      "rev_growth_yoy": -0.043357933579335796,
      "rev_growth_yoy_accel": -0.24386452097445638,
      "fcf_margin_change": -0.06914797192521398
    },
    {
      "date": "2023-06-30T00:00:00",
      "quarter_label": "2023-06 (Q2)",
      "revenue": 10651000000,
      "gross_profit": 2972000000,
      "operating_income": 1579000000,
      "net_income": 1253000000,
      "opex": 9193000000,
      "cogs": 7679000000,
      "rd": null,
      "sga": null,
      "fcf": 1122000000,
      "ocf": 1902000000,
      "capex": -780000000,
      "gross_margin": 0.27903483241010235,
      "op_margin": 0.14824899070509812,
      "fcf_margin": 0.10534222138766312,
      "incr_op_margin_yoy": 0.03420225550009244,
      "rev_growth_yoy": -0.336799501867995,
      "rev_growth_yoy_accel": -0.2934415682886592,
      "fcf_margin_change": 0.030607409430093213
    },
    {
      "date": "2023-09-30T00:00:00",
      "quarter_label": "2023-09 (Q3)",
      "revenue": 11998000000,
      "gross_profit": 3212000000,
      "operating_income": 1695000000,
      "net_income": 1318000000,
      "opex": 10425000000,
      "cogs": 8786000000,
      "rd": null,
      "sga": null,
      "fcf": 897000000,
      "ocf": 1718000000,
      "capex": -821000000,
      "gross_margin": 0.26771128521420234,
      "op_margin": 0.14127354559093183,
      "fcf_margin": 0.07476246041006834,
      "incr_op_margin_yoy": 0.004899135446685879,
      "rev_growth_yoy": -0.2243341091285234,
      "rev_growth_yoy_accel": 0.11246539273947162,
      "op_leverage_ratio": 0.9436778541616117,
      "fcf_margin_change": -0.03057976097759478
    },
    {
      "date": "2023-12-31T00:00:00",
      "quarter_label": "2023-12 (Q4)",
      "revenue": 14622000000,
      "gross_profit": 3395000000,
      "operating_income": 1921000000,
      "net_income": 1568000000,
      "opex": 12816000000,
      "cogs": 11227000000,
      "rd": null,
      "sga": null,
      "fcf": 1354000000,
      "ocf": 2366000000,
      "capex": -1012000000,
      "gross_margin": 0.23218437970181918,
      "op_margin": 0.1313773765558747,
      "fcf_margin": 0.09260019149227192,
      "incr_op_margin_yoy": 0.16049382716049382,
      "rev_growth_yoy": 0.07120879120879121,
      "rev_growth_yoy_accel": 0.2955429003373146,
      "op_leverage_ratio": 0.9535675435659184,
      "fcf_margin_change": 0.017837731082203573
    },
    {
      "date": "2024-03-31T00:00:00",
      "quarter_label": "2024-03 (Q1)",
      "revenue": 14760000000,
      "gross_profit": 3355000000,
      "operating_income": 1822000000,
      "net_income": 1456000000,
      "opex": 13040000000,
      "cogs": 11405000000,
      "rd": null,
      "sga": null,
      "fcf": 1064000000,
      "ocf": 2111000000,
      "capex": -1047000000,
      "gross_margin": 0.22730352303523035,
      "op_margin": 0.12344173441734417,
      "fcf_margin": 0.07208672086720867,
      "incr_op_margin_yoy": 0.037996545768566495,
      "rev_growth_yoy": 0.18611378977820636,
      "rev_growth_yoy_accel": 0.11490499856941515,
      "fcf_margin_change": -0.020513470625063243
    },
    {
      "date": "2024-06-30T00:00:00",
      "quarter_label": "2024-06 (Q2)",
      "revenue": 13483000000,
      "gross_profit": 3299000000,
      "operating_income": 1765000000,
      "net_income": 1405000000,
      "opex": 11819000000,
      "cogs": 10184000000,
      "rd": null,
      "sga": null,
      "fcf": 310000000,
      "ocf": 1574000000,
      "capex": -1264000000,
      "gross_margin": 0.24467848401691017,
      "op_margin": 0.1309055848105021,
      "fcf_margin": 0.02299191574575391,
      "incr_op_margin_yoy": 0.06567796610169492,
      "rev_growth_yoy": 0.2658905267111069,
      "rev_growth_yoy_accel": 0.07977673693290055,
      "fcf_margin_change": -0.04909480512145476
    },
    {
      "date": "2024-09-30T00:00:00",
      "quarter_label": "2024-09 (Q3)",
      "revenue": 13775000000,
      "gross_profit": 3388000000,
      "operating_income": 1780000000,
      "net_income": 1417000000,
      "opex": 12094000000,
      "cogs": 10387000000,
      "rd": null,
      "sga": null,
      "fcf": 898000000,
      "ocf": 2072000000,
      "capex": -1174000000,
      "gross_margin": 0.24595281306715064,
      "op_margin": 0.12921960072595282,
      "fcf_margin": 0.06519056261343013,
      "incr_op_margin_yoy": 0.04783342712436691,
      "rev_growth_yoy": 0.1481080180030005,
      "rev_growth_yoy_accel": -0.11778250870810641,
      "op_leverage_ratio": 0.930774240963368,
      "fcf_margin_change": 0.04219864686767622
    },
    {
      "date": "2024-12-31T00:00:00",
      "quarter_label": "2024-12 (Q4)",
      "revenue": 14201000000,
      "gross_profit": 3597000000,
      "operating_income": 1971000000,
      "net_income": 1619000000,
      "opex": 12336000000,
      "cogs": 10604000000,
      "rd": null,
      "sga": null,
      "fcf": 1299000000,
      "ocf": 2358000000,
      "capex": -1059000000,
      "gross_margin": 0.2532920216886135,
      "op_margin": 0.13879304274346876,
      "fcf_margin": 0.09147243151890712,
      "incr_op_margin_yoy": -0.1187648456057007,
      "rev_growth_yoy": -0.028792230884967858,
      "rev_growth_yoy_accel": -0.17690024888796835,
      "op_leverage_ratio": 1.545512741671791,
      "fcf_margin_change": 0.026281868905476985
    },
    {
      "date": "2025-03-31T00:00:00",
      "quarter_label": "2025-03 (Q1)",
      "revenue": 15417000000,
      "gross_profit": 3412000000,
      "operating_income": 1761000000,
      "net_income": 1393000000,
      "opex": 13750000000,
      "cogs": 12005000000,
      "rd": null,
      "sga": null,
      "fcf": 1252000000,
      "ocf": 2314000000,
      "capex": -1062000000,
      "gross_margin": 0.22131413374845949,
      "op_margin": 0.11422455730686903,
      "fcf_margin": 0.08120905493935267,
      "incr_op_margin_yoy": -0.0928462709284627,
      "rev_growth_yoy": 0.04451219512195122,
      "rev_growth_yoy_accel": 0.07330442600691908,
      "op_leverage_ratio": 0.7470326760461816,
      "fcf_margin_change": -0.01026337657955445
    },
    {
      "date": "2025-06-30T00:00:00",
      "quarter_label": "2025-06 (Q2)",
      "revenue": 11363000000,
      "gross_profit": 3464000000,
      "operating_income": 1795000000,
      "net_income": 1435000000,
      "opex": 9660000000,
      "cogs": 7899000000,
      "rd": null,
      "sga": null,
      "fcf": 762000000,
      "ocf": 2061000000,
      "capex": -1299000000,
      "gross_margin": 0.30484907154800667,
      "op_margin": 0.1579688462553903,
      "fcf_margin": 0.06705975534629939,
      "incr_op_margin_yoy": -0.014150943396226415,
      "rev_growth_yoy": -0.15723503671289774,
      "rev_growth_yoy_accel": -0.20174723183484894,
      "fcf_margin_change": -0.014149299593053277
    },
    {
      "date": "2025-09-30T00:00:00",
      "quarter_label": "2025-09 (Q3)",
      "revenue": 12023000000,
      "gross_profit": 3433000000,
      "operating_income": 1686000000,
      "net_income": 1338000000,
      "opex": 10427000000,
      "cogs": 8590000000,
      "rd": null,
      "sga": null,
      "fcf": 1738000000,
      "ocf": 1738000000,
      "capex": null,
      "gross_margin": 0.285536055892872,
      "op_margin": 0.14023122348831407,
      "fcf_margin": 0.1445562671546203,
      "incr_op_margin_yoy": 0.05365296803652968,
      "rev_growth_yoy": -0.1271869328493648,
      "rev_growth_yoy_accel": 0.030048103863532932,
      "op_leverage_ratio": 0.7315309266184616,
      "fcf_margin_change": 0.07749651180832091
    }
  ],
  "signals": [
    {
      "quarter": "2025-09 (Q3)",
      "signal": "FCF MARGIN EXPANSION",
      "detail": "FCF margin: +6.7% -> +14.5% (+7.7%)",
      "severity": "MEDIUM"
    },
    {
      "quarter": "2025-06 (Q2)",
      "signal": "GROSS MARGIN INFLECTION",
      "detail": "GM: +25.3% -> +22.1% -> +30.5% (reversal +8.4%)",
      "severity": "HIGH"
    },
    {
      "quarter": "2025-06 (Q2)",
      "signal": "YoY REVENUE GROWTH DECELERATION",
      "detail": "YoY growth: -15.7% vs prior quarter YoY: +4.5% (decel: -20.2%)",
      "severity": "WARNING"
    },
    {
      "quarter": "2025-03 (Q1)",
      "signal": "YoY REVENUE GROWTH ACCELERATION",
      "detail": "YoY growth: +4.5% vs prior quarter YoY: -2.9% (accel: +7.3%)",
      "severity": "MEDIUM"
    },
    {
      "quarter": "2024-12 (Q4)",
      "signal": "OPERATING LEVERAGE",
      "detail": "Rev growth +3.1% vs OpEx growth +2.0% (leverage: 1.5x)",
      "severity": "MEDIUM"
    },
    {
      "quarter": "2024-12 (Q4)",
      "signal": "YoY REVENUE GROWTH DECELERATION",
      "detail": "YoY growth: -2.9% vs prior quarter YoY: +14.8% (decel: -17.7%)",
      "severity": "WARNING"
    },
    {
      "quarter": "2024-09 (Q3)",
      "signal": "YoY REVENUE GROWTH DECELERATION",
      "detail": "YoY growth: +14.8% vs prior quarter YoY: +26.6% (decel: -11.8%)",
      "severity": "WARNING"
    },
    {
      "quarter": "2024-06 (Q2)",
      "signal": "YoY REVENUE GROWTH ACCELERATION",
      "detail": "YoY growth: +26.6% vs prior quarter YoY: +18.6% (accel: +8.0%)",
      "severity": "MEDIUM"
    },
    {
      "quarter": "2024-03 (Q1)",
      "signal": "YoY REVENUE GROWTH ACCELERATION",
      "detail": "YoY growth: +18.6% vs prior quarter YoY: +7.1% (accel: +11.5%)",
      "severity": "MEDIUM"
    },
    {
      "quarter": "2023-12 (Q4)",
      "signal": "YoY REVENUE GROWTH ACCELERATION",
      "detail": "YoY growth: +7.1% vs prior quarter YoY: -22.4% (accel: +29.6%)",
      "severity": "HIGH"
    },
    {
      "quarter": "2023-09 (Q3)",
      "signal": "YoY REVENUE GROWTH ACCELERATION",
      "detail": "YoY growth: -22.4% vs prior quarter YoY: -33.7% (accel: +11.2%)",
      "severity": "MEDIUM"
    },
    {
      "quarter": "2023-06 (Q2)",
      "signal": "YoY REVENUE GROWTH DECELERATION",
      "detail": "YoY growth: -33.7% vs prior quarter YoY: -4.3% (decel: -29.3%)",
      "severity": "WARNING"
    },
    {
      "quarter": "2023-03 (Q1)",
      "signal": "YoY REVENUE GROWTH DECELERATION",
      "detail": "YoY growth: -4.3% vs prior quarter YoY: +20.1% (decel: -24.4%)",
      "severity": "WARNING"
    },
    {
      "quarter": "2022-12 (Q4)",
      "signal": "FCF MARGIN EXPANSION",
      "detail": "FCF margin: +3.7% -> +14.4% (+10.7%)",
      "severity": "MEDIUM"
    },
    {
      "quarter": "2022-12 (Q4)",
      "signal": "YoY REVENUE GROWTH DECELERATION",
      "detail": "YoY growth: +20.1% vs prior quarter YoY: +42.8% (decel: -22.8%)",
      "severity": "WARNING"
    },
    {
      "quarter": "2022-09 (Q3)",
      "signal": "YoY REVENUE GROWTH DECELERATION",
      "detail": "YoY growth: +42.8% vs prior quarter YoY: +69.9% (decel: -27.1%)",
      "severity": "WARNING"
    },
    {
      "quarter": "2022-06 (Q2)",
      "signal": "YoY REVENUE GROWTH ACCELERATION",
      "detail": "YoY growth: +69.9% vs prior quarter YoY: +42.1% (accel: +27.9%)",
      "severity": "HIGH"
    },
    {
      "quarter": "2022-03 (Q1)",
      "signal": "YoY REVENUE GROWTH DECELERATION",
      "detail": "YoY growth: +42.1% vs prior quarter YoY: +61.4% (decel: -19.3%)",
      "severity": "WARNING"
    },
    {
      "quarter": "2021-03 (Q1)",
      "signal": "OPERATING LEVERAGE",
      "detail": "Rev growth +30.0% vs OpEx growth +18.4% (leverage: 1.6x)",
      "severity": "MEDIUM"
    }
  ],
  "data_quality": {
    "n_quarters": 20,
    "coverage": {
      "revenue": [
        20,
        20
      ],
      "gross_profit": [
        20,
        20
      ],
      "op_income": [
        20,
        20
      ],
      "fcf": [
        20,
        20
      ]
    },
    "gaps": [],
    "warnings": []
  },
  "market_cap": null,
  "source": "SEC EDGAR",
  "last_updated": "2026-02-02T19:54:38.072884",
  "sector": "Energy",
  "industry": "Oil & Gas Midstream"
}