{
  "ticker": "EPM",
  "name": "EVOLUTION PETROLEUM CORP",
  "quarters": [
    {
      "date": "2020-12-31T00:00:00",
      "quarter_label": "2020-12 (Q4)",
      "revenue": 5768152,
      "gross_profit": null,
      "operating_income": -15910266,
      "net_income": -12710007,
      "opex": null,
      "cogs": null,
      "rd": null,
      "sga": null,
      "fcf": 76716,
      "ocf": 76716,
      "capex": null,
      "gross_margin": null,
      "op_margin": -2.7582952044259583,
      "fcf_margin": 0.013299926908999624
    },
    {
      "date": "2021-03-31T00:00:00",
      "quarter_label": "2021-03 (Q1)",
      "revenue": 7635748,
      "gross_profit": null,
      "operating_income": 980605,
      "net_income": 1191001,
      "opex": null,
      "cogs": null,
      "rd": null,
      "sga": null,
      "fcf": 1335425,
      "ocf": 1335425,
      "capex": null,
      "gross_margin": null,
      "op_margin": 0.1284229128567365,
      "fcf_margin": 0.1748911828939352,
      "fcf_margin_change": 0.1615912559849356
    },
    {
      "date": "2021-06-30T00:00:00",
      "quarter_label": "2021-06 (Q2)",
      "revenue": 13703078,
      "gross_profit": null,
      "operating_income": 3000750,
      "net_income": 2216220,
      "opex": null,
      "cogs": null,
      "rd": null,
      "sga": null,
      "fcf": 2173618,
      "ocf": 2173618,
      "capex": null,
      "gross_margin": null,
      "op_margin": 0.21898364732361592,
      "fcf_margin": 0.1586226101902069,
      "fcf_margin_change": -0.016268572703728307
    },
    {
      "date": "2021-09-30T00:00:00",
      "quarter_label": "2021-09 (Q3)",
      "revenue": 18879010,
      "gross_profit": 10254010,
      "operating_income": 6786122,
      "net_income": 5218401,
      "opex": 3467888,
      "cogs": 8625000,
      "rd": null,
      "sga": null,
      "fcf": 5592000,
      "ocf": 5592000,
      "capex": null,
      "gross_margin": 0.5431434169482404,
      "op_margin": 0.359453276416507,
      "fcf_margin": 0.2962019724551234,
      "fcf_margin_change": 0.13757936226491652
    },
    {
      "date": "2021-12-31T00:00:00",
      "quarter_label": "2021-12 (Q4)",
      "revenue": 22338361,
      "gross_profit": 11667361,
      "operating_income": 8620421,
      "net_income": 6832172,
      "opex": 3046940,
      "cogs": 10671000,
      "rd": null,
      "sga": null,
      "fcf": 8301000,
      "ocf": 8301000,
      "capex": null,
      "gross_margin": 0.5223015690363317,
      "op_margin": 0.38590212594379686,
      "fcf_margin": 0.371602912138451,
      "incr_op_margin_yoy": 1.4804090280333821,
      "rev_growth_yoy": 2.8727067178534824,
      "op_leverage_ratio": Infinity,
      "fcf_margin_change": 0.07540093968332756
    },
    {
      "date": "2022-03-31T00:00:00",
      "quarter_label": "2022-03 (Q1)",
      "revenue": 25689104,
      "gross_profit": 13605104,
      "operating_income": 10352952,
      "net_income": 5705811,
      "opex": 3252152,
      "cogs": 12084000,
      "rd": null,
      "sga": null,
      "fcf": 14798000,
      "ocf": 14798000,
      "capex": null,
      "gross_margin": 0.5296060150638185,
      "op_margin": 0.40300946268892834,
      "fcf_margin": 0.5760418891994054,
      "incr_op_margin_yoy": 0.5191470771417791,
      "rev_growth_yoy": 2.364320561652899,
      "rev_growth_yoy_accel": -0.5083861562005834,
      "op_leverage_ratio": 2.22715766693083,
      "fcf_margin_change": 0.20443897706095437
    },
    {
      "date": "2022-06-30T00:00:00",
      "quarter_label": "2022-06 (Q2)",
      "revenue": 42019525,
      "gross_profit": 24742525,
      "operating_income": 19621505,
      "net_income": 14871616,
      "opex": 5121020,
      "cogs": 17277000,
      "rd": null,
      "sga": null,
      "fcf": 23769000,
      "ocf": 23769000,
      "capex": null,
      "gross_margin": 0.5888340003843451,
      "op_margin": 0.466961608918711,
      "fcf_margin": 0.5656656042637321,
      "incr_op_margin_yoy": 0.5869647064124959,
      "rev_growth_yoy": 2.066429673683533,
      "rev_growth_yoy_accel": -0.29789088796936625,
      "op_leverage_ratio": 1.1062177732351914,
      "fcf_margin_change": -0.010376284935673219
    },
    {
      "date": "2022-09-30T00:00:00",
      "quarter_label": "2022-09 (Q3)",
      "revenue": 39797000,
      "gross_profit": 20681000,
      "operating_income": 14611000,
      "net_income": 10707000,
      "opex": 6070000,
      "cogs": 19116000,
      "rd": null,
      "sga": null,
      "fcf": 17365000,
      "ocf": 17365000,
      "capex": null,
      "gross_margin": 0.5196622861019675,
      "op_margin": 0.3671382264994849,
      "fcf_margin": 0.4363394225695404,
      "incr_op_margin_yoy": 0.37407408646815493,
      "rev_growth_yoy": 1.1080024852998118,
      "rev_growth_yoy_accel": -0.958427188383721,
      "fcf_margin_change": -0.12932618169419174
    },
    {
      "date": "2022-12-31T00:00:00",
      "quarter_label": "2022-12 (Q4)",
      "revenue": 33676000,
      "gross_profit": 18635000,
      "operating_income": 12596000,
      "net_income": 10387000,
      "opex": 6039000,
      "cogs": 15041000,
      "rd": null,
      "sga": null,
      "fcf": 10404000,
      "ocf": 10404000,
      "capex": null,
      "gross_margin": 0.5533614443520608,
      "op_margin": 0.3740349210119967,
      "fcf_margin": 0.3089440551134339,
      "incr_op_margin_yoy": 0.35065316509019206,
      "rev_growth_yoy": 0.5075412202354506,
      "rev_growth_yoy_accel": -0.6004612650643613,
      "fcf_margin_change": -0.12739536745610647
    },
    {
      "date": "2023-03-31T00:00:00",
      "quarter_label": "2023-03 (Q1)",
      "revenue": 36867000,
      "gross_profit": 23297000,
      "operating_income": 17647000,
      "net_income": 13957000,
      "opex": 5650000,
      "cogs": 13570000,
      "rd": null,
      "sga": null,
      "fcf": 23950000,
      "ocf": 23950000,
      "capex": null,
      "gross_margin": 0.6319201453874739,
      "op_margin": 0.4786665581685518,
      "fcf_margin": 0.6496324626359617,
      "incr_op_margin_yoy": 0.6525421242065591,
      "rev_growth_yoy": 0.43512206575986456,
      "rev_growth_yoy_accel": -0.072419154475586,
      "op_leverage_ratio": Infinity,
      "fcf_margin_change": 0.3406884075225278
    },
    {
      "date": "2023-06-30T00:00:00",
      "quarter_label": "2023-06 (Q2)",
      "revenue": 18174000,
      "gross_profit": 6356000,
      "operating_income": 259000,
      "net_income": 166000,
      "opex": 6097000,
      "cogs": 11818000,
      "rd": null,
      "sga": null,
      "fcf": -447000,
      "ocf": -447000,
      "capex": null,
      "gross_margin": 0.349730384065148,
      "op_margin": 0.014251127985033564,
      "fcf_margin": -0.02459557609772202,
      "incr_op_margin_yoy": 0.8119974292870465,
      "rev_growth_yoy": -0.5674867814426746,
      "rev_growth_yoy_accel": -1.0026088472025392,
      "fcf_margin_change": -0.6742280387336838
    },
    {
      "date": "2023-09-30T00:00:00",
      "quarter_label": "2023-09 (Q3)",
      "revenue": 20601000,
      "gross_profit": 8718000,
      "operating_income": 1853000,
      "net_income": 1474000,
      "opex": 6865000,
      "cogs": 11883000,
      "rd": null,
      "sga": null,
      "fcf": 4324000,
      "ocf": 4324000,
      "capex": null,
      "gross_margin": 0.4231833406145333,
      "op_margin": 0.08994708994708994,
      "fcf_margin": 0.20989272365419154,
      "incr_op_margin_yoy": 0.6646176286726402,
      "rev_growth_yoy": -0.48234791567203555,
      "rev_growth_yoy_accel": 0.08513886577063906,
      "op_leverage_ratio": 1.0601668678469243,
      "fcf_margin_change": 0.23448829975191354
    },
    {
      "date": "2023-12-31T00:00:00",
      "quarter_label": "2023-12 (Q4)",
      "revenue": 21024000,
      "gross_profit": 8666000,
      "operating_income": 1566000,
      "net_income": 1082000,
      "opex": 7100000,
      "cogs": 12358000,
      "rd": null,
      "sga": null,
      "fcf": 7054000,
      "ocf": 7054000,
      "capex": null,
      "gross_margin": 0.4121955859969559,
      "op_margin": 0.07448630136986302,
      "fcf_margin": 0.3355213089802131,
      "incr_op_margin_yoy": 0.871798925071135,
      "rev_growth_yoy": -0.3756978263451716,
      "rev_growth_yoy_accel": 0.10665008932686393,
      "op_leverage_ratio": 0.599825251201398,
      "fcf_margin_change": 0.12562858532602156
    },
    {
      "date": "2024-03-31T00:00:00",
      "quarter_label": "2024-03 (Q1)",
      "revenue": 23025000,
      "gross_profit": 10401000,
      "operating_income": 2084000,
      "net_income": 289000,
      "opex": 8317000,
      "cogs": 12624000,
      "rd": null,
      "sga": null,
      "fcf": 3364000,
      "ocf": 3364000,
      "capex": null,
      "gross_margin": 0.4517263843648208,
      "op_margin": 0.09051031487513572,
      "fcf_margin": 0.14610206297502715,
      "incr_op_margin_yoy": 1.1243317439676348,
      "rev_growth_yoy": -0.3754577264220034,
      "rev_growth_yoy_accel": 0.00024009992316820217,
      "op_leverage_ratio": 0.5552639922258116,
      "fcf_margin_change": -0.18941924600518595
    },
    {
      "date": "2024-06-30T00:00:00",
      "quarter_label": "2024-06 (Q2)",
      "revenue": 21227000,
      "gross_profit": 9819000,
      "operating_income": 2403000,
      "net_income": 1235000,
      "opex": 7416000,
      "cogs": 11408000,
      "rd": null,
      "sga": null,
      "fcf": 7987000,
      "ocf": 7987000,
      "capex": null,
      "gross_margin": 0.46257125359212325,
      "op_margin": 0.11320488057662412,
      "fcf_margin": 0.3762660762236774,
      "incr_op_margin_yoy": 0.7022600720602686,
      "rev_growth_yoy": 0.16798723451083966,
      "rev_growth_yoy_accel": 0.5434449609328431,
      "fcf_margin_change": 0.23016401324865027
    },
    {
      "date": "2024-09-30T00:00:00",
      "quarter_label": "2024-09 (Q3)",
      "revenue": 21896000,
      "gross_profit": 10106000,
      "operating_income": 1854000,
      "net_income": 2065000,
      "opex": 8252000,
      "cogs": 11790000,
      "rd": null,
      "sga": null,
      "fcf": 7614000,
      "ocf": 7614000,
      "capex": null,
      "gross_margin": 0.4615454877603215,
      "op_margin": 0.08467299963463647,
      "fcf_margin": 0.347734746072342,
      "incr_op_margin_yoy": 0.0007722007722007722,
      "rev_growth_yoy": 0.06286102616377846,
      "rev_growth_yoy_accel": -0.1051262083470612,
      "op_leverage_ratio": 0.27957667888441257,
      "fcf_margin_change": -0.02853133015133541
    },
    {
      "date": "2024-12-31T00:00:00",
      "quarter_label": "2024-12 (Q4)",
      "revenue": 20275000,
      "gross_profit": 7482000,
      "operating_income": -605000,
      "net_income": -1825000,
      "opex": 8087000,
      "cogs": 12793000,
      "rd": null,
      "sga": null,
      "fcf": 7719000,
      "ocf": 7719000,
      "capex": null,
      "gross_margin": 0.36902589395807645,
      "op_margin": -0.029839704069050555,
      "fcf_margin": 0.38071516646115905,
      "rev_growth_yoy": -0.03562595129375951,
      "rev_growth_yoy_accel": -0.09848697745753798,
      "fcf_margin_change": 0.032980420388817044
    },
    {
      "date": "2025-03-31T00:00:00",
      "quarter_label": "2025-03 (Q1)",
      "revenue": 22561000,
      "gross_profit": 9173000,
      "operating_income": 1586000,
      "net_income": -2179000,
      "opex": 7587000,
      "cogs": 13388000,
      "rd": null,
      "sga": null,
      "fcf": 7263000,
      "ocf": 7263000,
      "capex": null,
      "gross_margin": 0.4065865874739595,
      "op_margin": 0.07029830238021365,
      "fcf_margin": 0.321927219538141,
      "rev_growth_yoy": -0.02015200868621064,
      "rev_growth_yoy_accel": 0.015473942607548873,
      "op_leverage_ratio": Infinity,
      "fcf_margin_change": -0.05878794692301803
    },
    {
      "date": "2025-06-30T00:00:00",
      "quarter_label": "2025-06 (Q2)",
      "revenue": 21108000,
      "gross_profit": 9741000,
      "operating_income": 1340000,
      "net_income": 3412000,
      "opex": 8401000,
      "cogs": 11367000,
      "rd": null,
      "sga": null,
      "fcf": 10456000,
      "ocf": 10456000,
      "capex": null,
      "gross_margin": 0.4614837976122797,
      "op_margin": 0.06348303960583665,
      "fcf_margin": 0.49535721053628956,
      "rev_growth_yoy": -0.005606067743911057,
      "rev_growth_yoy_accel": 0.014545940942299582,
      "fcf_margin_change": 0.17342999099814854
    },
    {
      "date": "2025-09-30T00:00:00",
      "quarter_label": "2025-09 (Q3)",
      "revenue": 21288000,
      "gross_profit": 8201000,
      "operating_income": -85000,
      "net_income": 824000,
      "opex": 8286000,
      "cogs": 13087000,
      "rd": null,
      "sga": null,
      "fcf": 7805000,
      "ocf": 7805000,
      "capex": null,
      "gross_margin": 0.3852405110860579,
      "op_margin": -0.003992859827132657,
      "fcf_margin": 0.3666384817737693,
      "rev_growth_yoy": -0.027767628790646693,
      "rev_growth_yoy_accel": -0.022161561046735636,
      "fcf_margin_change": -0.12871872876252027
    }
  ],
  "signals": [
    {
      "quarter": "2025-06 (Q2)",
      "signal": "FCF MARGIN EXPANSION",
      "detail": "FCF margin: +32.2% -> +49.5% (+17.3%)",
      "severity": "MEDIUM"
    },
    {
      "quarter": "2025-03 (Q1)",
      "signal": "GROSS MARGIN INFLECTION",
      "detail": "GM: +46.2% -> +36.9% -> +40.7% (reversal +3.8%)",
      "severity": "MEDIUM"
    },
    {
      "quarter": "2025-03 (Q1)",
      "signal": "OP MARGIN TURNED POSITIVE (QoQ)",
      "detail": "Op margin: -3.0% -> +7.0%",
      "severity": "HIGH"
    },
    {
      "quarter": "2024-12 (Q4)",
      "signal": "YoY REVENUE GROWTH DECELERATION",
      "detail": "YoY growth: -3.6% vs prior quarter YoY: +6.3% (decel: -9.8%)",
      "severity": "WARNING"
    },
    {
      "quarter": "2024-09 (Q3)",
      "signal": "YoY REVENUE GROWTH DECELERATION",
      "detail": "YoY growth: +6.3% vs prior quarter YoY: +16.8% (decel: -10.5%)",
      "severity": "WARNING"
    },
    {
      "quarter": "2024-06 (Q2)",
      "signal": "FCF MARGIN EXPANSION",
      "detail": "FCF margin: +14.6% -> +37.6% (+23.0%)",
      "severity": "MEDIUM"
    },
    {
      "quarter": "2024-06 (Q2)",
      "signal": "YoY REVENUE GROWTH ACCELERATION",
      "detail": "YoY growth: +16.8% vs prior quarter YoY: -37.5% (accel: +54.3%)",
      "severity": "HIGH"
    },
    {
      "quarter": "2024-06 (Q2)",
      "signal": "INCREMENTAL MARGIN (YoY)",
      "detail": "YoY Incr OPM: +70.2% vs year-ago OPM: +1.4%",
      "severity": "HIGH"
    },
    {
      "quarter": "2024-03 (Q1)",
      "signal": "GROSS MARGIN INFLECTION",
      "detail": "GM: +42.3% -> +41.2% -> +45.2% (reversal +4.0%)",
      "severity": "MEDIUM"
    },
    {
      "quarter": "2024-03 (Q1)",
      "signal": "INCREMENTAL MARGIN (YoY)",
      "detail": "YoY Incr OPM: +112.4% vs year-ago OPM: +47.9%",
      "severity": "HIGH"
    },
    {
      "quarter": "2023-12 (Q4)",
      "signal": "FCF MARGIN EXPANSION",
      "detail": "FCF margin: +21.0% -> +33.6% (+12.6%)",
      "severity": "MEDIUM"
    },
    {
      "quarter": "2023-12 (Q4)",
      "signal": "YoY REVENUE GROWTH ACCELERATION",
      "detail": "YoY growth: -37.6% vs prior quarter YoY: -48.2% (accel: +10.7%)",
      "severity": "MEDIUM"
    },
    {
      "quarter": "2023-12 (Q4)",
      "signal": "INCREMENTAL MARGIN (YoY)",
      "detail": "YoY Incr OPM: +87.2% vs year-ago OPM: +37.4%",
      "severity": "HIGH"
    },
    {
      "quarter": "2023-09 (Q3)",
      "signal": "FCF TURNED POSITIVE",
      "detail": "FCF margin: -2.5% -> +21.0%",
      "severity": "HIGH"
    },
    {
      "quarter": "2023-09 (Q3)",
      "signal": "GROSS MARGIN INFLECTION",
      "detail": "GM: +63.2% -> +35.0% -> +42.3% (reversal +7.3%)",
      "severity": "HIGH"
    },
    {
      "quarter": "2023-09 (Q3)",
      "signal": "YoY REVENUE GROWTH ACCELERATION",
      "detail": "YoY growth: -48.2% vs prior quarter YoY: -56.7% (accel: +8.5%)",
      "severity": "MEDIUM"
    },
    {
      "quarter": "2023-09 (Q3)",
      "signal": "INCREMENTAL MARGIN (YoY)",
      "detail": "YoY Incr OPM: +66.5% vs year-ago OPM: +36.7%",
      "severity": "HIGH"
    },
    {
      "quarter": "2023-06 (Q2)",
      "signal": "YoY REVENUE GROWTH DECELERATION",
      "detail": "YoY growth: -56.7% vs prior quarter YoY: +43.5% (decel: -100.3%)",
      "severity": "WARNING"
    },
    {
      "quarter": "2023-06 (Q2)",
      "signal": "INCREMENTAL MARGIN (YoY)",
      "detail": "YoY Incr OPM: +81.2% vs year-ago OPM: +46.7%",
      "severity": "HIGH"
    },
    {
      "quarter": "2023-03 (Q1)",
      "signal": "FCF MARGIN EXPANSION",
      "detail": "FCF margin: +30.9% -> +65.0% (+34.1%)",
      "severity": "MEDIUM"
    },
    {
      "quarter": "2023-03 (Q1)",
      "signal": "YoY REVENUE GROWTH DECELERATION",
      "detail": "YoY growth: +43.5% vs prior quarter YoY: +50.8% (decel: -7.2%)",
      "severity": "WARNING"
    },
    {
      "quarter": "2023-03 (Q1)",
      "signal": "INCREMENTAL MARGIN (YoY)",
      "detail": "YoY Incr OPM: +65.3% vs year-ago OPM: +40.3%",
      "severity": "HIGH"
    },
    {
      "quarter": "2022-12 (Q4)",
      "signal": "GROSS MARGIN INFLECTION",
      "detail": "GM: +58.9% -> +52.0% -> +55.3% (reversal +3.4%)",
      "severity": "MEDIUM"
    },
    {
      "quarter": "2022-12 (Q4)",
      "signal": "YoY REVENUE GROWTH DECELERATION",
      "detail": "YoY growth: +50.8% vs prior quarter YoY: +110.8% (decel: -60.0%)",
      "severity": "WARNING"
    },
    {
      "quarter": "2022-09 (Q3)",
      "signal": "YoY REVENUE GROWTH DECELERATION",
      "detail": "YoY growth: +110.8% vs prior quarter YoY: +206.6% (decel: -95.8%)",
      "severity": "WARNING"
    },
    {
      "quarter": "2022-06 (Q2)",
      "signal": "YoY REVENUE GROWTH DECELERATION",
      "detail": "YoY growth: +206.6% vs prior quarter YoY: +236.4% (decel: -29.8%)",
      "severity": "WARNING"
    },
    {
      "quarter": "2022-06 (Q2)",
      "signal": "INCREMENTAL MARGIN (YoY)",
      "detail": "YoY Incr OPM: +58.7% vs year-ago OPM: +21.9%",
      "severity": "HIGH"
    },
    {
      "quarter": "2022-03 (Q1)",
      "signal": "FCF MARGIN EXPANSION",
      "detail": "FCF margin: +37.2% -> +57.6% (+20.4%)",
      "severity": "MEDIUM"
    },
    {
      "quarter": "2022-03 (Q1)",
      "signal": "OPERATING LEVERAGE",
      "detail": "Rev growth +15.0% vs OpEx growth +6.7% (leverage: 2.2x)",
      "severity": "MEDIUM"
    },
    {
      "quarter": "2022-03 (Q1)",
      "signal": "YoY REVENUE GROWTH DECELERATION",
      "detail": "YoY growth: +236.4% vs prior quarter YoY: +287.3% (decel: -50.8%)",
      "severity": "WARNING"
    },
    {
      "quarter": "2022-03 (Q1)",
      "signal": "INCREMENTAL MARGIN (YoY)",
      "detail": "YoY Incr OPM: +51.9% vs year-ago OPM: +12.8%",
      "severity": "HIGH"
    },
    {
      "quarter": "2021-12 (Q4)",
      "signal": "FCF MARGIN EXPANSION",
      "detail": "FCF margin: +29.6% -> +37.2% (+7.5%)",
      "severity": "MEDIUM"
    },
    {
      "quarter": "2021-12 (Q4)",
      "signal": "OP MARGIN TURNED POSITIVE (YoY)",
      "detail": "Op margin: -275.8% (year-ago) -> +38.6%",
      "severity": "HIGH"
    },
    {
      "quarter": "2021-09 (Q3)",
      "signal": "FCF MARGIN EXPANSION",
      "detail": "FCF margin: +15.9% -> +29.6% (+13.8%)",
      "severity": "MEDIUM"
    },
    {
      "quarter": "2021-03 (Q1)",
      "signal": "FCF MARGIN EXPANSION",
      "detail": "FCF margin: +1.3% -> +17.5% (+16.2%)",
      "severity": "MEDIUM"
    },
    {
      "quarter": "2021-03 (Q1)",
      "signal": "OP MARGIN TURNED POSITIVE (QoQ)",
      "detail": "Op margin: -275.8% -> +12.8%",
      "severity": "HIGH"
    }
  ],
  "data_quality": {
    "n_quarters": 20,
    "coverage": {
      "revenue": [
        20,
        20
      ],
      "gross_profit": [
        17,
        20
      ],
      "op_income": [
        20,
        20
      ],
      "fcf": [
        20,
        20
      ]
    },
    "gaps": [],
    "warnings": []
  },
  "market_cap": null,
  "source": "SEC EDGAR",
  "last_updated": "2026-02-02T23:13:43.373042",
  "sector": "Energy",
  "industry": "Oil & Gas E&P"
}