{
  "ticker": "EQT",
  "name": "EQT CORPORATION",
  "sector": "Energy",
  "industry": "Oil & Gas E&P",
  "quarters": [
    {
      "date": "2021-03-31T00:00:00",
      "quarter_label": "2021-03 (Q1)",
      "revenue": 949923000,
      "gross_profit": 504139000,
      "operating_income": 8845000,
      "net_income": -40518000,
      "opex": 941078000,
      "cogs": 445784000,
      "rd": null,
      "sga": 45006000,
      "fcf": 148638000,
      "ocf": 399915000,
      "capex": -251277000,
      "gross_margin": 0.5307156474787956,
      "op_margin": 0.009311281019619484,
      "fcf_margin": 0.1564737352395931
    },
    {
      "date": "2021-06-30T00:00:00",
      "quarter_label": "2021-06 (Q2)",
      "revenue": -260116000,
      "gross_profit": -724132000,
      "operating_income": -1217641000,
      "net_income": -936457000,
      "opex": 957525000,
      "cogs": 464016000,
      "rd": null,
      "sga": 49853000,
      "fcf": -175503000,
      "ocf": 43479000,
      "capex": -218982000,
      "gross_margin": 2.7838810376908762,
      "op_margin": 4.6811461040458875,
      "fcf_margin": 0.6747105137707792,
      "fcf_margin_change": 0.5182367785311861
    },
    {
      "date": "2021-09-30T00:00:00",
      "quarter_label": "2021-09 (Q3)",
      "revenue": -1464838000,
      "gross_profit": -1959735000,
      "operating_income": -2609526000,
      "net_income": -1980117000,
      "opex": 1144688000,
      "cogs": 494897000,
      "rd": null,
      "sga": 49113000,
      "fcf": -188571000,
      "ocf": 48108000,
      "capex": -236679000,
      "gross_margin": 1.3378510115111706,
      "op_margin": 1.781443408759194,
      "fcf_margin": 0.1287316413146027,
      "op_leverage_ratio": 23.6946281944528,
      "fcf_margin_change": -0.5459788724561765
    },
    {
      "date": "2021-12-31T00:00:00",
      "quarter_label": "2021-12 (Q4)",
      "revenue": 3839694000,
      "gross_profit": 3302226000,
      "operating_income": 2457347000,
      "net_income": 1801333000,
      "opex": 1382347000,
      "cogs": 537468000,
      "rd": null,
      "sga": 52343000,
      "fcf": 822756000,
      "ocf": 1170946000,
      "capex": -348190000,
      "gross_margin": 0.8600232206003916,
      "op_margin": 0.6399851133970572,
      "fcf_margin": 0.21427645015462168,
      "fcf_margin_change": 0.08554480884001897
    },
    {
      "date": "2022-03-31T00:00:00",
      "quarter_label": "2022-03 (Q1)",
      "revenue": -579110000,
      "gross_profit": -1095214000,
      "operating_income": -1888266000,
      "net_income": -1516048000,
      "opex": 1309156000,
      "cogs": 516104000,
      "rd": null,
      "sga": 69096000,
      "fcf": 728938000,
      "ocf": 1021219000,
      "capex": -292281000,
      "gross_margin": 1.8912020168879833,
      "op_margin": 3.260634421785153,
      "fcf_margin": -1.2587211410612837,
      "incr_op_margin_yoy": 1.2407260013354846,
      "rev_growth_yoy": -1.6096388865202758,
      "fcf_margin_change": -1.4729975912159055
    },
    {
      "date": "2022-06-30T00:00:00",
      "quarter_label": "2022-06 (Q2)",
      "revenue": 2527508000,
      "gross_profit": 1987804000,
      "operating_income": 1361901000,
      "net_income": 891361000,
      "opex": 1165607000,
      "cogs": 539704000,
      "rd": null,
      "sga": 59276000,
      "fcf": -162270000,
      "ocf": 230421000,
      "capex": -392691000,
      "gross_margin": 0.7864679360065329,
      "op_margin": 0.5388315289209767,
      "fcf_margin": -0.06420157720569035,
      "incr_op_margin_yoy": 0.9253550694067779,
      "fcf_margin_change": 1.1945195638555934
    },
    {
      "date": "2022-09-30T00:00:00",
      "quarter_label": "2022-09 (Q3)",
      "revenue": 2069463000,
      "gross_profit": 1528371000,
      "operating_income": 924586000,
      "net_income": 683670000,
      "opex": 1144877000,
      "cogs": 541092000,
      "rd": null,
      "sga": 67231000,
      "fcf": 787615000,
      "ocf": 1150118000,
      "capex": -362503000,
      "gross_margin": 0.7385350692426006,
      "op_margin": 0.4467758060907588,
      "fcf_margin": 0.3805890706912856,
      "incr_op_margin_yoy": 0.9999465240793016,
      "fcf_margin_change": 0.444790647896976
    },
    {
      "date": "2022-12-31T00:00:00",
      "quarter_label": "2022-12 (Q4)",
      "revenue": 3479828000,
      "gross_profit": 2959752000,
      "operating_income": 2319776000,
      "net_income": 1711982000,
      "opex": 1160052000,
      "cogs": 520076000,
      "rd": null,
      "sga": 57042000,
      "fcf": 710834000,
      "ocf": 1063802000,
      "capex": -352968000,
      "gross_margin": 0.8505454867309533,
      "op_margin": 0.6666352474892437,
      "fcf_margin": 0.20427273991703038,
      "incr_op_margin_yoy": 0.3822839612522439,
      "rev_growth_yoy": -0.09372257268417744,
      "op_leverage_ratio": 51.41667481006965,
      "fcf_margin_change": -0.17631633077425524
    },
    {
      "date": "2023-03-31T00:00:00",
      "quarter_label": "2023-03 (Q1)",
      "revenue": 2661071000,
      "gross_profit": 2146087000,
      "operating_income": 1610880000,
      "net_income": 1218548000,
      "opex": 1050191000,
      "cogs": 514984000,
      "rd": null,
      "sga": 51894000,
      "fcf": 1167984000,
      "ocf": 1662768000,
      "capex": -494784000,
      "gross_margin": 0.8064749117930337,
      "op_margin": 0.6053502518346936,
      "fcf_margin": 0.4389150082805006,
      "incr_op_margin_yoy": 1.0799230043013028,
      "fcf_margin_change": 0.23464226836347024
    },
    {
      "date": "2023-06-30T00:00:00",
      "quarter_label": "2023-06 (Q2)",
      "revenue": 1018751000,
      "gross_profit": 495589000,
      "operating_income": -34993000,
      "net_income": -66626000,
      "opex": 1053744000,
      "cogs": 523162000,
      "rd": null,
      "sga": 60163000,
      "fcf": -49898000,
      "ocf": 437113000,
      "capex": -487011000,
      "gross_margin": 0.4864672525474822,
      "op_margin": -0.03434892333848016,
      "fcf_margin": -0.0489795838237214,
      "incr_op_margin_yoy": 0.9258575105202494,
      "rev_growth_yoy": -0.5969346091090513,
      "fcf_margin_change": -0.48789459210422204
    },
    {
      "date": "2023-09-30T00:00:00",
      "quarter_label": "2023-09 (Q3)",
      "revenue": 1186102000,
      "gross_profit": 631314000,
      "operating_income": 15807000,
      "net_income": 81255000,
      "opex": 1170295000,
      "cogs": 554788000,
      "rd": null,
      "sga": 56942000,
      "fcf": -49520000,
      "ocf": 454583000,
      "capex": -504103000,
      "gross_margin": 0.5322594515480119,
      "op_margin": 0.013326847100839556,
      "fcf_margin": -0.04175020360812139,
      "incr_op_margin_yoy": 1.0287741931101781,
      "rev_growth_yoy": -0.42685517933879463,
      "rev_growth_yoy_accel": 0.17007942977025664,
      "op_leverage_ratio": 1.4851809651536065,
      "fcf_margin_change": 0.007229380215600004
    },
    {
      "date": "2023-12-31T00:00:00",
      "quarter_label": "2023-12 (Q4)",
      "revenue": 2042999000,
      "gross_profit": 1478673000,
      "operating_income": 722717000,
      "net_income": 502055000,
      "opex": 1320282000,
      "cogs": 564326000,
      "rd": null,
      "sga": 67172000,
      "fcf": 91247000,
      "ocf": 624386000,
      "capex": -533139000,
      "gross_margin": 0.7237756846674913,
      "op_margin": 0.3537529876421868,
      "fcf_margin": 0.044663262194450416,
      "incr_op_margin_yoy": 1.1115164017430048,
      "rev_growth_yoy": -0.41290230436676756,
      "rev_growth_yoy_accel": 0.013952874972027074,
      "op_leverage_ratio": 5.637003638314199,
      "fcf_margin_change": 0.08641346580257181
    },
    {
      "date": "2024-03-31T00:00:00",
      "quarter_label": "2024-03 (Q1)",
      "revenue": 1412268000,
      "gross_profit": 867087000,
      "operating_income": 182720000,
      "net_income": 103488000,
      "opex": 1229548000,
      "cogs": 545181000,
      "rd": null,
      "sga": 73053000,
      "fcf": 621195000,
      "ocf": 1155663000,
      "capex": -534468000,
      "gross_margin": 0.6139677454987297,
      "op_margin": 0.12938054250326425,
      "fcf_margin": 0.43985631622326643,
      "incr_op_margin_yoy": 1.1436231335126517,
      "rev_growth_yoy": -0.4692858627221897,
      "rev_growth_yoy_accel": -0.056383558355422136,
      "fcf_margin_change": 0.395193054028816
    },
    {
      "date": "2024-06-30T00:00:00",
      "quarter_label": "2024-06 (Q2)",
      "revenue": 952512000,
      "gross_profit": 409445000,
      "operating_income": 2971000,
      "net_income": 9517000,
      "opex": 949541000,
      "cogs": 543067000,
      "rd": null,
      "sga": 67207000,
      "fcf": -236120000,
      "ocf": 322045000,
      "capex": -558165000,
      "gross_margin": 0.42985810152523013,
      "op_margin": 0.0031191208089766847,
      "fcf_margin": -0.24789189007592555,
      "incr_op_margin_yoy": -0.5731366717492716,
      "rev_growth_yoy": -0.0650198134774837,
      "rev_growth_yoy_accel": 0.404266049244706,
      "fcf_margin_change": -0.687748206299192
    },
    {
      "date": "2024-09-30T00:00:00",
      "quarter_label": "2024-09 (Q3)",
      "revenue": 1283802000,
      "gross_profit": 842957000,
      "operating_income": -281840000,
      "net_income": -300823000,
      "opex": 1565642000,
      "cogs": 440845000,
      "rd": null,
      "sga": 88470000,
      "fcf": 23510000,
      "ocf": 592989000,
      "capex": -569479000,
      "gross_margin": 0.6566098198943451,
      "op_margin": -0.21953541122384915,
      "fcf_margin": 0.018312792782687673,
      "incr_op_margin_yoy": -3.0465404298874104,
      "rev_growth_yoy": 0.0823706561493025,
      "rev_growth_yoy_accel": 0.1473904696267862,
      "op_leverage_ratio": 0.5360430618797797,
      "fcf_margin_change": 0.2662046828586132
    },
    {
      "date": "2024-12-31T00:00:00",
      "quarter_label": "2024-12 (Q4)",
      "revenue": 1624727000,
      "gross_profit": 1238204000,
      "operating_income": 781445000,
      "net_income": 418395000,
      "opex": 843282000,
      "cogs": 386523000,
      "rd": null,
      "sga": 107994000,
      "fcf": 164679000,
      "ocf": 756276000,
      "capex": -591597000,
      "gross_margin": 0.7620997250615026,
      "op_margin": 0.4809700337348982,
      "fcf_margin": 0.10135795121272681,
      "incr_op_margin_yoy": -0.1404062428276337,
      "rev_growth_yoy": -0.20473431460318875,
      "rev_growth_yoy_accel": -0.28710497075249125,
      "op_leverage_ratio": null,
      "fcf_margin_change": 0.08304515843003914
    },
    {
      "date": "2025-03-31T00:00:00",
      "quarter_label": "2025-03 (Q1)",
      "revenue": 1739850000,
      "gross_profit": 1361641000,
      "operating_income": 496250000,
      "net_income": 242139000,
      "opex": 1243600000,
      "cogs": 378209000,
      "rd": null,
      "sga": 91464000,
      "fcf": 1241518000,
      "ocf": 1741167000,
      "capex": -499649000,
      "gross_margin": 0.7826197660717878,
      "op_margin": 0.28522573785096417,
      "fcf_margin": 0.7135776072649941,
      "incr_op_margin_yoy": 0.957103870176017,
      "rev_growth_yoy": 0.2319545582000017,
      "rev_growth_yoy_accel": 0.43668887280319046,
      "op_leverage_ratio": 0.14926205368316517,
      "fcf_margin_change": 0.6122196560522672
    },
    {
      "date": "2025-06-30T00:00:00",
      "quarter_label": "2025-06 (Q2)",
      "revenue": 2557719000,
      "gross_profit": 2168603000,
      "operating_income": 1134038000,
      "net_income": 784147000,
      "opex": 1423681000,
      "cogs": 389116000,
      "rd": null,
      "sga": 81586000,
      "fcf": 692059000,
      "ocf": 1241699000,
      "capex": -549640000,
      "gross_margin": 0.8478660087366908,
      "op_margin": 0.4433786510558822,
      "fcf_margin": 0.27057663488444195,
      "incr_op_margin_yoy": 0.7046237650346653,
      "rev_growth_yoy": 1.6852354616004839,
      "rev_growth_yoy_accel": 1.453280903400482,
      "op_leverage_ratio": 3.2462709059232777,
      "fcf_margin_change": -0.44300097238055214
    },
    {
      "date": "2025-09-30T00:00:00",
      "quarter_label": "2025-09 (Q3)",
      "revenue": 1958571000,
      "gross_profit": 1581438000,
      "operating_income": 603210000,
      "net_income": 335862000,
      "opex": 1355361000,
      "cogs": 377133000,
      "rd": null,
      "sga": 98720000,
      "fcf": 391297000,
      "ocf": 1017699000,
      "capex": -626402000,
      "gross_margin": 0.8074448156334388,
      "op_margin": 0.30798475010607224,
      "fcf_margin": 0.1997869875536807,
      "incr_op_margin_yoy": 1.311634055506403,
      "rev_growth_yoy": 0.5256020788252395,
      "rev_growth_yoy_accel": -1.1596333827752443,
      "fcf_margin_change": -0.07078964733076124
    },
    {
      "date": "2025-12-31T00:00:00",
      "quarter_label": "2025-12 (Q4)",
      "revenue": 2388071000,
      "gross_profit": 2000439000,
      "operating_income": 1016121000,
      "net_income": 677099000,
      "opex": 1371950000,
      "cogs": 387632000,
      "rd": null,
      "sga": 108296000,
      "fcf": 512653000,
      "ocf": 1125387000,
      "capex": -612734000,
      "gross_margin": 0.8376798679771247,
      "op_margin": 0.42549865560948563,
      "fcf_margin": 0.21467242808107465,
      "incr_op_margin_yoy": 0.30743151187406986,
      "rev_growth_yoy": 0.4698290851324561,
      "rev_growth_yoy_accel": -0.05577299369278338,
      "op_leverage_ratio": 17.916724927930677,
      "fcf_margin_change": 0.014885440527393934
    }
  ],
  "signals": [
    {
      "quarter": "2025-12 (Q4)",
      "signal": "OPERATING LEVERAGE",
      "detail": "Rev growth +21.9% vs OpEx growth +1.2% (leverage: 17.9x)",
      "severity": "MEDIUM"
    },
    {
      "quarter": "2025-12 (Q4)",
      "signal": "GROSS MARGIN INFLECTION",
      "detail": "GM: +84.8% -> +80.7% -> +83.8% (reversal +3.0%)",
      "severity": "MEDIUM"
    },
    {
      "quarter": "2025-12 (Q4)",
      "signal": "YoY REVENUE GROWTH DECELERATION",
      "detail": "YoY growth: +47.0% vs prior quarter YoY: +52.6% (decel: -5.6%)",
      "severity": "WARNING"
    },
    {
      "quarter": "2025-09 (Q3)",
      "signal": "YoY REVENUE GROWTH DECELERATION",
      "detail": "YoY growth: +52.6% vs prior quarter YoY: +168.5% (decel: -116.0%)",
      "severity": "WARNING"
    },
    {
      "quarter": "2025-09 (Q3)",
      "signal": "OP MARGIN TURNED POSITIVE (YoY)",
      "detail": "Op margin: -22.0% (year-ago) -> +30.8%",
      "severity": "HIGH"
    },
    {
      "quarter": "2025-06 (Q2)",
      "signal": "OPERATING LEVERAGE",
      "detail": "Rev growth +47.0% vs OpEx growth +14.5% (leverage: 3.2x)",
      "severity": "MEDIUM"
    },
    {
      "quarter": "2025-06 (Q2)",
      "signal": "YoY REVENUE GROWTH ACCELERATION",
      "detail": "YoY growth: +168.5% vs prior quarter YoY: +23.2% (accel: +145.3%)",
      "severity": "HIGH"
    },
    {
      "quarter": "2025-06 (Q2)",
      "signal": "INCREMENTAL MARGIN (YoY)",
      "detail": "YoY Incr OPM: +70.5% vs year-ago OPM: +0.3%",
      "severity": "HIGH"
    },
    {
      "quarter": "2025-03 (Q1)",
      "signal": "FCF MARGIN EXPANSION",
      "detail": "FCF margin: +10.1% -> +71.4% (+61.2%)",
      "severity": "MEDIUM"
    },
    {
      "quarter": "2025-03 (Q1)",
      "signal": "YoY REVENUE GROWTH ACCELERATION",
      "detail": "YoY growth: +23.2% vs prior quarter YoY: -20.5% (accel: +43.7%)",
      "severity": "HIGH"
    },
    {
      "quarter": "2025-03 (Q1)",
      "signal": "INCREMENTAL MARGIN (YoY)",
      "detail": "YoY Incr OPM: +95.7% vs year-ago OPM: +12.9%",
      "severity": "HIGH"
    },
    {
      "quarter": "2024-12 (Q4)",
      "signal": "FCF MARGIN EXPANSION",
      "detail": "FCF margin: +1.8% -> +10.1% (+8.3%)",
      "severity": "MEDIUM"
    },
    {
      "quarter": "2024-12 (Q4)",
      "signal": "YoY REVENUE GROWTH DECELERATION",
      "detail": "YoY growth: -20.5% vs prior quarter YoY: +8.2% (decel: -28.7%)",
      "severity": "WARNING"
    },
    {
      "quarter": "2024-12 (Q4)",
      "signal": "OP MARGIN TURNED POSITIVE (QoQ)",
      "detail": "Op margin: -22.0% -> +48.1%",
      "severity": "HIGH"
    },
    {
      "quarter": "2024-09 (Q3)",
      "signal": "FCF TURNED POSITIVE",
      "detail": "FCF margin: -24.8% -> +1.8%",
      "severity": "HIGH"
    },
    {
      "quarter": "2024-09 (Q3)",
      "signal": "GROSS MARGIN INFLECTION",
      "detail": "GM: +61.4% -> +43.0% -> +65.7% (reversal +22.7%)",
      "severity": "HIGH"
    },
    {
      "quarter": "2024-09 (Q3)",
      "signal": "YoY REVENUE GROWTH ACCELERATION",
      "detail": "YoY growth: +8.2% vs prior quarter YoY: -6.5% (accel: +14.7%)",
      "severity": "MEDIUM"
    },
    {
      "quarter": "2024-06 (Q2)",
      "signal": "YoY REVENUE GROWTH ACCELERATION",
      "detail": "YoY growth: -6.5% vs prior quarter YoY: -46.9% (accel: +40.4%)",
      "severity": "HIGH"
    },
    {
      "quarter": "2024-06 (Q2)",
      "signal": "OP MARGIN TURNED POSITIVE (YoY)",
      "detail": "Op margin: -3.4% (year-ago) -> +0.3%",
      "severity": "HIGH"
    },
    {
      "quarter": "2024-03 (Q1)",
      "signal": "FCF MARGIN EXPANSION",
      "detail": "FCF margin: +4.5% -> +44.0% (+39.5%)",
      "severity": "MEDIUM"
    },
    {
      "quarter": "2024-03 (Q1)",
      "signal": "YoY REVENUE GROWTH DECELERATION",
      "detail": "YoY growth: -46.9% vs prior quarter YoY: -41.3% (decel: -5.6%)",
      "severity": "WARNING"
    },
    {
      "quarter": "2024-03 (Q1)",
      "signal": "INCREMENTAL MARGIN (YoY)",
      "detail": "YoY Incr OPM: +114.4% vs year-ago OPM: +60.5%",
      "severity": "HIGH"
    },
    {
      "quarter": "2023-12 (Q4)",
      "signal": "FCF TURNED POSITIVE",
      "detail": "FCF margin: -4.2% -> +4.5%",
      "severity": "HIGH"
    },
    {
      "quarter": "2023-12 (Q4)",
      "signal": "OPERATING LEVERAGE",
      "detail": "Rev growth +72.2% vs OpEx growth +12.8% (leverage: 5.6x)",
      "severity": "MEDIUM"
    },
    {
      "quarter": "2023-12 (Q4)",
      "signal": "INCREMENTAL MARGIN (YoY)",
      "detail": "YoY Incr OPM: +111.2% vs year-ago OPM: +66.7%",
      "severity": "HIGH"
    },
    {
      "quarter": "2023-09 (Q3)",
      "signal": "GROSS MARGIN INFLECTION",
      "detail": "GM: +80.6% -> +48.6% -> +53.2% (reversal +4.6%)",
      "severity": "MEDIUM"
    },
    {
      "quarter": "2023-09 (Q3)",
      "signal": "YoY REVENUE GROWTH ACCELERATION",
      "detail": "YoY growth: -42.7% vs prior quarter YoY: -59.7% (accel: +17.0%)",
      "severity": "HIGH"
    },
    {
      "quarter": "2023-09 (Q3)",
      "signal": "INCREMENTAL MARGIN (YoY)",
      "detail": "YoY Incr OPM: +102.9% vs year-ago OPM: +44.7%",
      "severity": "HIGH"
    },
    {
      "quarter": "2023-09 (Q3)",
      "signal": "OP MARGIN TURNED POSITIVE (QoQ)",
      "detail": "Op margin: -3.4% -> +1.3%",
      "severity": "HIGH"
    },
    {
      "quarter": "2023-03 (Q1)",
      "signal": "FCF MARGIN EXPANSION",
      "detail": "FCF margin: +20.4% -> +43.9% (+23.5%)",
      "severity": "MEDIUM"
    },
    {
      "quarter": "2022-12 (Q4)",
      "signal": "OPERATING LEVERAGE",
      "detail": "Rev growth +68.2% vs OpEx growth +1.3% (leverage: 51.4x)",
      "severity": "MEDIUM"
    },
    {
      "quarter": "2022-12 (Q4)",
      "signal": "GROSS MARGIN INFLECTION",
      "detail": "GM: +78.6% -> +73.9% -> +85.1% (reversal +11.2%)",
      "severity": "HIGH"
    },
    {
      "quarter": "2022-09 (Q3)",
      "signal": "FCF TURNED POSITIVE",
      "detail": "FCF margin: -6.4% -> +38.1%",
      "severity": "HIGH"
    },
    {
      "quarter": "2022-06 (Q2)",
      "signal": "FCF MARGIN EXPANSION",
      "detail": "FCF margin: -125.9% -> -6.4% (+119.5%)",
      "severity": "MEDIUM"
    },
    {
      "quarter": "2022-03 (Q1)",
      "signal": "GROSS MARGIN INFLECTION",
      "detail": "GM: +133.8% -> +86.0% -> +189.1% (reversal +103.1%)",
      "severity": "HIGH"
    },
    {
      "quarter": "2022-03 (Q1)",
      "signal": "INCREMENTAL MARGIN (YoY)",
      "detail": "YoY Incr OPM: +124.1% vs year-ago OPM: +0.9%",
      "severity": "HIGH"
    },
    {
      "quarter": "2021-12 (Q4)",
      "signal": "FCF MARGIN EXPANSION",
      "detail": "FCF margin: +12.9% -> +21.4% (+8.6%)",
      "severity": "MEDIUM"
    },
    {
      "quarter": "2021-09 (Q3)",
      "signal": "OPERATING LEVERAGE",
      "detail": "Rev growth +463.1% vs OpEx growth +19.5% (leverage: 23.7x)",
      "severity": "MEDIUM"
    },
    {
      "quarter": "2021-06 (Q2)",
      "signal": "FCF MARGIN EXPANSION",
      "detail": "FCF margin: +15.6% -> +67.5% (+51.8%)",
      "severity": "MEDIUM"
    }
  ],
  "data_quality": {
    "n_quarters": 20,
    "coverage": {
      "revenue": [
        20,
        20
      ],
      "gross_profit": [
        20,
        20
      ],
      "op_income": [
        20,
        20
      ],
      "fcf": [
        20,
        20
      ]
    },
    "gaps": [],
    "warnings": []
  },
  "market_cap": null,
  "source": "SEC EDGAR",
  "last_updated": "2026-02-24T10:29:40.760026"
}