{
  "ticker": "ESAB",
  "name": "ESAB Corporation",
  "quarters": [
    {
      "date": "2021-04-02T00:00:00",
      "quarter_label": "2021-04 (Q2)",
      "revenue": 568128000,
      "gross_profit": 199795000,
      "operating_income": 72301000,
      "net_income": 57658000,
      "opex": 127494000,
      "cogs": 368333000,
      "rd": 9500000,
      "sga": 124419000,
      "fcf": 58147000,
      "ocf": 62847000,
      "capex": -4700000,
      "gross_margin": 0.351672510420187,
      "op_margin": 0.12726181423904473,
      "fcf_margin": 0.10234841444181593
    },
    {
      "date": "2021-07-02T00:00:00",
      "quarter_label": "2021-07 (Q3)",
      "revenue": 629804000,
      "gross_profit": 218391000,
      "operating_income": 82200000,
      "net_income": 77407000,
      "opex": 136191000,
      "cogs": 411413000,
      "rd": 10300000,
      "sga": 132702000,
      "fcf": 53627000,
      "ocf": 59772000,
      "capex": -6145000,
      "gross_margin": 0.34676026192275694,
      "op_margin": 0.13051679570151983,
      "fcf_margin": 0.08514871293291246,
      "op_leverage_ratio": 1.5914400480243913,
      "fcf_margin_change": -0.017199701508903473
    },
    {
      "date": "2021-10-01T00:00:00",
      "quarter_label": "2021-10 (Q4)",
      "revenue": 605968000,
      "gross_profit": 206995000,
      "operating_income": 78664000,
      "net_income": 60614000,
      "opex": 128331000,
      "cogs": 398973000,
      "rd": 9100000,
      "sga": 124104000,
      "fcf": 61452000,
      "ocf": 69458000,
      "capex": -8006000,
      "gross_margin": 0.34159394555488076,
      "op_margin": 0.12981543579859003,
      "fcf_margin": 0.1014112956459747,
      "fcf_margin_change": 0.016262582713062246
    },
    {
      "date": "2021-12-31T00:00:00",
      "quarter_label": "2021-12 (Q4)",
      "revenue": 624215000,
      "gross_profit": 212802000,
      "operating_income": 73049000,
      "net_income": 39431000,
      "opex": 139753000,
      "cogs": 411413000,
      "rd": 10800000,
      "sga": 131590000,
      "fcf": 41927000,
      "ocf": 58660000,
      "capex": -16733000,
      "gross_margin": 0.3409113846991822,
      "op_margin": 0.11702538388215598,
      "fcf_margin": 0.06716756245844781,
      "op_leverage_ratio": 0.3383227514903728,
      "fcf_margin_change": -0.034243733187526895
    },
    {
      "date": "2022-04-01T00:00:00",
      "quarter_label": "2022-04 (Q2)",
      "revenue": 647911000,
      "gross_profit": 224331000,
      "operating_income": 83614000,
      "net_income": 55437000,
      "opex": 140717000,
      "cogs": 423580000,
      "rd": 9500000,
      "sga": 135413000,
      "fcf": 10186000,
      "ocf": 16089000,
      "capex": -5903000,
      "gross_margin": 0.3462373690213625,
      "op_margin": 0.1290516753072567,
      "fcf_margin": 0.015721295054413338,
      "incr_op_margin_yoy": 0.1417971247007508,
      "rev_growth_yoy": 0.14043138166047087,
      "op_leverage_ratio": 5.503322277344661,
      "fcf_margin_change": -0.05144626740403447
    },
    {
      "date": "2022-07-01T00:00:00",
      "quarter_label": "2022-07 (Q3)",
      "revenue": 661177000,
      "gross_profit": 227472000,
      "operating_income": 85878000,
      "net_income": 55249000,
      "opex": 141594000,
      "cogs": 433705000,
      "rd": 9600000,
      "sga": 136945000,
      "fcf": 19533000,
      "ocf": 27321000,
      "capex": -7788000,
      "gross_margin": 0.34404100566111645,
      "op_margin": 0.12988655080258388,
      "fcf_margin": 0.029542769939063216,
      "incr_op_margin_yoy": 0.11723456475313167,
      "rev_growth_yoy": 0.049813910359413405,
      "rev_growth_yoy_accel": -0.09061747130105746,
      "op_leverage_ratio": 3.2852741309137143,
      "fcf_margin_change": 0.013821474884649878
    },
    {
      "date": "2022-09-30T00:00:00",
      "quarter_label": "2022-09 (Q3)",
      "revenue": 620265000,
      "gross_profit": 209338000,
      "operating_income": 80994000,
      "net_income": 52354000,
      "opex": 128344000,
      "cogs": 410927000,
      "rd": 8000000,
      "sga": 121668000,
      "fcf": 71200000,
      "ocf": 79505000,
      "capex": -8305000,
      "gross_margin": 0.337497682442182,
      "op_margin": 0.13057967159198083,
      "fcf_margin": 0.11478964636082964,
      "incr_op_margin_yoy": 0.1629712527103588,
      "rev_growth_yoy": 0.023593655110500884,
      "rev_growth_yoy_accel": -0.02622025524891252,
      "fcf_margin_change": 0.08524687642176643
    },
    {
      "date": "2022-12-31T00:00:00",
      "quarter_label": "2022-12 (Q4)",
      "revenue": 664127000,
      "gross_profit": 224389000,
      "operating_income": 78579000,
      "net_income": 60707000,
      "opex": 145810000,
      "cogs": 439738000,
      "rd": 8900000,
      "sga": 139343000,
      "fcf": 73196000,
      "ocf": 91443000,
      "capex": -18247000,
      "gross_margin": 0.3378706181197271,
      "op_margin": 0.11831923713386144,
      "fcf_margin": 0.11021385969852152,
      "incr_op_margin_yoy": 0.13855482060533172,
      "rev_growth_yoy": 0.06393950802207572,
      "rev_growth_yoy_accel": 0.04034585291157484,
      "op_leverage_ratio": 0.5196288670509288,
      "fcf_margin_change": -0.004575786662308123
    },
    {
      "date": "2023-03-31T00:00:00",
      "quarter_label": "2023-03 (Q1)",
      "revenue": 684000000,
      "gross_profit": 247389000,
      "operating_income": 90663000,
      "net_income": 31903000,
      "opex": 156726000,
      "cogs": 436611000,
      "rd": 9600000,
      "sga": 147282000,
      "fcf": 30358000,
      "ocf": 38067000,
      "capex": -7709000,
      "gross_margin": 0.3616798245614035,
      "op_margin": 0.13254824561403508,
      "fcf_margin": 0.04438304093567252,
      "incr_op_margin_yoy": 0.19532267449915486,
      "rev_growth_yoy": 0.055700551464630176,
      "rev_growth_yoy_accel": -0.008238956557445547,
      "op_leverage_ratio": 0.39970177668854046,
      "fcf_margin_change": -0.06583081876284899
    },
    {
      "date": "2023-06-30T00:00:00",
      "quarter_label": "2023-06 (Q2)",
      "revenue": 720422000,
      "gross_profit": 263923000,
      "operating_income": 108639000,
      "net_income": 65573000,
      "opex": 155284000,
      "cogs": 456499000,
      "rd": 9500000,
      "sga": 150115000,
      "fcf": 53364000,
      "ocf": 62654000,
      "capex": -9290000,
      "gross_margin": 0.36634500334526154,
      "op_margin": 0.15079911496317436,
      "fcf_margin": 0.07407325151092,
      "incr_op_margin_yoy": 0.38418431935184405,
      "rev_growth_yoy": 0.08960535529820306,
      "rev_growth_yoy_accel": 0.03390480383357288,
      "op_leverage_ratio": Infinity,
      "fcf_margin_change": 0.029690210575247476
    },
    {
      "date": "2023-09-29T00:00:00",
      "quarter_label": "2023-09 (Q3)",
      "revenue": 680996000,
      "gross_profit": 249714000,
      "operating_income": 101146000,
      "net_income": 57570000,
      "opex": 148568000,
      "cogs": 431282000,
      "rd": 9000000,
      "sga": 145439000,
      "fcf": 95512000,
      "ocf": 107378000,
      "capex": -11866000,
      "gross_margin": 0.3666893784985521,
      "op_margin": 0.14852656990643118,
      "fcf_margin": 0.14025339355884617,
      "incr_op_margin_yoy": 0.33182394493751133,
      "rev_growth_yoy": 0.09791137658903856,
      "rev_growth_yoy_accel": 0.008306021290835505,
      "fcf_margin_change": 0.06618014204792617
    },
    {
      "date": "2023-12-31T00:00:00",
      "quarter_label": "2023-12 (Q4)",
      "revenue": 689348000,
      "gross_profit": 254725000,
      "operating_income": 103718000,
      "net_income": 50239000,
      "opex": 151007000,
      "cogs": 434623000,
      "rd": 10700000,
      "sga": 144639000,
      "fcf": 103082000,
      "ocf": 122395000,
      "capex": -19313000,
      "gross_margin": 0.36951583235172947,
      "op_margin": 0.1504581140439952,
      "fcf_margin": 0.14953550311308658,
      "incr_op_margin_yoy": 0.9967487411284247,
      "rev_growth_yoy": 0.037976170220454825,
      "rev_growth_yoy_accel": -0.05993520636858374,
      "op_leverage_ratio": 0.7470667393855654,
      "fcf_margin_change": 0.009282109554240414
    },
    {
      "date": "2024-03-29T00:00:00",
      "quarter_label": "2024-03 (Q1)",
      "revenue": 689744000,
      "gross_profit": 255027000,
      "operating_income": 110653000,
      "net_income": 59951000,
      "opex": 44219000,
      "cogs": 434717000,
      "rd": 10100000,
      "sga": 142450000,
      "fcf": 37053000,
      "ocf": 44467000,
      "capex": -7414000,
      "gross_margin": 0.3697415272912849,
      "op_margin": 0.1604261871071006,
      "fcf_margin": 0.05371993087290357,
      "incr_op_margin_yoy": 3.4801532033426184,
      "rev_growth_yoy": 0.00839766081871345,
      "rev_growth_yoy_accel": -0.029578509401741372,
      "fcf_margin_change": -0.09581557224018301
    },
    {
      "date": "2024-06-28T00:00:00",
      "quarter_label": "2024-06 (Q2)",
      "revenue": 707053000,
      "gross_profit": 270315000,
      "operating_income": 119355000,
      "net_income": 82907000,
      "opex": 40179000,
      "cogs": 436738000,
      "rd": 9700000,
      "sga": 146187000,
      "fcf": 73993000,
      "ocf": 83016000,
      "capex": -9023000,
      "gross_margin": 0.38231221704737833,
      "op_margin": 0.1688062988205976,
      "fcf_margin": 0.10464986358872673,
      "incr_op_margin_yoy": -0.8015558381329942,
      "rev_growth_yoy": -0.01855717898676054,
      "rev_growth_yoy_accel": -0.026954839805473987,
      "op_leverage_ratio": Infinity,
      "fcf_margin_change": 0.05092993271582316
    },
    {
      "date": "2024-09-27T00:00:00",
      "quarter_label": "2024-09 (Q3)",
      "revenue": 673250000,
      "gross_profit": 253790000,
      "operating_income": 106015000,
      "net_income": 68240000,
      "opex": 42736000,
      "cogs": 419460000,
      "rd": 9200000,
      "sga": 145900000,
      "fcf": 90406000,
      "ocf": 101040000,
      "capex": -10634000,
      "gross_margin": 0.3769624953583364,
      "op_margin": 0.15746750835499443,
      "fcf_margin": 0.1342829558113628,
      "incr_op_margin_yoy": -0.62858249419055,
      "rev_growth_yoy": -0.011374516149874595,
      "rev_growth_yoy_accel": 0.007182662836885944,
      "fcf_margin_change": 0.029633092222636062
    },
    {
      "date": "2024-12-31T00:00:00",
      "quarter_label": "2024-12 (Q4)",
      "revenue": 670756000,
      "gross_profit": 258323000,
      "operating_income": 111427000,
      "net_income": 53744000,
      "opex": 35190000,
      "cogs": 412433000,
      "rd": 10200000,
      "sga": 145241000,
      "fcf": 102168000,
      "ocf": 126876000,
      "capex": -24708000,
      "gross_margin": 0.38512216066647187,
      "op_margin": 0.1661215106536505,
      "fcf_margin": 0.152317683330451,
      "incr_op_margin_yoy": -0.41464070567986233,
      "rev_growth_yoy": -0.026970412621781743,
      "rev_growth_yoy_accel": -0.015595896471907148,
      "fcf_margin_change": 0.018034727519088217
    },
    {
      "date": "2025-04-04T00:00:00",
      "quarter_label": "2025-04 (Q2)",
      "revenue": 678138000,
      "gross_profit": 255202000,
      "operating_income": 109845000,
      "net_income": 67363000,
      "opex": 44234000,
      "cogs": 422936000,
      "rd": 10100000,
      "sga": 140858000,
      "fcf": 28116000,
      "ocf": 35410000,
      "capex": -7294000,
      "gross_margin": 0.3763275321542223,
      "op_margin": 0.1619803048936942,
      "fcf_margin": 0.041460587667996776,
      "incr_op_margin_yoy": 0.06961916250215405,
      "rev_growth_yoy": -0.016826532742582754,
      "rev_growth_yoy_accel": 0.01014387987919899,
      "op_leverage_ratio": 0.042822122334681766,
      "fcf_margin_change": -0.11085709566245423
    },
    {
      "date": "2025-07-04T00:00:00",
      "quarter_label": "2025-07 (Q3)",
      "revenue": 715586000,
      "gross_profit": 266047000,
      "operating_income": 109094000,
      "net_income": 66883000,
      "opex": 34442000,
      "cogs": 449539000,
      "rd": 10500000,
      "sga": 155563000,
      "fcf": 37447000,
      "ocf": 46627000,
      "capex": -9180000,
      "gross_margin": 0.37178899531293236,
      "op_margin": 0.15245407260622762,
      "fcf_margin": 0.05233053748955402,
      "incr_op_margin_yoy": -1.2025079104652525,
      "rev_growth_yoy": 0.01206840222727292,
      "rev_growth_yoy_accel": 0.028894934969855672,
      "op_leverage_ratio": Infinity,
      "fcf_margin_change": 0.010869949821557243
    },
    {
      "date": "2025-10-03T00:00:00",
      "quarter_label": "2025-10 (Q4)",
      "revenue": 727845000,
      "gross_profit": 269300000,
      "operating_income": 106618000,
      "net_income": 54847000,
      "opex": 37134000,
      "cogs": 458545000,
      "rd": 10500000,
      "sga": 158335000,
      "fcf": 70297000,
      "ocf": 81477000,
      "capex": -11180000,
      "gross_margin": 0.36999635911492146,
      "op_margin": 0.1464844850208492,
      "fcf_margin": 0.0965823767423009,
      "incr_op_margin_yoy": 0.011044967487865189,
      "rev_growth_yoy": 0.08109171927218715,
      "rev_growth_yoy_accel": 0.06902331704491424,
      "op_leverage_ratio": 0.21918282321417812,
      "fcf_margin_change": 0.04425183925274688
    }
  ],
  "signals": [
    {
      "quarter": "2025-10 (Q4)",
      "signal": "YoY REVENUE GROWTH ACCELERATION",
      "detail": "YoY growth: +8.1% vs prior quarter YoY: +1.2% (accel: +6.9%)",
      "severity": "MEDIUM"
    },
    {
      "quarter": "2024-06 (Q2)",
      "signal": "FCF MARGIN EXPANSION",
      "detail": "FCF margin: +5.4% -> +10.5% (+5.1%)",
      "severity": "MEDIUM"
    },
    {
      "quarter": "2024-03 (Q1)",
      "signal": "INCREMENTAL MARGIN (YoY)",
      "detail": "YoY Incr OPM: +348.0% vs year-ago OPM: +13.3%",
      "severity": "HIGH"
    },
    {
      "quarter": "2023-12 (Q4)",
      "signal": "YoY REVENUE GROWTH DECELERATION",
      "detail": "YoY growth: +3.8% vs prior quarter YoY: +9.8% (decel: -6.0%)",
      "severity": "WARNING"
    },
    {
      "quarter": "2023-12 (Q4)",
      "signal": "INCREMENTAL MARGIN (YoY)",
      "detail": "YoY Incr OPM: +99.7% vs year-ago OPM: +11.8%",
      "severity": "HIGH"
    },
    {
      "quarter": "2023-09 (Q3)",
      "signal": "FCF MARGIN EXPANSION",
      "detail": "FCF margin: +7.4% -> +14.0% (+6.6%)",
      "severity": "MEDIUM"
    },
    {
      "quarter": "2023-09 (Q3)",
      "signal": "INCREMENTAL MARGIN (YoY)",
      "detail": "YoY Incr OPM: +33.2% vs year-ago OPM: +13.1%",
      "severity": "HIGH"
    },
    {
      "quarter": "2023-06 (Q2)",
      "signal": "INCREMENTAL MARGIN (YoY)",
      "detail": "YoY Incr OPM: +38.4% vs year-ago OPM: +13.0%",
      "severity": "HIGH"
    },
    {
      "quarter": "2022-09 (Q3)",
      "signal": "FCF MARGIN EXPANSION",
      "detail": "FCF margin: +3.0% -> +11.5% (+8.5%)",
      "severity": "MEDIUM"
    },
    {
      "quarter": "2022-07 (Q3)",
      "signal": "OPERATING LEVERAGE",
      "detail": "Rev growth +2.0% vs OpEx growth +0.6% (leverage: 3.3x)",
      "severity": "MEDIUM"
    },
    {
      "quarter": "2022-07 (Q3)",
      "signal": "YoY REVENUE GROWTH DECELERATION",
      "detail": "YoY growth: +5.0% vs prior quarter YoY: +14.0% (decel: -9.1%)",
      "severity": "WARNING"
    },
    {
      "quarter": "2022-04 (Q2)",
      "signal": "OPERATING LEVERAGE",
      "detail": "Rev growth +3.8% vs OpEx growth +0.7% (leverage: 5.5x)",
      "severity": "MEDIUM"
    },
    {
      "quarter": "2021-07 (Q3)",
      "signal": "OPERATING LEVERAGE",
      "detail": "Rev growth +10.9% vs OpEx growth +6.8% (leverage: 1.6x)",
      "severity": "MEDIUM"
    }
  ],
  "data_quality": {
    "n_quarters": 19,
    "coverage": {
      "revenue": [
        19,
        19
      ],
      "gross_profit": [
        19,
        19
      ],
      "op_income": [
        19,
        19
      ],
      "fcf": [
        19,
        19
      ]
    },
    "gaps": [],
    "warnings": []
  },
  "market_cap": null,
  "source": "SEC EDGAR",
  "last_updated": "2026-02-02T20:50:07.031676"
}