{
  "ticker": "ESOA",
  "name": "Energy Services of America Corporation",
  "quarters": [
    {
      "date": "2020-12-31T00:00:00",
      "quarter_label": "2020-12 (Q4)",
      "revenue": 32009796,
      "gross_profit": 2843059,
      "operating_income": -752771,
      "net_income": null,
      "opex": 3595830,
      "cogs": 29166737,
      "rd": null,
      "sga": 3595830,
      "fcf": 2120581,
      "ocf": 3587672,
      "capex": -1467091,
      "gross_margin": 0.08881840421600938,
      "op_margin": -0.023516894640628137,
      "fcf_margin": 0.06624787611892309
    },
    {
      "date": "2021-03-31T00:00:00",
      "quarter_label": "2021-03 (Q1)",
      "revenue": 25605412,
      "gross_profit": 1873523,
      "operating_income": -1950390,
      "net_income": null,
      "opex": 3823913,
      "cogs": 23731889,
      "rd": null,
      "sga": 3823913,
      "fcf": -8298591,
      "ocf": -6001901,
      "capex": -2296690,
      "gross_margin": 0.07316902379856259,
      "op_margin": -0.0761710063481892,
      "fcf_margin": -0.32409519518764235,
      "fcf_margin_change": -0.3903430713065654
    },
    {
      "date": "2021-06-30T00:00:00",
      "quarter_label": "2021-06 (Q2)",
      "revenue": 25285951,
      "gross_profit": 2705611,
      "operating_income": -502253,
      "net_income": null,
      "opex": 3207864,
      "cogs": 22580340,
      "rd": null,
      "sga": 3207864,
      "fcf": -3034717,
      "ocf": 586971,
      "capex": -3621688,
      "gross_margin": 0.1070005632772127,
      "op_margin": -0.019862927045931553,
      "fcf_margin": -0.12001593295818694,
      "fcf_margin_change": 0.2040792622294554
    },
    {
      "date": "2021-09-30T00:00:00",
      "quarter_label": "2021-09 (Q3)",
      "revenue": 39564667,
      "gross_profit": 5498829,
      "operating_income": 2312792,
      "net_income": null,
      "opex": 3186037,
      "cogs": 34065838,
      "rd": null,
      "sga": 3186037,
      "fcf": 3963973,
      "ocf": 2626197,
      "capex": 1337776,
      "gross_margin": 0.13898332570320887,
      "op_margin": 0.05845599559829481,
      "fcf_margin": 0.10018972230955463,
      "op_leverage_ratio": Infinity,
      "fcf_margin_change": 0.22020565526774155
    },
    {
      "date": "2021-12-31T00:00:00",
      "quarter_label": "2021-12 (Q4)",
      "revenue": 42659125,
      "gross_profit": 5308373,
      "operating_income": 1675778,
      "net_income": null,
      "opex": 3632595,
      "cogs": 37350752,
      "rd": null,
      "sga": 3632595,
      "fcf": 5460935,
      "ocf": 6403638,
      "capex": -942703,
      "gross_margin": 0.12443698739718642,
      "op_margin": 0.039282990450460485,
      "fcf_margin": 0.12801329141186088,
      "incr_op_margin_yoy": 0.22804713799338908,
      "rev_growth_yoy": 0.33268968661968357,
      "op_leverage_ratio": 0.5580203262774202,
      "fcf_margin_change": 0.027823569102306253
    },
    {
      "date": "2022-03-31T00:00:00",
      "quarter_label": "2022-03 (Q1)",
      "revenue": 35392578,
      "gross_profit": 2865619,
      "operating_income": -551420,
      "net_income": null,
      "opex": 3417039,
      "cogs": 32526959,
      "rd": null,
      "sga": 3417039,
      "fcf": 154688,
      "ocf": 1296185,
      "capex": -1141497,
      "gross_margin": 0.08096666481882162,
      "op_margin": -0.015580102698368003,
      "fcf_margin": 0.004370633865665281,
      "incr_op_margin_yoy": 0.1429392328688407,
      "rev_growth_yoy": 0.38223036598669063,
      "rev_growth_yoy_accel": 0.04954067936700707,
      "fcf_margin_change": -0.1236426575461956
    },
    {
      "date": "2022-06-30T00:00:00",
      "quarter_label": "2022-06 (Q2)",
      "revenue": 51171939,
      "gross_profit": 6417593,
      "operating_income": 2596550,
      "net_income": null,
      "opex": 3821043,
      "cogs": 44754346,
      "rd": null,
      "sga": 3821043,
      "fcf": 329675,
      "ocf": 2917162,
      "capex": -2587487,
      "gross_margin": 0.1254123475758853,
      "op_margin": 0.050741676996058326,
      "fcf_margin": 0.006442495759248052,
      "incr_op_margin_yoy": 0.11970966686687794,
      "rev_growth_yoy": 1.0237300546853072,
      "rev_growth_yoy_accel": 0.6414996886986166,
      "op_leverage_ratio": 3.7708693429689033,
      "fcf_margin_change": 0.0020718618935827706
    },
    {
      "date": "2022-09-30T00:00:00",
      "quarter_label": "2022-09 (Q3)",
      "revenue": 68366358,
      "gross_profit": 7779163,
      "operating_income": 2771702,
      "net_income": null,
      "opex": 5007461,
      "cogs": 60587195,
      "rd": null,
      "sga": 5007461,
      "fcf": -2968820,
      "ocf": -2332318,
      "capex": -636502,
      "gross_margin": 0.11378641816783629,
      "op_margin": 0.04054189927741946,
      "fcf_margin": -0.04342515949145631,
      "incr_op_margin_yoy": 0.015933439463675935,
      "rev_growth_yoy": 0.7279649541850055,
      "rev_growth_yoy_accel": -0.2957651005003017,
      "op_leverage_ratio": 1.082180813979995,
      "fcf_margin_change": -0.049867655250704364
    },
    {
      "date": "2022-12-31T00:00:00",
      "quarter_label": "2022-12 (Q4)",
      "revenue": 60042585,
      "gross_profit": 5986262,
      "operating_income": 670124,
      "net_income": null,
      "opex": 5316138,
      "cogs": 54056323,
      "rd": null,
      "sga": 5316138,
      "fcf": -775982,
      "ocf": 1572919,
      "capex": -2348901,
      "gross_margin": 0.09970027106594428,
      "op_margin": 0.011160811947053912,
      "fcf_margin": -0.012923860623255977,
      "incr_op_margin_yoy": -0.05785119878321117,
      "rev_growth_yoy": 0.40749687200569634,
      "rev_growth_yoy_accel": -0.32046808217930917,
      "fcf_margin_change": 0.030501298868200334
    },
    {
      "date": "2023-03-31T00:00:00",
      "quarter_label": "2023-03 (Q1)",
      "revenue": 53673443,
      "gross_profit": 3900653,
      "operating_income": -1987094,
      "net_income": null,
      "opex": 5887747,
      "cogs": 49772790,
      "rd": null,
      "sga": 5887747,
      "fcf": 6976293,
      "ocf": 10402297,
      "capex": -3426004,
      "gross_margin": 0.07267379884685243,
      "op_margin": -0.03702192162332497,
      "fcf_margin": 0.12997662549801398,
      "incr_op_margin_yoy": -0.07853424878964972,
      "rev_growth_yoy": 0.5165169092796801,
      "rev_growth_yoy_accel": 0.10902003727398374,
      "fcf_margin_change": 0.14290048612126996
    },
    {
      "date": "2023-06-30T00:00:00",
      "quarter_label": "2023-06 (Q2)",
      "revenue": 85529892,
      "gross_profit": 10878995,
      "operating_income": 5595378,
      "net_income": null,
      "opex": 5283617,
      "cogs": 74650897,
      "rd": null,
      "sga": 5283617,
      "fcf": -4392655,
      "ocf": -1668814,
      "capex": -2723841,
      "gross_margin": 0.12719523836181157,
      "op_margin": 0.0654201457427305,
      "fcf_margin": -0.051358126349557415,
      "incr_op_margin_yoy": 0.0872819169407444,
      "rev_growth_yoy": 0.6714217532386255,
      "rev_growth_yoy_accel": 0.15490484395894544,
      "op_leverage_ratio": Infinity,
      "fcf_margin_change": -0.1813347518475714
    },
    {
      "date": "2023-09-30T00:00:00",
      "quarter_label": "2023-09 (Q3)",
      "revenue": 104858572,
      "gross_profit": 16047425,
      "operating_income": 8758029,
      "net_income": null,
      "opex": 7289396,
      "cogs": 88811147,
      "rd": null,
      "sga": 7289396,
      "fcf": 8437744,
      "ocf": 10761371,
      "capex": -2323627,
      "gross_margin": 0.1530387520440389,
      "op_margin": 0.08352229896855738,
      "fcf_margin": 0.08046785149811118,
      "incr_op_margin_yoy": 0.1640439519509559,
      "rev_growth_yoy": 0.533774433325818,
      "rev_growth_yoy_accel": -0.13764731991280754,
      "op_leverage_ratio": 0.5952953925654719,
      "fcf_margin_change": 0.13182597784766859
    },
    {
      "date": "2023-12-31T00:00:00",
      "quarter_label": "2023-12 (Q4)",
      "revenue": 90163187,
      "gross_profit": 10838961,
      "operating_income": 3640241,
      "net_income": null,
      "opex": 7198720,
      "cogs": 79324226,
      "rd": null,
      "sga": 7198720,
      "fcf": 1478290,
      "ocf": 2864173,
      "capex": -1385883,
      "gross_margin": 0.12021492762894462,
      "op_margin": 0.04037391668508789,
      "fcf_margin": 0.01639571591452285,
      "incr_op_margin_yoy": 0.09860749131109664,
      "rev_growth_yoy": 0.5016539844178928,
      "rev_growth_yoy_accel": -0.0321204489079252,
      "fcf_margin_change": -0.06407213558358833
    },
    {
      "date": "2024-03-31T00:00:00",
      "quarter_label": "2024-03 (Q1)",
      "revenue": 71127655,
      "gross_profit": 6239554,
      "operating_income": -1082397,
      "net_income": null,
      "opex": 7321951,
      "cogs": 64888101,
      "rd": null,
      "sga": 7321951,
      "fcf": -4881282,
      "ocf": -2681059,
      "capex": -2200223,
      "gross_margin": 0.08772331943180188,
      "op_margin": -0.015217667445946307,
      "fcf_margin": -0.06862706214622147,
      "incr_op_margin_yoy": 0.05183258917675573,
      "rev_growth_yoy": 0.3251927028418877,
      "rev_growth_yoy_accel": -0.17646128157600505,
      "fcf_margin_change": -0.08502277806074432
    },
    {
      "date": "2024-06-30T00:00:00",
      "quarter_label": "2024-06 (Q2)",
      "revenue": 85923760,
      "gross_profit": 15307824,
      "operating_income": 8492633,
      "net_income": null,
      "opex": 6815191,
      "cogs": 70615936,
      "rd": null,
      "sga": 6815191,
      "fcf": 16261386,
      "ocf": 19341419,
      "capex": -3080033,
      "gross_margin": 0.1781558907571084,
      "op_margin": 0.09883916858387017,
      "fcf_margin": 0.1892536592905152,
      "rev_growth_yoy": 0.004605033290583367,
      "rev_growth_yoy_accel": -0.32058766955130436,
      "op_leverage_ratio": Infinity,
      "fcf_margin_change": 0.2578807214367367
    },
    {
      "date": "2024-09-30T00:00:00",
      "quarter_label": "2024-09 (Q3)",
      "revenue": 104662259,
      "gross_profit": 17567977,
      "operating_income": 8784769,
      "net_income": null,
      "opex": 8783208,
      "cogs": 87094282,
      "rd": null,
      "sga": 8783208,
      "fcf": -2936739,
      "ocf": -847529,
      "capex": -2089210,
      "gross_margin": 0.16785398258984646,
      "op_margin": 0.08393444861533134,
      "fcf_margin": -0.028059197537481012,
      "rev_growth_yoy": -0.0018721693062919071,
      "rev_growth_yoy_accel": -0.0064772025968752745,
      "op_leverage_ratio": 0.7552151831648315,
      "fcf_margin_change": -0.21731285682799623
    },
    {
      "date": "2024-12-31T00:00:00",
      "quarter_label": "2024-12 (Q4)",
      "revenue": 100646114,
      "gross_profit": 10263582,
      "operating_income": 1645394,
      "net_income": null,
      "opex": 8618188,
      "cogs": 90382532,
      "rd": null,
      "sga": 8618188,
      "fcf": 5988257,
      "ocf": 8878480,
      "capex": -2890223,
      "gross_margin": 0.10197693276066278,
      "op_margin": 0.016348311272107337,
      "fcf_margin": 0.05949814416083665,
      "incr_op_margin_yoy": -0.19029484799426724,
      "rev_growth_yoy": 0.11626615416777582,
      "rev_growth_yoy_accel": 0.11813832347406772,
      "fcf_margin_change": 0.08755734169831766
    },
    {
      "date": "2025-03-31T00:00:00",
      "quarter_label": "2025-03 (Q1)",
      "revenue": 76679151,
      "gross_profit": 77860,
      "operating_income": -8092227,
      "net_income": null,
      "opex": 8170087,
      "cogs": 76601291,
      "rd": null,
      "sga": 8170087,
      "fcf": -1086050,
      "ocf": 1110828,
      "capex": -2196878,
      "gross_margin": 0.001015399870559339,
      "op_margin": -0.10553360195654748,
      "fcf_margin": -0.014163563182904829,
      "incr_op_margin_yoy": -1.262692074352571,
      "rev_growth_yoy": 0.07804975434660401,
      "rev_growth_yoy_accel": -0.03821639982117181,
      "fcf_margin_change": -0.07366170734374149
    },
    {
      "date": "2025-06-30T00:00:00",
      "quarter_label": "2025-06 (Q2)",
      "revenue": 103601585,
      "gross_profit": 11982598,
      "operating_income": 3168053,
      "net_income": null,
      "opex": 8814545,
      "cogs": 91618987,
      "rd": null,
      "sga": 8814545,
      "fcf": -581972,
      "ocf": 3432649,
      "capex": -4014621,
      "gross_margin": 0.11566037334274375,
      "op_margin": 0.03057919432410228,
      "fcf_margin": -0.005617404405540706,
      "incr_op_margin_yoy": -0.3012010810153398,
      "rev_growth_yoy": 0.20573849421859564,
      "rev_growth_yoy_accel": 0.12768873987199164,
      "op_leverage_ratio": 4.451117791161197,
      "fcf_margin_change": 0.008546158777364123
    },
    {
      "date": "2025-09-30T00:00:00",
      "quarter_label": "2025-09 (Q3)",
      "revenue": 130074523,
      "gross_profit": 16451673,
      "operating_income": 7493686,
      "net_income": null,
      "opex": 8957987,
      "cogs": 113622850,
      "rd": null,
      "sga": 8957987,
      "fcf": -6537298,
      "ocf": -9284951,
      "capex": 2747653,
      "gross_margin": 0.12647882629559978,
      "op_margin": 0.057610712898789565,
      "fcf_margin": -0.05025809704487634,
      "incr_op_margin_yoy": -0.05080550871028256,
      "rev_growth_yoy": 0.24280255598152148,
      "rev_growth_yoy_accel": 0.03706406176292584,
      "op_leverage_ratio": 15.702156809911994,
      "fcf_margin_change": -0.044640692639335636
    }
  ],
  "signals": [
    {
      "quarter": "2025-09 (Q3)",
      "signal": "OPERATING LEVERAGE",
      "detail": "Rev growth +25.6% vs OpEx growth +1.6% (leverage: 15.7x)",
      "severity": "MEDIUM"
    },
    {
      "quarter": "2025-06 (Q2)",
      "signal": "OPERATING LEVERAGE",
      "detail": "Rev growth +35.1% vs OpEx growth +7.9% (leverage: 4.5x)",
      "severity": "MEDIUM"
    },
    {
      "quarter": "2025-06 (Q2)",
      "signal": "GROSS MARGIN INFLECTION",
      "detail": "GM: +10.2% -> +0.1% -> +11.6% (reversal +11.5%)",
      "severity": "HIGH"
    },
    {
      "quarter": "2025-06 (Q2)",
      "signal": "YoY REVENUE GROWTH ACCELERATION",
      "detail": "YoY growth: +20.6% vs prior quarter YoY: +7.8% (accel: +12.8%)",
      "severity": "MEDIUM"
    },
    {
      "quarter": "2025-06 (Q2)",
      "signal": "OP MARGIN TURNED POSITIVE (QoQ)",
      "detail": "Op margin: -10.6% -> +3.1%",
      "severity": "HIGH"
    },
    {
      "quarter": "2024-12 (Q4)",
      "signal": "FCF TURNED POSITIVE",
      "detail": "FCF margin: -2.8% -> +5.9%",
      "severity": "HIGH"
    },
    {
      "quarter": "2024-12 (Q4)",
      "signal": "YoY REVENUE GROWTH ACCELERATION",
      "detail": "YoY growth: +11.6% vs prior quarter YoY: -0.2% (accel: +11.8%)",
      "severity": "MEDIUM"
    },
    {
      "quarter": "2024-06 (Q2)",
      "signal": "FCF TURNED POSITIVE",
      "detail": "FCF margin: -6.9% -> +18.9%",
      "severity": "HIGH"
    },
    {
      "quarter": "2024-06 (Q2)",
      "signal": "GROSS MARGIN INFLECTION",
      "detail": "GM: +12.0% -> +8.8% -> +17.8% (reversal +9.0%)",
      "severity": "HIGH"
    },
    {
      "quarter": "2024-06 (Q2)",
      "signal": "YoY REVENUE GROWTH DECELERATION",
      "detail": "YoY growth: +0.5% vs prior quarter YoY: +32.5% (decel: -32.1%)",
      "severity": "WARNING"
    },
    {
      "quarter": "2024-06 (Q2)",
      "signal": "OP MARGIN TURNED POSITIVE (QoQ)",
      "detail": "Op margin: -1.5% -> +9.9%",
      "severity": "HIGH"
    },
    {
      "quarter": "2024-03 (Q1)",
      "signal": "YoY REVENUE GROWTH DECELERATION",
      "detail": "YoY growth: +32.5% vs prior quarter YoY: +50.2% (decel: -17.6%)",
      "severity": "WARNING"
    },
    {
      "quarter": "2023-09 (Q3)",
      "signal": "FCF TURNED POSITIVE",
      "detail": "FCF margin: -5.1% -> +8.0%",
      "severity": "HIGH"
    },
    {
      "quarter": "2023-09 (Q3)",
      "signal": "YoY REVENUE GROWTH DECELERATION",
      "detail": "YoY growth: +53.4% vs prior quarter YoY: +67.1% (decel: -13.8%)",
      "severity": "WARNING"
    },
    {
      "quarter": "2023-09 (Q3)",
      "signal": "INCREMENTAL MARGIN (YoY)",
      "detail": "YoY Incr OPM: +16.4% vs year-ago OPM: +4.1%",
      "severity": "MEDIUM"
    },
    {
      "quarter": "2023-06 (Q2)",
      "signal": "GROSS MARGIN INFLECTION",
      "detail": "GM: +10.0% -> +7.3% -> +12.7% (reversal +5.5%)",
      "severity": "HIGH"
    },
    {
      "quarter": "2023-06 (Q2)",
      "signal": "YoY REVENUE GROWTH ACCELERATION",
      "detail": "YoY growth: +67.1% vs prior quarter YoY: +51.7% (accel: +15.5%)",
      "severity": "HIGH"
    },
    {
      "quarter": "2023-06 (Q2)",
      "signal": "OP MARGIN TURNED POSITIVE (QoQ)",
      "detail": "Op margin: -3.7% -> +6.5%",
      "severity": "HIGH"
    },
    {
      "quarter": "2023-03 (Q1)",
      "signal": "FCF TURNED POSITIVE",
      "detail": "FCF margin: -1.3% -> +13.0%",
      "severity": "HIGH"
    },
    {
      "quarter": "2023-03 (Q1)",
      "signal": "YoY REVENUE GROWTH ACCELERATION",
      "detail": "YoY growth: +51.7% vs prior quarter YoY: +40.7% (accel: +10.9%)",
      "severity": "MEDIUM"
    },
    {
      "quarter": "2022-12 (Q4)",
      "signal": "YoY REVENUE GROWTH DECELERATION",
      "detail": "YoY growth: +40.7% vs prior quarter YoY: +72.8% (decel: -32.0%)",
      "severity": "WARNING"
    },
    {
      "quarter": "2022-09 (Q3)",
      "signal": "YoY REVENUE GROWTH DECELERATION",
      "detail": "YoY growth: +72.8% vs prior quarter YoY: +102.4% (decel: -29.6%)",
      "severity": "WARNING"
    },
    {
      "quarter": "2022-06 (Q2)",
      "signal": "OPERATING LEVERAGE",
      "detail": "Rev growth +44.6% vs OpEx growth +11.8% (leverage: 3.8x)",
      "severity": "MEDIUM"
    },
    {
      "quarter": "2022-06 (Q2)",
      "signal": "GROSS MARGIN INFLECTION",
      "detail": "GM: +12.4% -> +8.1% -> +12.5% (reversal +4.4%)",
      "severity": "MEDIUM"
    },
    {
      "quarter": "2022-06 (Q2)",
      "signal": "YoY REVENUE GROWTH ACCELERATION",
      "detail": "YoY growth: +102.4% vs prior quarter YoY: +38.2% (accel: +64.1%)",
      "severity": "HIGH"
    },
    {
      "quarter": "2022-06 (Q2)",
      "signal": "OP MARGIN TURNED POSITIVE (YoY)",
      "detail": "Op margin: -2.0% (year-ago) -> +5.1%",
      "severity": "HIGH"
    },
    {
      "quarter": "2022-06 (Q2)",
      "signal": "OP MARGIN TURNED POSITIVE (QoQ)",
      "detail": "Op margin: -1.6% -> +5.1%",
      "severity": "HIGH"
    },
    {
      "quarter": "2021-12 (Q4)",
      "signal": "OP MARGIN TURNED POSITIVE (YoY)",
      "detail": "Op margin: -2.4% (year-ago) -> +3.9%",
      "severity": "HIGH"
    },
    {
      "quarter": "2021-09 (Q3)",
      "signal": "FCF TURNED POSITIVE",
      "detail": "FCF margin: -12.0% -> +10.0%",
      "severity": "HIGH"
    },
    {
      "quarter": "2021-09 (Q3)",
      "signal": "OP MARGIN TURNED POSITIVE (QoQ)",
      "detail": "Op margin: -2.0% -> +5.8%",
      "severity": "HIGH"
    },
    {
      "quarter": "2021-06 (Q2)",
      "signal": "FCF MARGIN EXPANSION",
      "detail": "FCF margin: -32.4% -> -12.0% (+20.4%)",
      "severity": "MEDIUM"
    },
    {
      "quarter": "2021-06 (Q2)",
      "signal": "GROSS MARGIN INFLECTION",
      "detail": "GM: +8.9% -> +7.3% -> +10.7% (reversal +3.4%)",
      "severity": "MEDIUM"
    }
  ],
  "data_quality": {
    "n_quarters": 20,
    "coverage": {
      "revenue": [
        20,
        20
      ],
      "gross_profit": [
        20,
        20
      ],
      "op_income": [
        20,
        20
      ],
      "fcf": [
        20,
        20
      ]
    },
    "gaps": [],
    "warnings": []
  },
  "market_cap": null,
  "source": "SEC EDGAR",
  "last_updated": "2026-02-02T23:09:15.153589",
  "sector": "Industrials",
  "industry": "Engineering & Construction"
}