{
  "ticker": "ESP",
  "name": "ESPEY MFG. & ELECTRONICS CORP.",
  "sector": "Industrials",
  "industry": "Electrical Equipment & Parts",
  "quarters": [
    {
      "date": "2021-03-31T00:00:00",
      "quarter_label": "2021-03 (Q1)",
      "revenue": 4205068,
      "gross_profit": -187154,
      "operating_income": -1177465,
      "net_income": -1070114,
      "opex": 990311,
      "cogs": 4392222,
      "rd": null,
      "sga": 990311,
      "fcf": -745903,
      "ocf": -740739,
      "capex": -5164,
      "gross_margin": -0.04450677135304352,
      "op_margin": -0.28001092966867597,
      "fcf_margin": -0.1773819115410262
    },
    {
      "date": "2021-06-30T00:00:00",
      "quarter_label": "2021-06 (Q2)",
      "revenue": 9301950,
      "gross_profit": 1705926,
      "operating_income": 770595,
      "net_income": 879753,
      "opex": 935331,
      "cogs": 7596024,
      "rd": null,
      "sga": 935331,
      "fcf": -1602521,
      "ocf": -1593304,
      "capex": -9217,
      "gross_margin": 0.18339444955090062,
      "op_margin": 0.08284230725815554,
      "fcf_margin": -0.17227796322276512,
      "op_leverage_ratio": null,
      "fcf_margin_change": 0.005103948318261081
    },
    {
      "date": "2021-09-30T00:00:00",
      "quarter_label": "2021-09 (Q3)",
      "revenue": 7545432,
      "gross_profit": 1353098,
      "operating_income": 358276,
      "net_income": 306061,
      "opex": 994822,
      "cogs": 6192334,
      "rd": null,
      "sga": 994822,
      "fcf": 1542002,
      "ocf": 1587693,
      "capex": -45691,
      "gross_margin": 0.1793267767836222,
      "op_margin": 0.047482503321214745,
      "fcf_margin": 0.20436232146814126,
      "fcf_margin_change": 0.3766402846909064
    },
    {
      "date": "2021-12-31T00:00:00",
      "quarter_label": "2021-12 (Q4)",
      "revenue": 7458050,
      "gross_profit": 1206817,
      "operating_income": 20649,
      "net_income": 21201,
      "opex": 1186168,
      "cogs": 6251233,
      "rd": null,
      "sga": 1186168,
      "fcf": -1361432,
      "ocf": -1309835,
      "capex": -51597,
      "gross_margin": 0.16181401304630566,
      "op_margin": 0.0027686861847265706,
      "fcf_margin": -0.18254530339700056,
      "fcf_margin_change": -0.38690762486514185
    },
    {
      "date": "2022-03-31T00:00:00",
      "quarter_label": "2022-03 (Q1)",
      "revenue": 8620049,
      "gross_profit": 1734880,
      "operating_income": 801155,
      "net_income": 661359,
      "opex": 933725,
      "cogs": 6885169,
      "rd": null,
      "sga": 933725,
      "fcf": 414008,
      "ocf": 533220,
      "capex": -119212,
      "gross_margin": 0.2012610369152194,
      "op_margin": 0.09294088699495792,
      "fcf_margin": 0.04802849728580429,
      "incr_op_margin_yoy": 0.44816047905981926,
      "rev_growth_yoy": 1.049919050060546,
      "op_leverage_ratio": null,
      "fcf_margin_change": 0.23057380068280486
    },
    {
      "date": "2022-06-30T00:00:00",
      "quarter_label": "2022-06 (Q2)",
      "revenue": 8481243,
      "gross_profit": 1177363,
      "operating_income": 349087,
      "net_income": 276506,
      "opex": 828276,
      "cogs": 7303880,
      "rd": null,
      "sga": 828276,
      "fcf": 1321548,
      "ocf": 1408609,
      "capex": -87061,
      "gross_margin": 0.13881962820779925,
      "op_margin": 0.04115988658737876,
      "fcf_margin": 0.15582008439093184,
      "rev_growth_yoy": -0.08822956476867753,
      "rev_growth_yoy_accel": -1.1381486148292235,
      "fcf_margin_change": 0.10779158710512754
    },
    {
      "date": "2022-09-30T00:00:00",
      "quarter_label": "2022-09 (Q3)",
      "revenue": 8635795,
      "gross_profit": 1812142,
      "operating_income": 973112,
      "net_income": 768266,
      "opex": 839030,
      "cogs": 6823653,
      "rd": null,
      "sga": 839030,
      "fcf": 922730,
      "ocf": 973212,
      "capex": -50482,
      "gross_margin": 0.20984078478009263,
      "op_margin": 0.11268354563766278,
      "fcf_margin": 0.10684945624577702,
      "incr_op_margin_yoy": 0.5638819365660793,
      "rev_growth_yoy": 0.14450637153711013,
      "rev_growth_yoy_accel": 0.23273593630578765,
      "op_leverage_ratio": 1.403525049927397,
      "fcf_margin_change": -0.04897062814515482
    },
    {
      "date": "2022-12-31T00:00:00",
      "quarter_label": "2022-12 (Q4)",
      "revenue": 8804109,
      "gross_profit": 2260722,
      "operating_income": 1385791,
      "net_income": 1146042,
      "opex": 874931,
      "cogs": 6543387,
      "rd": null,
      "sga": 874931,
      "fcf": 3656835,
      "ocf": 3710238,
      "capex": -53403,
      "gross_margin": 0.2567803283671295,
      "op_margin": 0.15740275364605322,
      "fcf_margin": 0.41535548912445314,
      "incr_op_margin_yoy": 1.0141769417239512,
      "rev_growth_yoy": 0.18048404073450836,
      "rev_growth_yoy_accel": 0.03597766919739823,
      "op_leverage_ratio": 0.45550050274418363,
      "fcf_margin_change": 0.3085060328786761
    },
    {
      "date": "2023-03-31T00:00:00",
      "quarter_label": "2023-03 (Q1)",
      "revenue": 9809616,
      "gross_profit": 1973429,
      "operating_income": 958690,
      "net_income": 867288,
      "opex": 1014739,
      "cogs": 7836187,
      "rd": null,
      "sga": 1014739,
      "fcf": 2306359,
      "ocf": 2380987,
      "capex": -74628,
      "gross_margin": 0.20117291033614362,
      "op_margin": 0.09772961551196295,
      "fcf_margin": 0.23511205739348004,
      "incr_op_margin_yoy": 0.13243053985189568,
      "rev_growth_yoy": 0.13800002761005187,
      "rev_growth_yoy_accel": -0.04248401312445649,
      "op_leverage_ratio": 0.7147291072403956,
      "fcf_margin_change": -0.1802434317309731
    },
    {
      "date": "2023-06-30T00:00:00",
      "quarter_label": "2023-06 (Q2)",
      "revenue": 8342803,
      "gross_profit": 2004245,
      "operating_income": 982421,
      "net_income": 895535,
      "opex": 1021824,
      "cogs": 6338558,
      "rd": null,
      "sga": 1021824,
      "fcf": -3498070,
      "ocf": -3164567,
      "capex": -333503,
      "gross_margin": 0.24023640495886095,
      "op_margin": 0.11775670598958168,
      "fcf_margin": -0.4192919334185405,
      "rev_growth_yoy": -0.016323079058105046,
      "rev_growth_yoy_accel": -0.1543231066681569,
      "fcf_margin_change": -0.6544039908120205
    },
    {
      "date": "2023-09-30T00:00:00",
      "quarter_label": "2023-09 (Q3)",
      "revenue": 8568214,
      "gross_profit": 2245377,
      "operating_income": 1221696,
      "net_income": 1094544,
      "opex": 1023681,
      "cogs": 6322837,
      "rd": null,
      "sga": 1023681,
      "fcf": 385981,
      "ocf": 2614783,
      "capex": -2228802,
      "gross_margin": 0.2620589308343606,
      "op_margin": 0.14258467400557456,
      "fcf_margin": 0.04504801117245671,
      "rev_growth_yoy": -0.007825683680541281,
      "rev_growth_yoy_accel": 0.008497395377563765,
      "op_leverage_ratio": 14.867135931267748,
      "fcf_margin_change": 0.4643399445909972
    },
    {
      "date": "2023-12-31T00:00:00",
      "quarter_label": "2023-12 (Q4)",
      "revenue": 10302541,
      "gross_profit": 3142575,
      "operating_income": 2092885,
      "net_income": 1795370,
      "opex": 1049690,
      "cogs": 7159966,
      "rd": null,
      "sga": 1049690,
      "fcf": 2083544,
      "ocf": 3324372,
      "capex": -1240828,
      "gross_margin": 0.30502911854463866,
      "op_margin": 0.20314260336357798,
      "fcf_margin": 0.20223593383418711,
      "incr_op_margin_yoy": 0.4718892815956947,
      "rev_growth_yoy": 0.17019689329153012,
      "rev_growth_yoy_accel": 0.1780225769720714,
      "op_leverage_ratio": 7.9667587920757414,
      "fcf_margin_change": 0.1571879226617304
    },
    {
      "date": "2024-03-31T00:00:00",
      "quarter_label": "2024-03 (Q1)",
      "revenue": 8254653,
      "gross_profit": 2064191,
      "operating_income": 1092971,
      "net_income": 1031930,
      "opex": 971220,
      "cogs": 6190462,
      "rd": null,
      "sga": 971220,
      "fcf": 379140,
      "ocf": 1411507,
      "capex": -1032367,
      "gross_margin": 0.25006393363839763,
      "op_margin": 0.13240665597936097,
      "fcf_margin": 0.04593045885756797,
      "incr_op_margin_yoy": -0.08635639561841664,
      "rev_growth_yoy": -0.15851415590579693,
      "rev_growth_yoy_accel": -0.3287110491973271,
      "fcf_margin_change": -0.15630547497661915
    },
    {
      "date": "2024-06-30T00:00:00",
      "quarter_label": "2024-06 (Q2)",
      "revenue": 11610911,
      "gross_profit": 3200917,
      "operating_income": 2131900,
      "net_income": 1893296,
      "opex": 1069017,
      "cogs": 8409994,
      "rd": null,
      "sga": 1069017,
      "fcf": 2582370,
      "ocf": 3244538,
      "capex": -662168,
      "gross_margin": 0.2756818134253204,
      "op_margin": 0.18361177688813565,
      "fcf_margin": 0.2224089048654322,
      "incr_op_margin_yoy": 0.3517261363455553,
      "rev_growth_yoy": 0.39172781617880703,
      "rev_growth_yoy_accel": 0.5502419720846039,
      "op_leverage_ratio": 4.037835305800415,
      "fcf_margin_change": 0.17647844600786422
    },
    {
      "date": "2024-09-30T00:00:00",
      "quarter_label": "2024-09 (Q3)",
      "revenue": 10443218,
      "gross_profit": 2800882,
      "operating_income": 1719213,
      "net_income": 1598317,
      "opex": 1081669,
      "cogs": 7642336,
      "rd": null,
      "sga": 1081669,
      "fcf": 724763,
      "ocf": 1389114,
      "capex": -664351,
      "gross_margin": 0.2682010468420749,
      "op_margin": 0.16462483115836518,
      "fcf_margin": 0.06940035150084964,
      "incr_op_margin_yoy": 0.26534183393742095,
      "rev_growth_yoy": 0.21883253616214535,
      "rev_growth_yoy_accel": -0.17289528001666168,
      "fcf_margin_change": -0.15300855336458255
    },
    {
      "date": "2024-12-31T00:00:00",
      "quarter_label": "2024-12 (Q4)",
      "revenue": 13608740,
      "gross_profit": 3163712,
      "operating_income": 2024437,
      "net_income": 1908499,
      "opex": 1139275,
      "cogs": 10445028,
      "rd": null,
      "sga": 1139275,
      "fcf": 4493856,
      "ocf": 5377427,
      "capex": -883571,
      "gross_margin": 0.23247648202552185,
      "op_margin": 0.1487600615486812,
      "fcf_margin": 0.33021837436823687,
      "incr_op_margin_yoy": -0.020702928045166064,
      "rev_growth_yoy": 0.3209110257362722,
      "rev_growth_yoy_accel": 0.10207848957412688,
      "op_leverage_ratio": 5.691643048007643,
      "fcf_margin_change": 0.2608180228673872
    },
    {
      "date": "2025-03-31T00:00:00",
      "quarter_label": "2025-03 (Q1)",
      "revenue": 10302719,
      "gross_profit": 2948384,
      "operating_income": 1751122,
      "net_income": 1704487,
      "opex": 1197262,
      "cogs": 7354335,
      "rd": null,
      "sga": 1197262,
      "fcf": 10492064,
      "ocf": 11453230,
      "capex": -961166,
      "gross_margin": 0.2861753290563394,
      "op_margin": 0.16996697667868066,
      "fcf_margin": 1.018378158231822,
      "incr_op_margin_yoy": 0.3213524368843582,
      "rev_growth_yoy": 0.24811048992610593,
      "rev_growth_yoy_accel": -0.0728005358101663,
      "fcf_margin_change": 0.6881597838635852
    },
    {
      "date": "2025-06-30T00:00:00",
      "quarter_label": "2025-06 (Q2)",
      "revenue": 9596194,
      "gross_profit": 3771652,
      "operating_income": 2631914,
      "net_income": 2931651,
      "opex": 1139738,
      "cogs": 5824542,
      "rd": null,
      "sga": 1139739,
      "fcf": 915286,
      "ocf": 2771601,
      "capex": -1856315,
      "gross_margin": 0.3930362391589832,
      "op_margin": 0.2742664435504326,
      "fcf_margin": 0.09538010590448671,
      "incr_op_margin_yoy": -0.24818076186382504,
      "rev_growth_yoy": -0.1735192871601548,
      "rev_growth_yoy_accel": -0.4216297770862607,
      "fcf_margin_change": -0.9229980523273353
    },
    {
      "date": "2025-09-30T00:00:00",
      "quarter_label": "2025-09 (Q3)",
      "revenue": 9092876,
      "gross_profit": 3217002,
      "operating_income": 2065736,
      "net_income": 2169836,
      "opex": 1151266,
      "cogs": 5875874,
      "rd": null,
      "sga": 1151266,
      "fcf": 4429521,
      "ocf": 5720090,
      "capex": -1290569,
      "gross_margin": 0.35379367320086624,
      "op_margin": 0.22718180694424955,
      "fcf_margin": 0.4871419119759249,
      "incr_op_margin_yoy": -0.2566186936346496,
      "rev_growth_yoy": -0.12930324733238358,
      "rev_growth_yoy_accel": 0.044216039827771225,
      "fcf_margin_change": 0.3917618060714382
    },
    {
      "date": "2025-12-31T00:00:00",
      "quarter_label": "2025-12 (Q4)",
      "revenue": 12136903,
      "gross_profit": 4212581,
      "operating_income": 3071141,
      "net_income": 2805109,
      "opex": 1141440,
      "cogs": 7924322,
      "rd": null,
      "sga": 1141440,
      "fcf": -4133110,
      "ocf": -2811403,
      "capex": -1321707,
      "gross_margin": 0.34708862713988897,
      "op_margin": 0.2530415708191785,
      "fcf_margin": -0.3405407458558415,
      "incr_op_margin_yoy": -0.7111548357596663,
      "rev_growth_yoy": -0.10815380409942434,
      "rev_growth_yoy_accel": 0.02114944323295924,
      "op_leverage_ratio": null,
      "fcf_margin_change": -0.8276826578317664
    }
  ],
  "signals": [
    {
      "quarter": "2025-09 (Q3)",
      "signal": "FCF MARGIN EXPANSION",
      "detail": "FCF margin: +9.5% -> +48.7% (+39.2%)",
      "severity": "MEDIUM"
    },
    {
      "quarter": "2025-06 (Q2)",
      "signal": "YoY REVENUE GROWTH DECELERATION",
      "detail": "YoY growth: -17.4% vs prior quarter YoY: +24.8% (decel: -42.2%)",
      "severity": "WARNING"
    },
    {
      "quarter": "2025-03 (Q1)",
      "signal": "FCF MARGIN EXPANSION",
      "detail": "FCF margin: +33.0% -> +101.8% (+68.8%)",
      "severity": "MEDIUM"
    },
    {
      "quarter": "2025-03 (Q1)",
      "signal": "GROSS MARGIN INFLECTION",
      "detail": "GM: +26.8% -> +23.2% -> +28.6% (reversal +5.4%)",
      "severity": "HIGH"
    },
    {
      "quarter": "2025-03 (Q1)",
      "signal": "YoY REVENUE GROWTH DECELERATION",
      "detail": "YoY growth: +24.8% vs prior quarter YoY: +32.1% (decel: -7.3%)",
      "severity": "WARNING"
    },
    {
      "quarter": "2025-03 (Q1)",
      "signal": "INCREMENTAL MARGIN (YoY)",
      "detail": "YoY Incr OPM: +32.1% vs year-ago OPM: +13.2%",
      "severity": "MEDIUM"
    },
    {
      "quarter": "2024-12 (Q4)",
      "signal": "FCF MARGIN EXPANSION",
      "detail": "FCF margin: +6.9% -> +33.0% (+26.1%)",
      "severity": "MEDIUM"
    },
    {
      "quarter": "2024-12 (Q4)",
      "signal": "OPERATING LEVERAGE",
      "detail": "Rev growth +30.3% vs OpEx growth +5.3% (leverage: 5.7x)",
      "severity": "MEDIUM"
    },
    {
      "quarter": "2024-12 (Q4)",
      "signal": "YoY REVENUE GROWTH ACCELERATION",
      "detail": "YoY growth: +32.1% vs prior quarter YoY: +21.9% (accel: +10.2%)",
      "severity": "MEDIUM"
    },
    {
      "quarter": "2024-09 (Q3)",
      "signal": "YoY REVENUE GROWTH DECELERATION",
      "detail": "YoY growth: +21.9% vs prior quarter YoY: +39.2% (decel: -17.3%)",
      "severity": "WARNING"
    },
    {
      "quarter": "2024-09 (Q3)",
      "signal": "INCREMENTAL MARGIN (YoY)",
      "detail": "YoY Incr OPM: +26.5% vs year-ago OPM: +14.3%",
      "severity": "MEDIUM"
    },
    {
      "quarter": "2024-06 (Q2)",
      "signal": "FCF MARGIN EXPANSION",
      "detail": "FCF margin: +4.6% -> +22.2% (+17.6%)",
      "severity": "MEDIUM"
    },
    {
      "quarter": "2024-06 (Q2)",
      "signal": "OPERATING LEVERAGE",
      "detail": "Rev growth +40.7% vs OpEx growth +10.1% (leverage: 4.0x)",
      "severity": "MEDIUM"
    },
    {
      "quarter": "2024-06 (Q2)",
      "signal": "GROSS MARGIN INFLECTION",
      "detail": "GM: +30.5% -> +25.0% -> +27.6% (reversal +2.6%)",
      "severity": "MEDIUM"
    },
    {
      "quarter": "2024-06 (Q2)",
      "signal": "YoY REVENUE GROWTH ACCELERATION",
      "detail": "YoY growth: +39.2% vs prior quarter YoY: -15.9% (accel: +55.0%)",
      "severity": "HIGH"
    },
    {
      "quarter": "2024-06 (Q2)",
      "signal": "INCREMENTAL MARGIN (YoY)",
      "detail": "YoY Incr OPM: +35.2% vs year-ago OPM: +11.8%",
      "severity": "HIGH"
    },
    {
      "quarter": "2024-03 (Q1)",
      "signal": "YoY REVENUE GROWTH DECELERATION",
      "detail": "YoY growth: -15.9% vs prior quarter YoY: +17.0% (decel: -32.9%)",
      "severity": "WARNING"
    },
    {
      "quarter": "2023-12 (Q4)",
      "signal": "FCF MARGIN EXPANSION",
      "detail": "FCF margin: +4.5% -> +20.2% (+15.7%)",
      "severity": "MEDIUM"
    },
    {
      "quarter": "2023-12 (Q4)",
      "signal": "OPERATING LEVERAGE",
      "detail": "Rev growth +20.2% vs OpEx growth +2.5% (leverage: 8.0x)",
      "severity": "MEDIUM"
    },
    {
      "quarter": "2023-12 (Q4)",
      "signal": "YoY REVENUE GROWTH ACCELERATION",
      "detail": "YoY growth: +17.0% vs prior quarter YoY: -0.8% (accel: +17.8%)",
      "severity": "HIGH"
    },
    {
      "quarter": "2023-12 (Q4)",
      "signal": "INCREMENTAL MARGIN (YoY)",
      "detail": "YoY Incr OPM: +47.2% vs year-ago OPM: +15.7%",
      "severity": "HIGH"
    },
    {
      "quarter": "2023-09 (Q3)",
      "signal": "FCF TURNED POSITIVE",
      "detail": "FCF margin: -41.9% -> +4.5%",
      "severity": "HIGH"
    },
    {
      "quarter": "2023-09 (Q3)",
      "signal": "OPERATING LEVERAGE",
      "detail": "Rev growth +2.7% vs OpEx growth +0.2% (leverage: 14.9x)",
      "severity": "MEDIUM"
    },
    {
      "quarter": "2023-06 (Q2)",
      "signal": "GROSS MARGIN INFLECTION",
      "detail": "GM: +25.7% -> +20.1% -> +24.0% (reversal +3.9%)",
      "severity": "MEDIUM"
    },
    {
      "quarter": "2023-06 (Q2)",
      "signal": "YoY REVENUE GROWTH DECELERATION",
      "detail": "YoY growth: -1.6% vs prior quarter YoY: +13.8% (decel: -15.4%)",
      "severity": "WARNING"
    },
    {
      "quarter": "2022-12 (Q4)",
      "signal": "FCF MARGIN EXPANSION",
      "detail": "FCF margin: +10.7% -> +41.5% (+30.9%)",
      "severity": "MEDIUM"
    },
    {
      "quarter": "2022-12 (Q4)",
      "signal": "INCREMENTAL MARGIN (YoY)",
      "detail": "YoY Incr OPM: +101.4% vs year-ago OPM: +0.3%",
      "severity": "HIGH"
    },
    {
      "quarter": "2022-09 (Q3)",
      "signal": "GROSS MARGIN INFLECTION",
      "detail": "GM: +20.1% -> +13.9% -> +21.0% (reversal +7.1%)",
      "severity": "HIGH"
    },
    {
      "quarter": "2022-09 (Q3)",
      "signal": "YoY REVENUE GROWTH ACCELERATION",
      "detail": "YoY growth: +14.5% vs prior quarter YoY: -8.8% (accel: +23.3%)",
      "severity": "HIGH"
    },
    {
      "quarter": "2022-09 (Q3)",
      "signal": "INCREMENTAL MARGIN (YoY)",
      "detail": "YoY Incr OPM: +56.4% vs year-ago OPM: +4.7%",
      "severity": "HIGH"
    },
    {
      "quarter": "2022-06 (Q2)",
      "signal": "FCF MARGIN EXPANSION",
      "detail": "FCF margin: +4.8% -> +15.6% (+10.8%)",
      "severity": "MEDIUM"
    },
    {
      "quarter": "2022-06 (Q2)",
      "signal": "YoY REVENUE GROWTH DECELERATION",
      "detail": "YoY growth: -8.8% vs prior quarter YoY: +105.0% (decel: -113.8%)",
      "severity": "WARNING"
    },
    {
      "quarter": "2022-03 (Q1)",
      "signal": "FCF TURNED POSITIVE",
      "detail": "FCF margin: -18.3% -> +4.8%",
      "severity": "HIGH"
    },
    {
      "quarter": "2022-03 (Q1)",
      "signal": "GROSS MARGIN INFLECTION",
      "detail": "GM: +17.9% -> +16.2% -> +20.1% (reversal +3.9%)",
      "severity": "MEDIUM"
    },
    {
      "quarter": "2022-03 (Q1)",
      "signal": "OP MARGIN TURNED POSITIVE (YoY)",
      "detail": "Op margin: -28.0% (year-ago) -> +9.3%",
      "severity": "HIGH"
    },
    {
      "quarter": "2021-09 (Q3)",
      "signal": "FCF TURNED POSITIVE",
      "detail": "FCF margin: -17.2% -> +20.4%",
      "severity": "HIGH"
    },
    {
      "quarter": "2021-06 (Q2)",
      "signal": "OP MARGIN TURNED POSITIVE (QoQ)",
      "detail": "Op margin: -28.0% -> +8.3%",
      "severity": "HIGH"
    }
  ],
  "data_quality": {
    "n_quarters": 20,
    "coverage": {
      "revenue": [
        20,
        20
      ],
      "gross_profit": [
        20,
        20
      ],
      "op_income": [
        20,
        20
      ],
      "fcf": [
        20,
        20
      ]
    },
    "gaps": [],
    "warnings": []
  },
  "market_cap": null,
  "source": "SEC EDGAR",
  "last_updated": "2026-02-13T11:46:01.043206"
}