{
  "ticker": "ESTA",
  "name": "Establishment Labs Holdings Inc.",
  "quarters": [
    {
      "date": "2020-12-31T00:00:00",
      "quarter_label": "2020-12 (Q4)",
      "revenue": 26963000,
      "gross_profit": 14644000,
      "operating_income": -8017000,
      "net_income": -5644000,
      "opex": 22661000,
      "cogs": 12319000,
      "rd": 4466000,
      "sga": 18195000,
      "fcf": 3464000,
      "ocf": 3434000,
      "capex": 30000,
      "gross_margin": 0.5431146385787932,
      "op_margin": -0.2973333827838149,
      "fcf_margin": 0.12847235099951787
    },
    {
      "date": "2021-03-31T00:00:00",
      "quarter_label": "2021-03 (Q1)",
      "revenue": 30336000,
      "gross_profit": 20090000,
      "operating_income": -2096000,
      "net_income": -6948000,
      "opex": 22186000,
      "cogs": 10246000,
      "rd": 4048000,
      "sga": 18138000,
      "fcf": -7358000,
      "ocf": -6554000,
      "capex": -804000,
      "gross_margin": 0.6622494725738397,
      "op_margin": -0.06909282700421941,
      "fcf_margin": -0.24255010548523206,
      "op_leverage_ratio": Infinity,
      "fcf_margin_change": -0.37102245648474996
    },
    {
      "date": "2021-06-30T00:00:00",
      "quarter_label": "2021-06 (Q2)",
      "revenue": 31994000,
      "gross_profit": 21468000,
      "operating_income": -4634000,
      "net_income": -5322000,
      "opex": 26102000,
      "cogs": 10526000,
      "rd": 4349000,
      "sga": 21753000,
      "fcf": -1714000,
      "ocf": -814000,
      "capex": -900000,
      "gross_margin": 0.6710008126523723,
      "op_margin": -0.1448396574357692,
      "fcf_margin": -0.05357254485215978,
      "op_leverage_ratio": 0.30964390518396884,
      "fcf_margin_change": 0.18897756063307228
    },
    {
      "date": "2021-09-30T00:00:00",
      "quarter_label": "2021-09 (Q3)",
      "revenue": 29039000,
      "gross_profit": 19620000,
      "operating_income": -9044000,
      "net_income": -14678000,
      "opex": 28664000,
      "cogs": 9419000,
      "rd": 3884000,
      "sga": 24780000,
      "fcf": -13418000,
      "ocf": -12455000,
      "capex": -963000,
      "gross_margin": 0.6756431006577361,
      "op_margin": -0.31144323151623676,
      "fcf_margin": -0.4620682530390165,
      "fcf_margin_change": -0.4084957081868567
    },
    {
      "date": "2021-12-31T00:00:00",
      "quarter_label": "2021-12 (Q4)",
      "revenue": 35313000,
      "gross_profit": 24226000,
      "operating_income": -9366000,
      "net_income": -14191000,
      "opex": 33592000,
      "cogs": 11087000,
      "rd": 6034000,
      "sga": 27558000,
      "fcf": -7467000,
      "ocf": -7709000,
      "capex": 242000,
      "gross_margin": 0.6860363039107411,
      "op_margin": -0.2652281029649138,
      "fcf_margin": -0.21145187324781242,
      "incr_op_margin_yoy": -0.1615568862275449,
      "rev_growth_yoy": 0.3096836405444498,
      "op_leverage_ratio": 1.2566922987133737,
      "fcf_margin_change": 0.2506163797912041
    },
    {
      "date": "2022-03-31T00:00:00",
      "quarter_label": "2022-03 (Q1)",
      "revenue": 38452000,
      "gross_profit": 24936000,
      "operating_income": -5575000,
      "net_income": -5933000,
      "opex": 30511000,
      "cogs": 13516000,
      "rd": 3598000,
      "sga": 26913000,
      "fcf": -5638000,
      "ocf": -4840000,
      "capex": -798000,
      "gross_margin": 0.6484968272131488,
      "op_margin": -0.14498595651721627,
      "fcf_margin": -0.14662436284198482,
      "incr_op_margin_yoy": -0.42865943814687035,
      "rev_growth_yoy": 0.26753691983122363,
      "rev_growth_yoy_accel": -0.04214672071322617,
      "op_leverage_ratio": Infinity,
      "fcf_margin_change": 0.0648275104058276
    },
    {
      "date": "2022-06-30T00:00:00",
      "quarter_label": "2022-06 (Q2)",
      "revenue": 41190000,
      "gross_profit": 27454000,
      "operating_income": -10406000,
      "net_income": -37106000,
      "opex": 37860000,
      "cogs": 13736000,
      "rd": 4903000,
      "sga": 32957000,
      "fcf": -11937000,
      "ocf": -11330000,
      "capex": -607000,
      "gross_margin": 0.6665210002427774,
      "op_margin": -0.25263413449866473,
      "fcf_margin": -0.28980335032774945,
      "incr_op_margin_yoy": -0.6276642018268812,
      "rev_growth_yoy": 0.287428892917422,
      "rev_growth_yoy_accel": 0.01989197308619839,
      "op_leverage_ratio": 0.29562605277639675,
      "fcf_margin_change": -0.14317898748576463
    },
    {
      "date": "2022-09-30T00:00:00",
      "quarter_label": "2022-09 (Q3)",
      "revenue": 38245000,
      "gross_profit": 26040000,
      "operating_income": -10517000,
      "net_income": -18608000,
      "opex": 36557000,
      "cogs": 12205000,
      "rd": 5289000,
      "sga": 31268000,
      "fcf": -22460000,
      "ocf": -21980000,
      "capex": -480000,
      "gross_margin": 0.6808733167734344,
      "op_margin": -0.27499019479670544,
      "fcf_margin": -0.5872663093214799,
      "incr_op_margin_yoy": -0.16000434499239627,
      "rev_growth_yoy": 0.31702193601708045,
      "rev_growth_yoy_accel": 0.029593043099658434,
      "fcf_margin_change": -0.2974629589937305
    },
    {
      "date": "2022-12-31T00:00:00",
      "quarter_label": "2022-12 (Q4)",
      "revenue": 43813000,
      "gross_profit": 28165000,
      "operating_income": -13160000,
      "net_income": -13562000,
      "opex": 41325000,
      "cogs": 15648000,
      "rd": 6479000,
      "sga": 34846000,
      "fcf": -14982000,
      "ocf": -14016000,
      "capex": -966000,
      "gross_margin": 0.6428457307191929,
      "op_margin": -0.30036747084198756,
      "fcf_margin": -0.34195330153150894,
      "incr_op_margin_yoy": -0.44635294117647056,
      "rev_growth_yoy": 0.24070455639566166,
      "rev_growth_yoy_accel": -0.0763173796214188,
      "op_leverage_ratio": 1.116243295390633,
      "fcf_margin_change": 0.245313007789971
    },
    {
      "date": "2023-03-31T00:00:00",
      "quarter_label": "2023-03 (Q1)",
      "revenue": 46524000,
      "gross_profit": 30079000,
      "operating_income": -8160000,
      "net_income": -11942000,
      "opex": 38239000,
      "cogs": 16445000,
      "rd": 6533000,
      "sga": 31706000,
      "fcf": -21046000,
      "ocf": -20614000,
      "capex": -432000,
      "gross_margin": 0.6465265239446307,
      "op_margin": -0.17539334537013154,
      "fcf_margin": -0.4523686699337976,
      "incr_op_margin_yoy": -0.3202428146679881,
      "rev_growth_yoy": 0.20992406116716947,
      "rev_growth_yoy_accel": -0.03078049522849219,
      "op_leverage_ratio": Infinity,
      "fcf_margin_change": -0.11041536840228866
    },
    {
      "date": "2023-06-30T00:00:00",
      "quarter_label": "2023-06 (Q2)",
      "revenue": 48561000,
      "gross_profit": 30261000,
      "operating_income": -13713000,
      "net_income": -16745000,
      "opex": 43974000,
      "cogs": 18300000,
      "rd": 6947000,
      "sga": 37027000,
      "fcf": -31357000,
      "ocf": -28240000,
      "capex": -3117000,
      "gross_margin": 0.6231543831469698,
      "op_margin": -0.282387100759869,
      "fcf_margin": -0.6457239348448344,
      "incr_op_margin_yoy": -0.448650115316782,
      "rev_growth_yoy": 0.17895120174799709,
      "rev_growth_yoy_accel": -0.030972859419172383,
      "op_leverage_ratio": 0.29193561879584495,
      "fcf_margin_change": -0.19335526491103677
    },
    {
      "date": "2023-09-30T00:00:00",
      "quarter_label": "2023-09 (Q3)",
      "revenue": 38506000,
      "gross_profit": 26052000,
      "operating_income": -21038000,
      "net_income": -29273000,
      "opex": 47090000,
      "cogs": 12454000,
      "rd": 7128000,
      "sga": 39962000,
      "fcf": -35215000,
      "ocf": -31511000,
      "capex": -3704000,
      "gross_margin": 0.6765698852126941,
      "op_margin": -0.5463564119877422,
      "fcf_margin": -0.9145328000831039,
      "rev_growth_yoy": 0.006824421493005621,
      "rev_growth_yoy_accel": -0.17212678025499145,
      "fcf_margin_change": -0.2688088652382695
    },
    {
      "date": "2023-12-31T00:00:00",
      "quarter_label": "2023-12 (Q4)",
      "revenue": 31560000,
      "gross_profit": 20585000,
      "operating_income": -22115000,
      "net_income": -20542000,
      "opex": 42700000,
      "cogs": 10975000,
      "rd": 5820000,
      "sga": 36880000,
      "fcf": -8803000,
      "ocf": -8148000,
      "capex": -655000,
      "gross_margin": 0.6522496831432193,
      "op_margin": -0.7007287705956907,
      "fcf_margin": -0.27892902408111536,
      "incr_op_margin_yoy": 0.7308414265894067,
      "rev_growth_yoy": -0.2796658526008262,
      "rev_growth_yoy_accel": -0.2864902740938318,
      "fcf_margin_change": 0.6356037760019886
    },
    {
      "date": "2024-03-31T00:00:00",
      "quarter_label": "2024-03 (Q1)",
      "revenue": 37167000,
      "gross_profit": 24380000,
      "operating_income": -8834000,
      "net_income": -16202000,
      "opex": 33214000,
      "cogs": 12787000,
      "rd": 4273000,
      "sga": 28941000,
      "fcf": -14464000,
      "ocf": -11152000,
      "capex": -3312000,
      "gross_margin": 0.6559582425269729,
      "op_margin": -0.23768396695993757,
      "fcf_margin": -0.3891624290365109,
      "incr_op_margin_yoy": 0.07203163407074917,
      "rev_growth_yoy": -0.20112200154758833,
      "rev_growth_yoy_accel": 0.07854385105323788,
      "op_leverage_ratio": Infinity,
      "fcf_margin_change": -0.11023340495539552
    },
    {
      "date": "2024-06-30T00:00:00",
      "quarter_label": "2024-06 (Q2)",
      "revenue": 44117000,
      "gross_profit": 28936000,
      "operating_income": -9344000,
      "net_income": -17181000,
      "opex": 38280000,
      "cogs": 15181000,
      "rd": 5488000,
      "sga": 32792000,
      "fcf": -14952000,
      "ocf": -14154000,
      "capex": -798000,
      "gross_margin": 0.6558922864202008,
      "op_margin": -0.21180043973978285,
      "fcf_margin": -0.33891697078223815,
      "incr_op_margin_yoy": -0.9831233123312331,
      "rev_growth_yoy": -0.0915137661909763,
      "rev_growth_yoy_accel": 0.10960823535661203,
      "op_leverage_ratio": 1.2259797386367999,
      "fcf_margin_change": 0.050245458254272735
    },
    {
      "date": "2024-09-30T00:00:00",
      "quarter_label": "2024-09 (Q3)",
      "revenue": 40227000,
      "gross_profit": 25717000,
      "operating_income": -13139000,
      "net_income": -16682000,
      "opex": 38856000,
      "cogs": 14510000,
      "rd": 4801000,
      "sga": 34055000,
      "fcf": -13934000,
      "ocf": -12461000,
      "capex": -1473000,
      "gross_margin": 0.6392969895841102,
      "op_margin": -0.32662142342207967,
      "fcf_margin": -0.3463842692718821,
      "incr_op_margin_yoy": 4.589773387565369,
      "rev_growth_yoy": 0.04469433335064665,
      "rev_growth_yoy_accel": 0.13620809954162294,
      "fcf_margin_change": -0.007467298489643948
    },
    {
      "date": "2024-12-31T00:00:00",
      "quarter_label": "2024-12 (Q4)",
      "revenue": 44514000,
      "gross_profit": 30492000,
      "operating_income": -18670000,
      "net_income": -34531000,
      "opex": 49162000,
      "cogs": 14022000,
      "rd": 5144000,
      "sga": 44018000,
      "fcf": -21280000,
      "ocf": -20749000,
      "capex": -531000,
      "gross_margin": 0.6849979781641731,
      "op_margin": -0.41941860987554475,
      "fcf_margin": -0.4780518488565395,
      "incr_op_margin_yoy": 0.2659410220781226,
      "rev_growth_yoy": 0.41045627376425853,
      "rev_growth_yoy_accel": 0.3657619404136119,
      "op_leverage_ratio": 0.4017943175390584,
      "fcf_margin_change": -0.1316675795846574
    },
    {
      "date": "2025-03-31T00:00:00",
      "quarter_label": "2025-03 (Q1)",
      "revenue": 41377000,
      "gross_profit": 27808000,
      "operating_income": -16946000,
      "net_income": -20710000,
      "opex": 44754000,
      "cogs": 13569000,
      "rd": 5055000,
      "sga": 39699000,
      "fcf": -21478000,
      "ocf": -20725000,
      "capex": -753000,
      "gross_margin": 0.6720641902506224,
      "op_margin": -0.40955119994199674,
      "fcf_margin": -0.5190806486695507,
      "incr_op_margin_yoy": -1.9268408551068883,
      "rev_growth_yoy": 0.11327252670379638,
      "rev_growth_yoy_accel": -0.29718374706046213,
      "fcf_margin_change": -0.04102879981301122
    },
    {
      "date": "2025-06-30T00:00:00",
      "quarter_label": "2025-06 (Q2)",
      "revenue": 51300000,
      "gross_profit": 35272000,
      "operating_income": -14107000,
      "net_income": -16593000,
      "opex": 49379000,
      "cogs": 16028000,
      "rd": 5203000,
      "sga": 44176000,
      "fcf": -20377000,
      "ocf": -18753000,
      "capex": -1624000,
      "gross_margin": 0.6875633528265107,
      "op_margin": -0.27499025341130606,
      "fcf_margin": -0.39721247563352824,
      "incr_op_margin_yoy": -0.663093415007657,
      "rev_growth_yoy": 0.16281705465013488,
      "rev_growth_yoy_accel": 0.0495445279463385,
      "op_leverage_ratio": 2.3206204360824563,
      "fcf_margin_change": 0.12186817303602249
    },
    {
      "date": "2025-09-30T00:00:00",
      "quarter_label": "2025-09 (Q3)",
      "revenue": 53782000,
      "gross_profit": 37696000,
      "operating_income": -4025000,
      "net_income": -11146000,
      "opex": 41721000,
      "cogs": 16086000,
      "rd": 4555000,
      "sga": 37166000,
      "fcf": -13098000,
      "ocf": -11250000,
      "capex": -1848000,
      "gross_margin": 0.7009036480606895,
      "op_margin": -0.07483916552006248,
      "fcf_margin": -0.24353873043025548,
      "incr_op_margin_yoy": 0.6723718185171523,
      "rev_growth_yoy": 0.33696273647052977,
      "rev_growth_yoy_accel": 0.1741456818203949,
      "op_leverage_ratio": Infinity,
      "fcf_margin_change": 0.15367374520327276
    }
  ],
  "signals": [
    {
      "quarter": "2025-09 (Q3)",
      "signal": "FCF MARGIN EXPANSION",
      "detail": "FCF margin: -39.7% -> -24.4% (+15.4%)",
      "severity": "MEDIUM"
    },
    {
      "quarter": "2025-09 (Q3)",
      "signal": "YoY REVENUE GROWTH ACCELERATION",
      "detail": "YoY growth: +33.7% vs prior quarter YoY: +16.3% (accel: +17.4%)",
      "severity": "HIGH"
    },
    {
      "quarter": "2025-06 (Q2)",
      "signal": "FCF MARGIN EXPANSION",
      "detail": "FCF margin: -51.9% -> -39.7% (+12.2%)",
      "severity": "MEDIUM"
    },
    {
      "quarter": "2025-06 (Q2)",
      "signal": "OPERATING LEVERAGE",
      "detail": "Rev growth +24.0% vs OpEx growth +10.3% (leverage: 2.3x)",
      "severity": "MEDIUM"
    },
    {
      "quarter": "2025-03 (Q1)",
      "signal": "YoY REVENUE GROWTH DECELERATION",
      "detail": "YoY growth: +11.3% vs prior quarter YoY: +41.0% (decel: -29.7%)",
      "severity": "WARNING"
    },
    {
      "quarter": "2024-12 (Q4)",
      "signal": "GROSS MARGIN INFLECTION",
      "detail": "GM: +65.6% -> +63.9% -> +68.5% (reversal +4.6%)",
      "severity": "MEDIUM"
    },
    {
      "quarter": "2024-12 (Q4)",
      "signal": "YoY REVENUE GROWTH ACCELERATION",
      "detail": "YoY growth: +41.0% vs prior quarter YoY: +4.5% (accel: +36.6%)",
      "severity": "HIGH"
    },
    {
      "quarter": "2024-09 (Q3)",
      "signal": "YoY REVENUE GROWTH ACCELERATION",
      "detail": "YoY growth: +4.5% vs prior quarter YoY: -9.2% (accel: +13.6%)",
      "severity": "MEDIUM"
    },
    {
      "quarter": "2024-06 (Q2)",
      "signal": "FCF MARGIN EXPANSION",
      "detail": "FCF margin: -38.9% -> -33.9% (+5.0%)",
      "severity": "MEDIUM"
    },
    {
      "quarter": "2024-06 (Q2)",
      "signal": "YoY REVENUE GROWTH ACCELERATION",
      "detail": "YoY growth: -9.2% vs prior quarter YoY: -20.1% (accel: +11.0%)",
      "severity": "MEDIUM"
    },
    {
      "quarter": "2024-03 (Q1)",
      "signal": "YoY REVENUE GROWTH ACCELERATION",
      "detail": "YoY growth: -20.1% vs prior quarter YoY: -28.0% (accel: +7.9%)",
      "severity": "MEDIUM"
    },
    {
      "quarter": "2023-12 (Q4)",
      "signal": "FCF MARGIN EXPANSION",
      "detail": "FCF margin: -91.5% -> -27.9% (+63.6%)",
      "severity": "MEDIUM"
    },
    {
      "quarter": "2023-12 (Q4)",
      "signal": "YoY REVENUE GROWTH DECELERATION",
      "detail": "YoY growth: -28.0% vs prior quarter YoY: +0.7% (decel: -28.6%)",
      "severity": "WARNING"
    },
    {
      "quarter": "2023-09 (Q3)",
      "signal": "GROSS MARGIN INFLECTION",
      "detail": "GM: +64.7% -> +62.3% -> +67.7% (reversal +5.3%)",
      "severity": "HIGH"
    },
    {
      "quarter": "2023-09 (Q3)",
      "signal": "YoY REVENUE GROWTH DECELERATION",
      "detail": "YoY growth: +0.7% vs prior quarter YoY: +17.9% (decel: -17.2%)",
      "severity": "WARNING"
    },
    {
      "quarter": "2022-12 (Q4)",
      "signal": "FCF MARGIN EXPANSION",
      "detail": "FCF margin: -58.7% -> -34.2% (+24.5%)",
      "severity": "MEDIUM"
    },
    {
      "quarter": "2022-12 (Q4)",
      "signal": "YoY REVENUE GROWTH DECELERATION",
      "detail": "YoY growth: +24.1% vs prior quarter YoY: +31.7% (decel: -7.6%)",
      "severity": "WARNING"
    },
    {
      "quarter": "2022-03 (Q1)",
      "signal": "FCF MARGIN EXPANSION",
      "detail": "FCF margin: -21.1% -> -14.7% (+6.5%)",
      "severity": "MEDIUM"
    },
    {
      "quarter": "2021-12 (Q4)",
      "signal": "FCF MARGIN EXPANSION",
      "detail": "FCF margin: -46.2% -> -21.1% (+25.1%)",
      "severity": "MEDIUM"
    },
    {
      "quarter": "2021-06 (Q2)",
      "signal": "FCF MARGIN EXPANSION",
      "detail": "FCF margin: -24.3% -> -5.4% (+18.9%)",
      "severity": "MEDIUM"
    }
  ],
  "data_quality": {
    "n_quarters": 20,
    "coverage": {
      "revenue": [
        20,
        20
      ],
      "gross_profit": [
        20,
        20
      ],
      "op_income": [
        20,
        20
      ],
      "fcf": [
        20,
        20
      ]
    },
    "gaps": [],
    "warnings": []
  },
  "market_cap": null,
  "source": "SEC EDGAR",
  "last_updated": "2026-02-02T21:39:16.362316",
  "sector": "Healthcare",
  "industry": "Medical Devices"
}