{
  "ticker": "ESTC",
  "name": "Elastic N.V.",
  "quarters": [
    {
      "date": "2021-01-31T00:00:00",
      "quarter_label": "2021-01 (Q1)",
      "revenue": 157115000,
      "gross_profit": 115147000,
      "operating_income": -34461000,
      "net_income": -37974000,
      "opex": 149608000,
      "cogs": 41968000,
      "rd": 51400000,
      "sga": null,
      "fcf": 18325000,
      "ocf": 19401000,
      "capex": -1076000,
      "gross_margin": 0.7328835566304935,
      "op_margin": -0.2193361550456672,
      "fcf_margin": 0.1166343124462973
    },
    {
      "date": "2021-04-30T00:00:00",
      "quarter_label": "2021-04 (Q2)",
      "revenue": 177610000,
      "gross_profit": 131803000,
      "operating_income": -37077000,
      "net_income": -43301000,
      "opex": 168880000,
      "cogs": 45807000,
      "rd": 55437000,
      "sga": null,
      "fcf": -2745000,
      "ocf": -1565000,
      "capex": -1180000,
      "gross_margin": 0.7420922245369067,
      "op_margin": -0.20875513766116774,
      "fcf_margin": -0.015455210855244638,
      "op_leverage_ratio": 1.0126475192405,
      "fcf_margin_change": -0.13208952330154194
    },
    {
      "date": "2021-07-31T00:00:00",
      "quarter_label": "2021-07 (Q3)",
      "revenue": 193095000,
      "gross_profit": 143433000,
      "operating_income": -31034000,
      "net_income": -34489000,
      "opex": 174467000,
      "cogs": 49662000,
      "rd": 59382000,
      "sga": null,
      "fcf": 13391000,
      "ocf": 14051000,
      "capex": -660000,
      "gross_margin": 0.742810533675134,
      "op_margin": -0.16071881716253658,
      "fcf_margin": 0.06934928403117636,
      "op_leverage_ratio": 2.6353805984673673,
      "fcf_margin_change": 0.084804494886421
    },
    {
      "date": "2021-10-31T00:00:00",
      "quarter_label": "2021-10 (Q4)",
      "revenue": 205980000,
      "gross_profit": 152096000,
      "operating_income": -37175000,
      "net_income": -47023000,
      "opex": 189271000,
      "cogs": 53884000,
      "rd": 63763000,
      "sga": null,
      "fcf": -10474000,
      "ocf": -10383000,
      "capex": -91000,
      "gross_margin": 0.7384017865812215,
      "op_margin": -0.18047868725118943,
      "fcf_margin": -0.05084959704825711,
      "op_leverage_ratio": 0.7864074362026063,
      "fcf_margin_change": -0.12019888107943347
    },
    {
      "date": "2022-01-31T00:00:00",
      "quarter_label": "2022-01 (Q1)",
      "revenue": 223944000,
      "gross_profit": 162660000,
      "operating_income": -45849000,
      "net_income": -56726000,
      "opex": 208509000,
      "cogs": 61284000,
      "rd": 71749000,
      "sga": null,
      "fcf": 4818000,
      "ocf": 5054000,
      "capex": -236000,
      "gross_margin": 0.7263422998606794,
      "op_margin": -0.20473421926910298,
      "fcf_margin": 0.021514307148215624,
      "incr_op_margin_yoy": -0.17040506366996364,
      "rev_growth_yoy": 0.42535085765203834,
      "op_leverage_ratio": 0.8580293602206794,
      "fcf_margin_change": 0.07236390419647273
    },
    {
      "date": "2022-04-30T00:00:00",
      "quarter_label": "2022-04 (Q2)",
      "revenue": 239355000,
      "gross_profit": 171991000,
      "operating_income": -59622000,
      "net_income": -65610000,
      "opex": 231613000,
      "cogs": 67364000,
      "rd": 78867000,
      "sga": null,
      "fcf": -4548000,
      "ocf": -3050000,
      "capex": -1498000,
      "gross_margin": 0.7185602974661068,
      "op_margin": -0.24909444131102337,
      "fcf_margin": -0.0190010653631635,
      "incr_op_margin_yoy": -0.36513077982022835,
      "rev_growth_yoy": 0.34764371375485614,
      "rev_growth_yoy_accel": -0.0777071438971822,
      "op_leverage_ratio": 0.621053507457976,
      "fcf_margin_change": -0.04051537251137913
    },
    {
      "date": "2022-07-31T00:00:00",
      "quarter_label": "2022-07 (Q3)",
      "revenue": 250081000,
      "gross_profit": 177102000,
      "operating_income": -60641000,
      "net_income": -69551000,
      "opex": 237743000,
      "cogs": 72979000,
      "rd": 78649000,
      "sga": null,
      "fcf": -10184000,
      "ocf": -9705000,
      "capex": -479000,
      "gross_margin": 0.7081785501497515,
      "op_margin": -0.242485434719151,
      "fcf_margin": -0.040722805810917265,
      "incr_op_margin_yoy": -0.5195486610746499,
      "rev_growth_yoy": 0.2951189828840726,
      "rev_growth_yoy_accel": -0.05252473087078352,
      "op_leverage_ratio": 1.6931590094818108,
      "fcf_margin_change": -0.021721740447753764
    },
    {
      "date": "2022-10-31T00:00:00",
      "quarter_label": "2022-10 (Q4)",
      "revenue": 264401000,
      "gross_profit": 189644000,
      "operating_income": -49028000,
      "net_income": -47305000,
      "opex": 238672000,
      "cogs": 74757000,
      "rd": 75568000,
      "sga": null,
      "fcf": 10299000,
      "ocf": 10642000,
      "capex": -343000,
      "gross_margin": 0.7172590118796828,
      "op_margin": -0.18543046357615894,
      "fcf_margin": 0.03895219760893491,
      "incr_op_margin_yoy": -0.2028893719724072,
      "rev_growth_yoy": 0.2836246237498786,
      "rev_growth_yoy_accel": -0.011494359134193999,
      "op_leverage_ratio": 14.653937850724095,
      "fcf_margin_change": 0.07967500341985218
    },
    {
      "date": "2023-01-31T00:00:00",
      "quarter_label": "2023-01 (Q1)",
      "revenue": 274566000,
      "gross_profit": 199358000,
      "operating_income": -69347000,
      "net_income": -72574000,
      "opex": 268705000,
      "cogs": 75208000,
      "rd": 77472000,
      "sga": null,
      "fcf": 6973000,
      "ocf": 7170000,
      "capex": -197000,
      "gross_margin": 0.7260840745030339,
      "op_margin": -0.25256950969894304,
      "fcf_margin": 0.025396443842282002,
      "incr_op_margin_yoy": -0.46418553198214213,
      "rev_growth_yoy": 0.22604758332440253,
      "rev_growth_yoy_accel": -0.057577040425476095,
      "op_leverage_ratio": 0.3055252062067936,
      "fcf_margin_change": -0.013555753766652908
    },
    {
      "date": "2023-04-30T00:00:00",
      "quarter_label": "2023-04 (Q2)",
      "revenue": 279941000,
      "gross_profit": 206259000,
      "operating_income": -40156000,
      "net_income": -46731000,
      "opex": 246415000,
      "cogs": 73682000,
      "rd": 81765000,
      "sga": null,
      "fcf": 25890000,
      "ocf": 27555000,
      "capex": -1665000,
      "gross_margin": 0.7367945388492575,
      "op_margin": -0.14344451152207072,
      "fcf_margin": 0.09248377336653081,
      "incr_op_margin_yoy": 0.47962351549795496,
      "rev_growth_yoy": 0.16956403668191597,
      "rev_growth_yoy_accel": -0.05648354664248656,
      "op_leverage_ratio": Infinity,
      "fcf_margin_change": 0.06708732952424881
    },
    {
      "date": "2023-07-31T00:00:00",
      "quarter_label": "2023-07 (Q3)",
      "revenue": 293753000,
      "gross_profit": 216276000,
      "operating_income": -36247000,
      "net_income": -48508000,
      "opex": 252523000,
      "cogs": 77477000,
      "rd": 80690000,
      "sga": null,
      "fcf": 37180000,
      "ocf": 37812000,
      "capex": -632000,
      "gross_margin": 0.7362512042430205,
      "op_margin": -0.12339278237158428,
      "fcf_margin": 0.1265689201471985,
      "incr_op_margin_yoy": 0.5585729987177138,
      "rev_growth_yoy": 0.17463141942010788,
      "rev_growth_yoy_accel": 0.005067382738191906,
      "op_leverage_ratio": 1.9904816247100174,
      "fcf_margin_change": 0.034085146780667694
    },
    {
      "date": "2023-10-31T00:00:00",
      "quarter_label": "2023-10 (Q4)",
      "revenue": 310612000,
      "gross_profit": 230523000,
      "operating_income": -21539000,
      "net_income": -24796000,
      "opex": 252062000,
      "cogs": 80089000,
      "rd": 80108000,
      "sga": null,
      "fcf": -3283000,
      "ocf": -2387000,
      "capex": -896000,
      "gross_margin": 0.7421574182581484,
      "op_margin": -0.0693437471829807,
      "fcf_margin": -0.010569456427955135,
      "incr_op_margin_yoy": 0.594858367055463,
      "rev_growth_yoy": 0.17477619222317617,
      "rev_growth_yoy_accel": 0.00014477280306829376,
      "op_leverage_ratio": Infinity,
      "fcf_margin_change": -0.13713837657515365
    },
    {
      "date": "2024-01-31T00:00:00",
      "quarter_label": "2024-01 (Q1)",
      "revenue": 327957000,
      "gross_profit": 243315000,
      "operating_income": -26404000,
      "net_income": 176124000,
      "opex": 269719000,
      "cogs": 84642000,
      "rd": 87202000,
      "sga": null,
      "fcf": 51312000,
      "ocf": 52389000,
      "capex": -1077000,
      "gross_margin": 0.7419112871504496,
      "op_margin": -0.08051055473735887,
      "fcf_margin": 0.15645953585378572,
      "incr_op_margin_yoy": 0.8043115880953718,
      "rev_growth_yoy": 0.194455977797688,
      "rev_growth_yoy_accel": 0.019679785574511832,
      "op_leverage_ratio": 0.797161902620852,
      "fcf_margin_change": 0.16702899228174084
    },
    {
      "date": "2024-04-30T00:00:00",
      "quarter_label": "2024-04 (Q2)",
      "revenue": 334999000,
      "gross_profit": 247128000,
      "operating_income": -45712000,
      "net_income": -41100000,
      "opex": 292840000,
      "cogs": 87871000,
      "rd": 93951000,
      "sga": null,
      "fcf": 60103000,
      "ocf": 60948000,
      "capex": -845000,
      "gross_margin": 0.7376977244708193,
      "op_margin": -0.13645413866907066,
      "fcf_margin": 0.17941247585813688,
      "incr_op_margin_yoy": -0.1009117657742744,
      "rev_growth_yoy": 0.19667715697236204,
      "rev_growth_yoy_accel": 0.002221179174674043,
      "op_leverage_ratio": 0.25048633755347727,
      "fcf_margin_change": 0.022952940004351163
    },
    {
      "date": "2024-07-31T00:00:00",
      "quarter_label": "2024-07 (Q3)",
      "revenue": 347420000,
      "gross_profit": 255663000,
      "operating_income": -33838000,
      "net_income": -49227000,
      "opex": 289501000,
      "cogs": 91757000,
      "rd": 89332000,
      "sga": null,
      "fcf": 52007000,
      "ocf": 52754000,
      "capex": -747000,
      "gross_margin": 0.7358902768982788,
      "op_margin": -0.097397962120776,
      "fcf_margin": 0.14969489378849807,
      "incr_op_margin_yoy": 0.04488791995080776,
      "rev_growth_yoy": 0.18269430439859338,
      "rev_growth_yoy_accel": -0.013982852573768662,
      "op_leverage_ratio": Infinity,
      "fcf_margin_change": -0.029717582069638815
    },
    {
      "date": "2024-10-31T00:00:00",
      "quarter_label": "2024-10 (Q4)",
      "revenue": 365361000,
      "gross_profit": 272182000,
      "operating_income": -4426000,
      "net_income": -25450000,
      "opex": 276608000,
      "cogs": 93179000,
      "rd": 88163000,
      "sga": null,
      "fcf": 37662000,
      "ocf": 38377000,
      "capex": -715000,
      "gross_margin": 0.7449673063080077,
      "op_margin": -0.012114046107822126,
      "fcf_margin": 0.10308160969561611,
      "incr_op_margin_yoy": 0.3125719191218104,
      "rev_growth_yoy": 0.17626170270305075,
      "rev_growth_yoy_accel": -0.0064326016955426335,
      "op_leverage_ratio": Infinity,
      "fcf_margin_change": -0.04661328409288196
    },
    {
      "date": "2025-01-31T00:00:00",
      "quarter_label": "2025-01 (Q1)",
      "revenue": 382083000,
      "gross_profit": 284931000,
      "operating_income": -4638000,
      "net_income": -17056000,
      "opex": 289569000,
      "cogs": 97152000,
      "rd": 93598000,
      "sga": null,
      "fcf": 87292000,
      "ocf": 88058000,
      "capex": -766000,
      "gross_margin": 0.7457306396777663,
      "op_margin": -0.012138723785146159,
      "fcf_margin": 0.2284634490411769,
      "incr_op_margin_yoy": 0.40213575730702433,
      "rev_growth_yoy": 0.1650399290150843,
      "rev_growth_yoy_accel": -0.011221773687966452,
      "op_leverage_ratio": 0.9767698769460309,
      "fcf_margin_change": 0.1253818393455608
    },
    {
      "date": "2025-04-30T00:00:00",
      "quarter_label": "2025-04 (Q2)",
      "revenue": 388432000,
      "gross_profit": 290647000,
      "operating_income": -12020000,
      "net_income": -16381000,
      "opex": 302667000,
      "cogs": 97785000,
      "rd": 94665000,
      "sga": null,
      "fcf": 84862000,
      "ocf": 86979000,
      "capex": -2117000,
      "gross_margin": 0.748257095192981,
      "op_margin": -0.030944927297442023,
      "fcf_margin": 0.2184732462824896,
      "incr_op_margin_yoy": 0.6305466659180656,
      "rev_growth_yoy": 0.15950196866259303,
      "rev_growth_yoy_accel": -0.005537960352491267,
      "op_leverage_ratio": 0.3673623903363897,
      "fcf_margin_change": -0.009990202758687311
    },
    {
      "date": "2025-07-31T00:00:00",
      "quarter_label": "2025-07 (Q3)",
      "revenue": 415288000,
      "gross_profit": 318542000,
      "operating_income": -9440000,
      "net_income": -24603000,
      "opex": 327982000,
      "cogs": 96746000,
      "rd": 109122000,
      "sga": null,
      "fcf": 104179000,
      "ocf": 104835000,
      "capex": -656000,
      "gross_margin": 0.7670387779083431,
      "op_margin": -0.02273121303769914,
      "fcf_margin": 0.25085964439136216,
      "incr_op_margin_yoy": 0.3594919549714151,
      "rev_growth_yoy": 0.19534856945483853,
      "rev_growth_yoy_accel": 0.0358466007922455,
      "op_leverage_ratio": 0.8266343873593839,
      "fcf_margin_change": 0.03238639810887256
    },
    {
      "date": "2025-10-31T00:00:00",
      "quarter_label": "2025-10 (Q4)",
      "revenue": 423481000,
      "gross_profit": 321454000,
      "operating_income": -8236000,
      "net_income": -51284000,
      "opex": 329690000,
      "cogs": 102027000,
      "rd": 108152000,
      "sga": null,
      "fcf": 26007000,
      "ocf": 26612000,
      "capex": -605000,
      "gross_margin": 0.7590753776438612,
      "op_margin": -0.01944833416375233,
      "fcf_margin": 0.06141243644933303,
      "incr_op_margin_yoy": -0.06555402615278734,
      "rev_growth_yoy": 0.1590755444615052,
      "rev_growth_yoy_accel": -0.03627302499333332,
      "op_leverage_ratio": 3.788399025656279,
      "fcf_margin_change": -0.18944720794202913
    }
  ],
  "signals": [
    {
      "quarter": "2025-10 (Q4)",
      "signal": "OPERATING LEVERAGE",
      "detail": "Rev growth +2.0% vs OpEx growth +0.5% (leverage: 3.8x)",
      "severity": "MEDIUM"
    },
    {
      "quarter": "2025-01 (Q1)",
      "signal": "FCF MARGIN EXPANSION",
      "detail": "FCF margin: +10.3% -> +22.8% (+12.5%)",
      "severity": "MEDIUM"
    },
    {
      "quarter": "2024-01 (Q1)",
      "signal": "FCF TURNED POSITIVE",
      "detail": "FCF margin: -1.1% -> +15.6%",
      "severity": "HIGH"
    },
    {
      "quarter": "2023-07 (Q3)",
      "signal": "OPERATING LEVERAGE",
      "detail": "Rev growth +4.9% vs OpEx growth +2.5% (leverage: 2.0x)",
      "severity": "MEDIUM"
    },
    {
      "quarter": "2023-04 (Q2)",
      "signal": "FCF MARGIN EXPANSION",
      "detail": "FCF margin: +2.5% -> +9.2% (+6.7%)",
      "severity": "MEDIUM"
    },
    {
      "quarter": "2023-04 (Q2)",
      "signal": "YoY REVENUE GROWTH DECELERATION",
      "detail": "YoY growth: +17.0% vs prior quarter YoY: +22.6% (decel: -5.6%)",
      "severity": "WARNING"
    },
    {
      "quarter": "2023-01 (Q1)",
      "signal": "YoY REVENUE GROWTH DECELERATION",
      "detail": "YoY growth: +22.6% vs prior quarter YoY: +28.4% (decel: -5.8%)",
      "severity": "WARNING"
    },
    {
      "quarter": "2022-10 (Q4)",
      "signal": "FCF TURNED POSITIVE",
      "detail": "FCF margin: -4.1% -> +3.9%",
      "severity": "HIGH"
    },
    {
      "quarter": "2022-10 (Q4)",
      "signal": "OPERATING LEVERAGE",
      "detail": "Rev growth +5.7% vs OpEx growth +0.4% (leverage: 14.7x)",
      "severity": "MEDIUM"
    },
    {
      "quarter": "2022-07 (Q3)",
      "signal": "OPERATING LEVERAGE",
      "detail": "Rev growth +4.5% vs OpEx growth +2.6% (leverage: 1.7x)",
      "severity": "MEDIUM"
    },
    {
      "quarter": "2022-07 (Q3)",
      "signal": "YoY REVENUE GROWTH DECELERATION",
      "detail": "YoY growth: +29.5% vs prior quarter YoY: +34.8% (decel: -5.3%)",
      "severity": "WARNING"
    },
    {
      "quarter": "2022-04 (Q2)",
      "signal": "YoY REVENUE GROWTH DECELERATION",
      "detail": "YoY growth: +34.8% vs prior quarter YoY: +42.5% (decel: -7.8%)",
      "severity": "WARNING"
    },
    {
      "quarter": "2022-01 (Q1)",
      "signal": "FCF TURNED POSITIVE",
      "detail": "FCF margin: -5.1% -> +2.2%",
      "severity": "HIGH"
    },
    {
      "quarter": "2021-07 (Q3)",
      "signal": "FCF TURNED POSITIVE",
      "detail": "FCF margin: -1.5% -> +6.9%",
      "severity": "HIGH"
    },
    {
      "quarter": "2021-07 (Q3)",
      "signal": "OPERATING LEVERAGE",
      "detail": "Rev growth +8.7% vs OpEx growth +3.3% (leverage: 2.6x)",
      "severity": "MEDIUM"
    }
  ],
  "data_quality": {
    "n_quarters": 20,
    "coverage": {
      "revenue": [
        20,
        20
      ],
      "gross_profit": [
        20,
        20
      ],
      "op_income": [
        20,
        20
      ],
      "fcf": [
        20,
        20
      ]
    },
    "gaps": [],
    "warnings": []
  },
  "market_cap": null,
  "source": "SEC EDGAR",
  "last_updated": "2026-02-02T20:46:23.237145",
  "sector": "Technology",
  "industry": "Software - Application"
}