{
  "ticker": "ETD",
  "name": "Ethan Allen Interiors Inc.",
  "sector": "Consumer Cyclical",
  "industry": "Furnishings, Fixtures & Appliances",
  "quarters": [
    {
      "date": "2021-03-31T00:00:00",
      "quarter_label": "2021-03 (Q1)",
      "revenue": 176962000,
      "gross_profit": 101409000,
      "operating_income": 18987000,
      "net_income": 15608000,
      "opex": 82422000,
      "cogs": 75553000,
      "rd": null,
      "sga": 81829000,
      "fcf": 31738000,
      "ocf": 36202000,
      "capex": -4464000,
      "gross_margin": 0.5730552321967428,
      "op_margin": 0.10729422135825771,
      "fcf_margin": 0.1793492388196336
    },
    {
      "date": "2021-06-30T00:00:00",
      "quarter_label": "2021-06 (Q2)",
      "revenue": 178323000,
      "gross_profit": 104596000,
      "operating_income": 24062000,
      "net_income": 18161000,
      "opex": 80534000,
      "cogs": 73727000,
      "rd": null,
      "sga": 79762000,
      "fcf": 26105000,
      "ocf": 27792000,
      "capex": -1687000,
      "gross_margin": 0.5865536133869439,
      "op_margin": 0.13493492146273897,
      "fcf_margin": 0.14639166007749982,
      "fcf_margin_change": -0.032957578742133786
    },
    {
      "date": "2021-09-30T00:00:00",
      "quarter_label": "2021-09 (Q3)",
      "revenue": 182327000,
      "gross_profit": 109192000,
      "operating_income": 27360000,
      "net_income": 20153000,
      "opex": 81832000,
      "cogs": 73135000,
      "rd": null,
      "sga": 81577000,
      "fcf": 15460000,
      "ocf": 16989000,
      "capex": -1529000,
      "gross_margin": 0.5988800342242235,
      "op_margin": 0.1500600569306795,
      "fcf_margin": 0.08479270760775968,
      "op_leverage_ratio": 1.393128846274666,
      "fcf_margin_change": -0.061598952469740134
    },
    {
      "date": "2021-12-31T00:00:00",
      "quarter_label": "2021-12 (Q4)",
      "revenue": 208093000,
      "gross_profit": 122269000,
      "operating_income": 36292000,
      "net_income": 26894000,
      "opex": 85977000,
      "cogs": 85824000,
      "rd": null,
      "sga": 89610000,
      "fcf": 3511000,
      "ocf": 5712000,
      "capex": -2201000,
      "gross_margin": 0.5875690196210348,
      "op_margin": 0.17440279105976655,
      "fcf_margin": 0.01687226384356994,
      "op_leverage_ratio": 2.789938609154513,
      "fcf_margin_change": -0.06792044376418974
    },
    {
      "date": "2022-03-31T00:00:00",
      "quarter_label": "2022-03 (Q1)",
      "revenue": 197659000,
      "gross_profit": 119460000,
      "operating_income": 32653000,
      "net_income": 24714000,
      "opex": 86807000,
      "cogs": 78199000,
      "rd": null,
      "sga": 88270000,
      "fcf": 11999000,
      "ocf": 17300000,
      "capex": -5301000,
      "gross_margin": 0.6043742000111303,
      "op_margin": 0.165198650200598,
      "fcf_margin": 0.060705558562979677,
      "incr_op_margin_yoy": 0.6602889307629125,
      "rev_growth_yoy": 0.11695731286942959,
      "fcf_margin_change": 0.043833294719409735
    },
    {
      "date": "2022-06-30T00:00:00",
      "quarter_label": "2022-06 (Q2)",
      "revenue": 229683000,
      "gross_profit": 133785000,
      "operating_income": 41945000,
      "net_income": 31519000,
      "opex": 91840000,
      "cogs": 95898000,
      "rd": null,
      "sga": 91460000,
      "fcf": 24999000,
      "ocf": 29355000,
      "capex": -4356000,
      "gross_margin": 0.582476717911208,
      "op_margin": 0.18262126496083733,
      "fcf_margin": 0.10884131607476391,
      "incr_op_margin_yoy": 0.3481892523364486,
      "rev_growth_yoy": 0.2880166888174829,
      "rev_growth_yoy_accel": 0.1710593759480533,
      "op_leverage_ratio": 2.794388596688354,
      "fcf_margin_change": 0.048135757511784234
    },
    {
      "date": "2022-09-30T00:00:00",
      "quarter_label": "2022-09 (Q3)",
      "revenue": 214530000,
      "gross_profit": 129616000,
      "operating_income": 39650000,
      "net_income": 29880000,
      "opex": 89966000,
      "cogs": 84914000,
      "rd": null,
      "sga": 91962000,
      "fcf": 35243000,
      "ocf": 38422000,
      "capex": -3179000,
      "gross_margin": 0.6041858947466555,
      "op_margin": 0.18482263552883046,
      "fcf_margin": 0.1642800540716916,
      "incr_op_margin_yoy": 0.38164146197559234,
      "rev_growth_yoy": 0.17662222270974678,
      "rev_growth_yoy_accel": -0.1113944661077361,
      "fcf_margin_change": 0.055438737996927695
    },
    {
      "date": "2022-12-31T00:00:00",
      "quarter_label": "2022-12 (Q4)",
      "revenue": 203161000,
      "gross_profit": 124020000,
      "operating_income": 37069000,
      "net_income": 28166000,
      "opex": 86951000,
      "cogs": 79141000,
      "rd": null,
      "sga": 87147000,
      "fcf": -2777000,
      "ocf": 2517000,
      "capex": -5294000,
      "gross_margin": 0.6104518091562849,
      "op_margin": 0.18246120072257963,
      "fcf_margin": -0.01366896205472507,
      "incr_op_margin_yoy": -0.1575425790754258,
      "rev_growth_yoy": -0.023700941406005968,
      "rev_growth_yoy_accel": -0.20032316411575274,
      "fcf_margin_change": -0.17794901612641667
    },
    {
      "date": "2023-03-31T00:00:00",
      "quarter_label": "2023-03 (Q1)",
      "revenue": 186316000,
      "gross_profit": 111551000,
      "operating_income": 28788000,
      "net_income": 22356000,
      "opex": 82763000,
      "cogs": 74765000,
      "rd": null,
      "sga": 83233000,
      "fcf": 31213000,
      "ocf": 33419000,
      "capex": -2206000,
      "gross_margin": 0.5987193799781018,
      "op_margin": 0.15451168981729965,
      "fcf_margin": 0.16752721183365896,
      "incr_op_margin_yoy": 0.3407387816274354,
      "rev_growth_yoy": -0.05738671145761134,
      "rev_growth_yoy_accel": -0.03368577005160537,
      "fcf_margin_change": 0.18119617388838402
    },
    {
      "date": "2023-06-30T00:00:00",
      "quarter_label": "2023-06 (Q2)",
      "revenue": 187375000,
      "gross_profit": 115183000,
      "operating_income": 31689000,
      "net_income": 25405000,
      "opex": 83494000,
      "cogs": 72192000,
      "rd": null,
      "sga": 84552000,
      "fcf": 23100000,
      "ocf": 26306000,
      "capex": -3206000,
      "gross_margin": 0.6147191460973983,
      "op_margin": 0.1691207471647765,
      "fcf_margin": 0.12328218812541694,
      "incr_op_margin_yoy": 0.24241278245249126,
      "rev_growth_yoy": -0.18420170408780798,
      "rev_growth_yoy_accel": -0.12681499263019663,
      "fcf_margin_change": -0.044245023708242015
    },
    {
      "date": "2023-09-30T00:00:00",
      "quarter_label": "2023-09 (Q3)",
      "revenue": 163892000,
      "gross_profit": 100141000,
      "operating_income": 18351000,
      "net_income": 14939000,
      "opex": 81790000,
      "cogs": 63751000,
      "rd": null,
      "sga": 80298000,
      "fcf": 13003000,
      "ocf": 16700000,
      "capex": -3697000,
      "gross_margin": 0.6110182315183169,
      "op_margin": 0.11197007785614917,
      "fcf_margin": 0.07933883288995192,
      "incr_op_margin_yoy": 0.42061297839567124,
      "rev_growth_yoy": -0.2360415792663031,
      "rev_growth_yoy_accel": -0.051839875178495115,
      "fcf_margin_change": -0.043943355235465026
    },
    {
      "date": "2023-12-31T00:00:00",
      "quarter_label": "2023-12 (Q4)",
      "revenue": 167276000,
      "gross_profit": 100636000,
      "operating_income": 21688000,
      "net_income": 17411000,
      "opex": 78948000,
      "cogs": 66640000,
      "rd": null,
      "sga": 79183000,
      "fcf": 12046000,
      "ocf": 13590000,
      "capex": -1544000,
      "gross_margin": 0.60161649011215,
      "op_margin": 0.12965398503072767,
      "fcf_margin": 0.07201272149023172,
      "incr_op_margin_yoy": 0.42861920022293437,
      "rev_growth_yoy": -0.1766333105271189,
      "rev_growth_yoy_accel": 0.0594082687391842,
      "op_leverage_ratio": null,
      "fcf_margin_change": -0.007326111399720198
    },
    {
      "date": "2024-03-31T00:00:00",
      "quarter_label": "2024-03 (Q1)",
      "revenue": 146421000,
      "gross_profit": 89824000,
      "operating_income": 15325000,
      "net_income": 12953000,
      "opex": 74499000,
      "cogs": 56597000,
      "rd": null,
      "sga": 75253000,
      "fcf": 21369000,
      "ocf": 23664000,
      "capex": -2295000,
      "gross_margin": 0.613463915695153,
      "op_margin": 0.1046639484773359,
      "fcf_margin": 0.14594218042493903,
      "incr_op_margin_yoy": 0.337460834691064,
      "rev_growth_yoy": -0.21412546426501214,
      "rev_growth_yoy_accel": -0.03749215373789325,
      "fcf_margin_change": 0.07392945893470731
    },
    {
      "date": "2024-06-30T00:00:00",
      "quarter_label": "2024-06 (Q2)",
      "revenue": 168632000,
      "gross_profit": 102461000,
      "operating_income": 22627000,
      "net_income": 18513000,
      "opex": 79834000,
      "cogs": 66171000,
      "rd": null,
      "sga": 80414000,
      "fcf": 24171000,
      "ocf": 26241000,
      "capex": -2070000,
      "gross_margin": 0.6076011670382846,
      "op_margin": 0.13417975236016888,
      "fcf_margin": 0.14333578443000142,
      "incr_op_margin_yoy": 0.4834871685429227,
      "rev_growth_yoy": -0.10002935290193463,
      "rev_growth_yoy_accel": 0.11409611136307751,
      "op_leverage_ratio": 2.1182673049437555,
      "fcf_margin_change": -0.002606395994937616
    },
    {
      "date": "2024-09-30T00:00:00",
      "quarter_label": "2024-09 (Q3)",
      "revenue": 154337000,
      "gross_profit": 93869000,
      "operating_income": 17565000,
      "net_income": 14719000,
      "opex": 76304000,
      "cogs": 60468000,
      "rd": null,
      "sga": 76072000,
      "fcf": 11491000,
      "ocf": 15080000,
      "capex": -3589000,
      "gross_margin": 0.6082080123366399,
      "op_margin": 0.11380939113757557,
      "fcf_margin": 0.07445395465766472,
      "incr_op_margin_yoy": 0.08226059654631084,
      "rev_growth_yoy": -0.05830058819222415,
      "rev_growth_yoy_accel": 0.04172876470971048,
      "fcf_margin_change": -0.0688818297723367
    },
    {
      "date": "2024-12-31T00:00:00",
      "quarter_label": "2024-12 (Q4)",
      "revenue": 157260000,
      "gross_profit": 94837000,
      "operating_income": 18157000,
      "net_income": 15004000,
      "opex": 76680000,
      "cogs": 62423000,
      "rd": null,
      "sga": 76674000,
      "fcf": 7837000,
      "ocf": 11619000,
      "capex": -3782000,
      "gross_margin": 0.6030586290220018,
      "op_margin": 0.11545847640849549,
      "fcf_margin": 0.049834668701513415,
      "incr_op_margin_yoy": 0.35253594249201275,
      "rev_growth_yoy": -0.059877089361295106,
      "rev_growth_yoy_accel": -0.0015765011690709596,
      "op_leverage_ratio": 3.843423323842727,
      "fcf_margin_change": -0.0246192859561513
    },
    {
      "date": "2025-03-31T00:00:00",
      "quarter_label": "2025-03 (Q1)",
      "revenue": 142695000,
      "gross_profit": 87356000,
      "operating_income": 10997000,
      "net_income": 9605000,
      "opex": 76359000,
      "cogs": 55339000,
      "rd": null,
      "sga": 76253000,
      "fcf": 8199000,
      "ocf": 10180000,
      "capex": -1981000,
      "gross_margin": 0.6121868320543817,
      "op_margin": 0.07706647044395389,
      "fcf_margin": 0.057458215074109115,
      "incr_op_margin_yoy": 1.1615673644659152,
      "rev_growth_yoy": -0.025447169463396643,
      "rev_growth_yoy_accel": 0.03442991989789847,
      "fcf_margin_change": 0.007623546372595699
    },
    {
      "date": "2025-06-30T00:00:00",
      "quarter_label": "2025-06 (Q2)",
      "revenue": 160357000,
      "gross_profit": 96059000,
      "operating_income": 15269000,
      "net_income": null,
      "opex": 80790000,
      "cogs": 64298000,
      "rd": null,
      "sga": 80791000,
      "fcf": 22901000,
      "ocf": 24817000,
      "capex": -1916000,
      "gross_margin": 0.5990321594941287,
      "op_margin": 0.0952187930679671,
      "fcf_margin": 0.14281259938761637,
      "incr_op_margin_yoy": 0.8891842900302115,
      "rev_growth_yoy": -0.049071350633331755,
      "rev_growth_yoy_accel": -0.023624181169935112,
      "op_leverage_ratio": 2.132993867470859,
      "fcf_margin_change": 0.08535438431350725
    },
    {
      "date": "2025-09-30T00:00:00",
      "quarter_label": "2025-09 (Q3)",
      "revenue": 146984000,
      "gross_profit": 90198000,
      "operating_income": 9967000,
      "net_income": null,
      "opex": 80231000,
      "cogs": 56786000,
      "rd": null,
      "sga": 79697000,
      "fcf": 14428000,
      "ocf": 16832000,
      "capex": -2404000,
      "gross_margin": 0.613658629510695,
      "op_margin": 0.06781010177978555,
      "fcf_margin": 0.09816034398301857,
      "incr_op_margin_yoy": 1.0333197334421325,
      "rev_growth_yoy": -0.04764249661455128,
      "rev_growth_yoy_accel": 0.0014288540187804774,
      "fcf_margin_change": -0.0446522554045978
    },
    {
      "date": "2025-12-31T00:00:00",
      "quarter_label": "2025-12 (Q4)",
      "revenue": 149916000,
      "gross_profit": 91271000,
      "operating_income": 14228000,
      "net_income": null,
      "opex": 77043000,
      "cogs": 58645000,
      "rd": null,
      "sga": 77858000,
      "fcf": -4723000,
      "ocf": -1827000,
      "capex": -2896000,
      "gross_margin": 0.6088142693241548,
      "op_margin": 0.09490648096267243,
      "fcf_margin": -0.031504309079751325,
      "incr_op_margin_yoy": 0.5349945533769063,
      "rev_growth_yoy": -0.046699732926363986,
      "rev_growth_yoy_accel": 0.0009427636881872911,
      "op_leverage_ratio": null,
      "fcf_margin_change": -0.1296646530627699
    }
  ],
  "signals": [
    {
      "quarter": "2025-12 (Q4)",
      "signal": "INCREMENTAL MARGIN (YoY)",
      "detail": "YoY Incr OPM: +53.5% vs year-ago OPM: +11.5%",
      "severity": "HIGH"
    },
    {
      "quarter": "2025-09 (Q3)",
      "signal": "INCREMENTAL MARGIN (YoY)",
      "detail": "YoY Incr OPM: +103.3% vs year-ago OPM: +11.4%",
      "severity": "HIGH"
    },
    {
      "quarter": "2025-06 (Q2)",
      "signal": "FCF MARGIN EXPANSION",
      "detail": "FCF margin: +5.7% -> +14.3% (+8.5%)",
      "severity": "MEDIUM"
    },
    {
      "quarter": "2025-06 (Q2)",
      "signal": "OPERATING LEVERAGE",
      "detail": "Rev growth +12.4% vs OpEx growth +5.8% (leverage: 2.1x)",
      "severity": "MEDIUM"
    },
    {
      "quarter": "2025-06 (Q2)",
      "signal": "INCREMENTAL MARGIN (YoY)",
      "detail": "YoY Incr OPM: +88.9% vs year-ago OPM: +13.4%",
      "severity": "HIGH"
    },
    {
      "quarter": "2025-03 (Q1)",
      "signal": "INCREMENTAL MARGIN (YoY)",
      "detail": "YoY Incr OPM: +116.2% vs year-ago OPM: +10.5%",
      "severity": "HIGH"
    },
    {
      "quarter": "2024-12 (Q4)",
      "signal": "OPERATING LEVERAGE",
      "detail": "Rev growth +1.9% vs OpEx growth +0.5% (leverage: 3.8x)",
      "severity": "MEDIUM"
    },
    {
      "quarter": "2024-12 (Q4)",
      "signal": "INCREMENTAL MARGIN (YoY)",
      "detail": "YoY Incr OPM: +35.3% vs year-ago OPM: +13.0%",
      "severity": "HIGH"
    },
    {
      "quarter": "2024-06 (Q2)",
      "signal": "OPERATING LEVERAGE",
      "detail": "Rev growth +15.2% vs OpEx growth +7.2% (leverage: 2.1x)",
      "severity": "MEDIUM"
    },
    {
      "quarter": "2024-06 (Q2)",
      "signal": "YoY REVENUE GROWTH ACCELERATION",
      "detail": "YoY growth: -10.0% vs prior quarter YoY: -21.4% (accel: +11.4%)",
      "severity": "MEDIUM"
    },
    {
      "quarter": "2024-06 (Q2)",
      "signal": "INCREMENTAL MARGIN (YoY)",
      "detail": "YoY Incr OPM: +48.3% vs year-ago OPM: +16.9%",
      "severity": "HIGH"
    },
    {
      "quarter": "2024-03 (Q1)",
      "signal": "FCF MARGIN EXPANSION",
      "detail": "FCF margin: +7.2% -> +14.6% (+7.4%)",
      "severity": "MEDIUM"
    },
    {
      "quarter": "2024-03 (Q1)",
      "signal": "INCREMENTAL MARGIN (YoY)",
      "detail": "YoY Incr OPM: +33.7% vs year-ago OPM: +15.5%",
      "severity": "MEDIUM"
    },
    {
      "quarter": "2023-12 (Q4)",
      "signal": "YoY REVENUE GROWTH ACCELERATION",
      "detail": "YoY growth: -17.7% vs prior quarter YoY: -23.6% (accel: +5.9%)",
      "severity": "MEDIUM"
    },
    {
      "quarter": "2023-12 (Q4)",
      "signal": "INCREMENTAL MARGIN (YoY)",
      "detail": "YoY Incr OPM: +42.9% vs year-ago OPM: +18.2%",
      "severity": "HIGH"
    },
    {
      "quarter": "2023-09 (Q3)",
      "signal": "YoY REVENUE GROWTH DECELERATION",
      "detail": "YoY growth: -23.6% vs prior quarter YoY: -18.4% (decel: -5.2%)",
      "severity": "WARNING"
    },
    {
      "quarter": "2023-09 (Q3)",
      "signal": "INCREMENTAL MARGIN (YoY)",
      "detail": "YoY Incr OPM: +42.1% vs year-ago OPM: +18.5%",
      "severity": "HIGH"
    },
    {
      "quarter": "2023-06 (Q2)",
      "signal": "YoY REVENUE GROWTH DECELERATION",
      "detail": "YoY growth: -18.4% vs prior quarter YoY: -5.7% (decel: -12.7%)",
      "severity": "WARNING"
    },
    {
      "quarter": "2023-03 (Q1)",
      "signal": "FCF TURNED POSITIVE",
      "detail": "FCF margin: -1.4% -> +16.8%",
      "severity": "HIGH"
    },
    {
      "quarter": "2023-03 (Q1)",
      "signal": "INCREMENTAL MARGIN (YoY)",
      "detail": "YoY Incr OPM: +34.1% vs year-ago OPM: +16.5%",
      "severity": "MEDIUM"
    },
    {
      "quarter": "2022-12 (Q4)",
      "signal": "YoY REVENUE GROWTH DECELERATION",
      "detail": "YoY growth: -2.4% vs prior quarter YoY: +17.7% (decel: -20.0%)",
      "severity": "WARNING"
    },
    {
      "quarter": "2022-09 (Q3)",
      "signal": "FCF MARGIN EXPANSION",
      "detail": "FCF margin: +10.9% -> +16.4% (+5.5%)",
      "severity": "MEDIUM"
    },
    {
      "quarter": "2022-09 (Q3)",
      "signal": "GROSS MARGIN INFLECTION",
      "detail": "GM: +60.4% -> +58.2% -> +60.4% (reversal +2.2%)",
      "severity": "MEDIUM"
    },
    {
      "quarter": "2022-09 (Q3)",
      "signal": "YoY REVENUE GROWTH DECELERATION",
      "detail": "YoY growth: +17.7% vs prior quarter YoY: +28.8% (decel: -11.1%)",
      "severity": "WARNING"
    },
    {
      "quarter": "2022-09 (Q3)",
      "signal": "INCREMENTAL MARGIN (YoY)",
      "detail": "YoY Incr OPM: +38.2% vs year-ago OPM: +15.0%",
      "severity": "HIGH"
    },
    {
      "quarter": "2022-06 (Q2)",
      "signal": "OPERATING LEVERAGE",
      "detail": "Rev growth +16.2% vs OpEx growth +5.8% (leverage: 2.8x)",
      "severity": "MEDIUM"
    },
    {
      "quarter": "2022-06 (Q2)",
      "signal": "YoY REVENUE GROWTH ACCELERATION",
      "detail": "YoY growth: +28.8% vs prior quarter YoY: +11.7% (accel: +17.1%)",
      "severity": "HIGH"
    },
    {
      "quarter": "2022-06 (Q2)",
      "signal": "INCREMENTAL MARGIN (YoY)",
      "detail": "YoY Incr OPM: +34.8% vs year-ago OPM: +13.5%",
      "severity": "HIGH"
    },
    {
      "quarter": "2022-03 (Q1)",
      "signal": "INCREMENTAL MARGIN (YoY)",
      "detail": "YoY Incr OPM: +66.0% vs year-ago OPM: +10.7%",
      "severity": "HIGH"
    },
    {
      "quarter": "2021-12 (Q4)",
      "signal": "OPERATING LEVERAGE",
      "detail": "Rev growth +14.1% vs OpEx growth +5.1% (leverage: 2.8x)",
      "severity": "MEDIUM"
    }
  ],
  "data_quality": {
    "n_quarters": 20,
    "coverage": {
      "revenue": [
        20,
        20
      ],
      "gross_profit": [
        20,
        20
      ],
      "op_income": [
        20,
        20
      ],
      "fcf": [
        20,
        20
      ]
    },
    "gaps": [],
    "warnings": []
  },
  "market_cap": null,
  "source": "SEC EDGAR",
  "last_updated": "2026-02-24T11:06:36.561732"
}