{
  "ticker": "ETON",
  "name": "ETON PHARMACEUTICALS, INC.",
  "quarters": [
    {
      "date": "2020-12-31T00:00:00",
      "quarter_label": "2020-12 (Q4)",
      "revenue": 81000,
      "gross_profit": -219000,
      "operating_income": -7420000,
      "net_income": -7687000,
      "opex": 7201000,
      "cogs": 272000,
      "rd": 3401000,
      "sga": null,
      "fcf": -7226000,
      "ocf": -7182000,
      "capex": -44000,
      "gross_margin": -2.7037037037037037,
      "op_margin": -91.60493827160494,
      "fcf_margin": -89.20987654320987
    },
    {
      "date": "2021-03-31T00:00:00",
      "quarter_label": "2021-03 (Q1)",
      "revenue": 11897000,
      "gross_profit": 10307000,
      "operating_income": 5363000,
      "net_income": 5116000,
      "opex": 4944000,
      "cogs": 1590000,
      "rd": 886000,
      "sga": null,
      "fcf": 3715000,
      "ocf": 3715000,
      "capex": null,
      "gross_margin": 0.8663528620660671,
      "op_margin": 0.4507859124148945,
      "fcf_margin": 0.31226359586450364,
      "op_leverage_ratio": Infinity,
      "fcf_margin_change": 89.52214013907438
    },
    {
      "date": "2021-06-30T00:00:00",
      "quarter_label": "2021-06 (Q2)",
      "revenue": 3067000,
      "gross_profit": 2931000,
      "operating_income": -2325000,
      "net_income": -2016000,
      "opex": 5256000,
      "cogs": 136000,
      "rd": 1990000,
      "sga": null,
      "fcf": -369000,
      "ocf": -369000,
      "capex": null,
      "gross_margin": 0.9556569938050212,
      "op_margin": -0.7580697750244538,
      "fcf_margin": -0.12031300945549397,
      "fcf_margin_change": -0.43257660531999764
    },
    {
      "date": "2021-09-30T00:00:00",
      "quarter_label": "2021-09 (Q3)",
      "revenue": 775000,
      "gross_profit": 158000,
      "operating_income": -5847000,
      "net_income": -6094000,
      "opex": 6005000,
      "cogs": 654000,
      "rd": 2678000,
      "sga": null,
      "fcf": -2952000,
      "ocf": -2950000,
      "capex": -2000,
      "gross_margin": 0.20387096774193547,
      "op_margin": -7.544516129032258,
      "fcf_margin": -3.809032258064516,
      "fcf_margin_change": -3.688719248609022
    },
    {
      "date": "2021-12-31T00:00:00",
      "quarter_label": "2021-12 (Q4)",
      "revenue": 6093000,
      "gross_profit": 5813000,
      "operating_income": 1314000,
      "net_income": 1039000,
      "opex": 4499000,
      "cogs": 372000,
      "rd": 681000,
      "sga": null,
      "fcf": -5121000,
      "ocf": -5117000,
      "capex": -4000,
      "gross_margin": 0.954045626128344,
      "op_margin": 0.21565731166912852,
      "fcf_margin": -0.8404726735598228,
      "incr_op_margin_yoy": 1.452761144377911,
      "rev_growth_yoy": 74.22222222222223,
      "op_leverage_ratio": Infinity,
      "fcf_margin_change": 2.9685595845046935
    },
    {
      "date": "2022-03-31T00:00:00",
      "quarter_label": "2022-03 (Q1)",
      "revenue": 2176000,
      "gross_profit": 1458000,
      "operating_income": -5087000,
      "net_income": -5330000,
      "opex": 6545000,
      "cogs": 718000,
      "rd": 1618000,
      "sga": null,
      "fcf": 1208000,
      "ocf": 1223000,
      "capex": -15000,
      "gross_margin": 0.6700367647058824,
      "op_margin": -2.3377757352941178,
      "fcf_margin": 0.5551470588235294,
      "incr_op_margin_yoy": 1.0749922847443678,
      "rev_growth_yoy": -0.8170967470790955,
      "rev_growth_yoy_accel": -75.03931896930132,
      "fcf_margin_change": 1.3956197323833521
    },
    {
      "date": "2022-06-30T00:00:00",
      "quarter_label": "2022-06 (Q2)",
      "revenue": 7358000,
      "gross_profit": 4613000,
      "operating_income": -1340000,
      "net_income": -1558000,
      "opex": 5953000,
      "cogs": 2745000,
      "rd": 690000,
      "sga": null,
      "fcf": 2450000,
      "ocf": 2461000,
      "capex": -11000,
      "gross_margin": 0.6269366675727099,
      "op_margin": -0.18211470508290295,
      "fcf_margin": 0.3329709160097853,
      "incr_op_margin_yoy": 0.22955022139361453,
      "rev_growth_yoy": 1.3990870557548092,
      "rev_growth_yoy_accel": 2.2161838028339047,
      "op_leverage_ratio": Infinity,
      "fcf_margin_change": -0.22217614281374415
    },
    {
      "date": "2022-09-30T00:00:00",
      "quarter_label": "2022-09 (Q3)",
      "revenue": 3219000,
      "gross_profit": 2018000,
      "operating_income": -2895000,
      "net_income": -3045000,
      "opex": 4913000,
      "cogs": 1201000,
      "rd": 744000,
      "sga": null,
      "fcf": -1703000,
      "ocf": -1703000,
      "capex": null,
      "gross_margin": 0.6269027648337994,
      "op_margin": -0.8993476234855545,
      "fcf_margin": -0.5290462876669774,
      "incr_op_margin_yoy": 1.2078559738134207,
      "rev_growth_yoy": 3.153548387096774,
      "rev_growth_yoy_accel": 1.7544613313419648,
      "fcf_margin_change": -0.8620172036767626
    },
    {
      "date": "2022-12-31T00:00:00",
      "quarter_label": "2022-12 (Q4)",
      "revenue": 8498000,
      "gross_profit": 6360000,
      "operating_income": 1062000,
      "net_income": 912000,
      "opex": 5298000,
      "cogs": 2138000,
      "rd": 944000,
      "sga": null,
      "fcf": 2828000,
      "ocf": 2840000,
      "capex": -12000,
      "gross_margin": 0.7484113909155096,
      "op_margin": 0.12497058131325017,
      "fcf_margin": 0.33278418451400327,
      "incr_op_margin_yoy": -0.10478170478170479,
      "rev_growth_yoy": 0.3947152470047596,
      "rev_growth_yoy_accel": -2.7588331400920145,
      "op_leverage_ratio": 20.927469610228233,
      "fcf_margin_change": 0.8618304721809806
    },
    {
      "date": "2023-03-31T00:00:00",
      "quarter_label": "2023-03 (Q1)",
      "revenue": 5304000,
      "gross_profit": 3346000,
      "operating_income": -2534000,
      "net_income": -2660000,
      "opex": 5880000,
      "cogs": 1958000,
      "rd": 535000,
      "sga": null,
      "fcf": -1548000,
      "ocf": -1548000,
      "capex": null,
      "gross_margin": 0.6308446455505279,
      "op_margin": -0.4777526395173454,
      "fcf_margin": -0.2918552036199095,
      "incr_op_margin_yoy": 0.8161764705882353,
      "rev_growth_yoy": 1.4375,
      "rev_growth_yoy_accel": 1.0427847529952405,
      "fcf_margin_change": -0.6246393881339127
    },
    {
      "date": "2023-06-30T00:00:00",
      "quarter_label": "2023-06 (Q2)",
      "revenue": 11997000,
      "gross_profit": 9682000,
      "operating_income": 3883000,
      "net_income": 4559000,
      "opex": 5799000,
      "cogs": 2315000,
      "rd": 1125000,
      "sga": null,
      "fcf": 7103000,
      "ocf": 7103000,
      "capex": null,
      "gross_margin": 0.8070350921063599,
      "op_margin": 0.3236642493956823,
      "fcf_margin": 0.592064682837376,
      "incr_op_margin_yoy": 1.1258892002586764,
      "rev_growth_yoy": 0.6304702364773036,
      "rev_growth_yoy_accel": -0.8070297635226964,
      "op_leverage_ratio": Infinity,
      "fcf_margin_change": 0.8839198864572855
    },
    {
      "date": "2023-09-30T00:00:00",
      "quarter_label": "2023-09 (Q3)",
      "revenue": 7028000,
      "gross_profit": 4403000,
      "operating_income": -548000,
      "net_income": -579000,
      "opex": 4951000,
      "cogs": 2625000,
      "rd": 615000,
      "sga": null,
      "fcf": 873000,
      "ocf": 873000,
      "capex": null,
      "gross_margin": 0.6264940239043825,
      "op_margin": -0.07797381900967558,
      "fcf_margin": 0.12421741605008538,
      "incr_op_margin_yoy": 0.6161722236807561,
      "rev_growth_yoy": 1.183286735010873,
      "rev_growth_yoy_accel": 0.5528164985335693,
      "fcf_margin_change": -0.4678472667872906
    },
    {
      "date": "2023-12-31T00:00:00",
      "quarter_label": "2023-12 (Q4)",
      "revenue": 7313000,
      "gross_profit": 3630000,
      "operating_income": -1993000,
      "net_income": -2256000,
      "opex": 5623000,
      "cogs": 3683000,
      "rd": 1047000,
      "sga": null,
      "fcf": 387000,
      "ocf": 387000,
      "capex": null,
      "gross_margin": 0.49637631614932315,
      "op_margin": -0.27252837412826475,
      "fcf_margin": 0.0529194584985642,
      "incr_op_margin_yoy": 2.5780590717299576,
      "rev_growth_yoy": -0.13944457519416334,
      "rev_growth_yoy_accel": -1.3227313102050362,
      "op_leverage_ratio": 0.2987698440930157,
      "fcf_margin_change": -0.07129795755152118
    },
    {
      "date": "2024-03-31T00:00:00",
      "quarter_label": "2024-03 (Q1)",
      "revenue": 7966000,
      "gross_profit": 5007000,
      "operating_income": -800000,
      "net_income": -811000,
      "opex": 5807000,
      "cogs": 2959000,
      "rd": 651000,
      "sga": null,
      "fcf": -2487000,
      "ocf": -2473000,
      "capex": -14000,
      "gross_margin": 0.6285463218679387,
      "op_margin": -0.10042681395932714,
      "fcf_margin": -0.31220185789605825,
      "incr_op_margin_yoy": 0.6513899323816679,
      "rev_growth_yoy": 0.5018853695324283,
      "rev_growth_yoy_accel": 0.6413299447265917,
      "op_leverage_ratio": 2.7287758845177437,
      "fcf_margin_change": -0.3651213163946225
    },
    {
      "date": "2024-06-30T00:00:00",
      "quarter_label": "2024-06 (Q2)",
      "revenue": 9074000,
      "gross_profit": 5626000,
      "operating_income": -2935000,
      "net_income": -3041000,
      "opex": 8561000,
      "cogs": 3448000,
      "rd": 2970000,
      "sga": null,
      "fcf": 1255000,
      "ocf": 1255000,
      "capex": null,
      "gross_margin": 0.6200132245977518,
      "op_margin": -0.3234516200132246,
      "fcf_margin": 0.13830725148776724,
      "incr_op_margin_yoy": 2.332535066712282,
      "rev_growth_yoy": -0.24364424439443194,
      "rev_growth_yoy_accel": -0.7455296139268603,
      "op_leverage_ratio": 0.2932833095485151,
      "fcf_margin_change": 0.4505091093838255
    },
    {
      "date": "2024-09-30T00:00:00",
      "quarter_label": "2024-09 (Q3)",
      "revenue": 10324000,
      "gross_profit": 6302000,
      "operating_income": 509000,
      "net_income": 627000,
      "opex": 5793000,
      "cogs": 4022000,
      "rd": 505000,
      "sga": null,
      "fcf": 2952000,
      "ocf": 2952000,
      "capex": null,
      "gross_margin": 0.6104223169314219,
      "op_margin": 0.0493025958930647,
      "fcf_margin": 0.2859356838434715,
      "incr_op_margin_yoy": 0.32069174757281554,
      "rev_growth_yoy": 0.46898121798520204,
      "rev_growth_yoy_accel": 0.712625462379634,
      "op_leverage_ratio": Infinity,
      "fcf_margin_change": 0.14762843235570428
    },
    {
      "date": "2024-12-31T00:00:00",
      "quarter_label": "2024-12 (Q4)",
      "revenue": 11647000,
      "gross_profit": 6476000,
      "operating_income": 629000,
      "net_income": -598000,
      "opex": 5847000,
      "cogs": 5171000,
      "rd": -871000,
      "sga": null,
      "fcf": -777000,
      "ocf": -765000,
      "capex": -12000,
      "gross_margin": 0.5560230102172233,
      "op_margin": 0.05400532325920838,
      "fcf_margin": -0.066712458143728,
      "incr_op_margin_yoy": 0.6049838486386709,
      "rev_growth_yoy": 0.5926432380691918,
      "rev_growth_yoy_accel": 0.1236620200839898,
      "op_leverage_ratio": 13.747433165439752,
      "fcf_margin_change": -0.3526481419871995
    },
    {
      "date": "2025-03-31T00:00:00",
      "quarter_label": "2025-03 (Q1)",
      "revenue": 17282000,
      "gross_profit": 9861000,
      "operating_income": -470000,
      "net_income": -1572000,
      "opex": 10331000,
      "cogs": 7421000,
      "rd": 1161000,
      "sga": null,
      "fcf": 2090000,
      "ocf": 2090000,
      "capex": null,
      "gross_margin": 0.5705936812868881,
      "op_margin": -0.027195926397407706,
      "fcf_margin": 0.12093507695868534,
      "incr_op_margin_yoy": 0.035422928295405755,
      "rev_growth_yoy": 1.1694702485563646,
      "rev_growth_yoy_accel": 0.5768270104871728,
      "op_leverage_ratio": 0.6308808354166846,
      "fcf_margin_change": 0.18764753510241333
    },
    {
      "date": "2025-06-30T00:00:00",
      "quarter_label": "2025-06 (Q2)",
      "revenue": 18928000,
      "gross_profit": 11924000,
      "operating_income": -1475000,
      "net_income": -2585000,
      "opex": 13399000,
      "cogs": 7004000,
      "rd": 3712000,
      "sga": null,
      "fcf": 7959000,
      "ocf": 7959000,
      "capex": null,
      "gross_margin": 0.6299661876584953,
      "op_margin": -0.0779268808114962,
      "fcf_margin": 0.42048816568047337,
      "incr_op_margin_yoy": 0.14816318246397403,
      "rev_growth_yoy": 1.0859598853868195,
      "rev_growth_yoy_accel": -0.08351036316954508,
      "op_leverage_ratio": 0.32071763176282625,
      "fcf_margin_change": 0.29955308872178804
    },
    {
      "date": "2025-09-30T00:00:00",
      "quarter_label": "2025-09 (Q3)",
      "revenue": 22459000,
      "gross_profit": 7855000,
      "operating_income": -1363000,
      "net_income": -1927000,
      "opex": 9218000,
      "cogs": 14604000,
      "rd": 1112000,
      "sga": null,
      "fcf": 11742000,
      "ocf": 12026000,
      "capex": -284000,
      "gross_margin": 0.3497484304733069,
      "op_margin": -0.060688365465960195,
      "fcf_margin": 0.5228193597221604,
      "incr_op_margin_yoy": -0.1542645241038319,
      "rev_growth_yoy": 1.1754165052305308,
      "rev_growth_yoy_accel": 0.08945661984371123,
      "op_leverage_ratio": Infinity,
      "fcf_margin_change": 0.10233119404168706
    }
  ],
  "signals": [
    {
      "quarter": "2025-09 (Q3)",
      "signal": "FCF MARGIN EXPANSION",
      "detail": "FCF margin: +42.0% -> +52.3% (+10.2%)",
      "severity": "MEDIUM"
    },
    {
      "quarter": "2025-09 (Q3)",
      "signal": "YoY REVENUE GROWTH ACCELERATION",
      "detail": "YoY growth: +117.5% vs prior quarter YoY: +108.6% (accel: +8.9%)",
      "severity": "MEDIUM"
    },
    {
      "quarter": "2025-06 (Q2)",
      "signal": "FCF MARGIN EXPANSION",
      "detail": "FCF margin: +12.1% -> +42.0% (+30.0%)",
      "severity": "MEDIUM"
    },
    {
      "quarter": "2025-06 (Q2)",
      "signal": "YoY REVENUE GROWTH DECELERATION",
      "detail": "YoY growth: +108.6% vs prior quarter YoY: +116.9% (decel: -8.4%)",
      "severity": "WARNING"
    },
    {
      "quarter": "2025-03 (Q1)",
      "signal": "FCF TURNED POSITIVE",
      "detail": "FCF margin: -6.7% -> +12.1%",
      "severity": "HIGH"
    },
    {
      "quarter": "2025-03 (Q1)",
      "signal": "YoY REVENUE GROWTH ACCELERATION",
      "detail": "YoY growth: +116.9% vs prior quarter YoY: +59.3% (accel: +57.7%)",
      "severity": "HIGH"
    },
    {
      "quarter": "2024-12 (Q4)",
      "signal": "OPERATING LEVERAGE",
      "detail": "Rev growth +12.8% vs OpEx growth +0.9% (leverage: 13.7x)",
      "severity": "MEDIUM"
    },
    {
      "quarter": "2024-12 (Q4)",
      "signal": "YoY REVENUE GROWTH ACCELERATION",
      "detail": "YoY growth: +59.3% vs prior quarter YoY: +46.9% (accel: +12.4%)",
      "severity": "MEDIUM"
    },
    {
      "quarter": "2024-12 (Q4)",
      "signal": "OP MARGIN TURNED POSITIVE (YoY)",
      "detail": "Op margin: -27.3% (year-ago) -> +5.4%",
      "severity": "HIGH"
    },
    {
      "quarter": "2024-09 (Q3)",
      "signal": "FCF MARGIN EXPANSION",
      "detail": "FCF margin: +13.8% -> +28.6% (+14.8%)",
      "severity": "MEDIUM"
    },
    {
      "quarter": "2024-09 (Q3)",
      "signal": "YoY REVENUE GROWTH ACCELERATION",
      "detail": "YoY growth: +46.9% vs prior quarter YoY: -24.4% (accel: +71.3%)",
      "severity": "HIGH"
    },
    {
      "quarter": "2024-09 (Q3)",
      "signal": "OP MARGIN TURNED POSITIVE (YoY)",
      "detail": "Op margin: -7.8% (year-ago) -> +4.9%",
      "severity": "HIGH"
    },
    {
      "quarter": "2024-09 (Q3)",
      "signal": "OP MARGIN TURNED POSITIVE (QoQ)",
      "detail": "Op margin: -32.3% -> +4.9%",
      "severity": "HIGH"
    },
    {
      "quarter": "2024-06 (Q2)",
      "signal": "FCF TURNED POSITIVE",
      "detail": "FCF margin: -31.2% -> +13.8%",
      "severity": "HIGH"
    },
    {
      "quarter": "2024-06 (Q2)",
      "signal": "YoY REVENUE GROWTH DECELERATION",
      "detail": "YoY growth: -24.4% vs prior quarter YoY: +50.2% (decel: -74.6%)",
      "severity": "WARNING"
    },
    {
      "quarter": "2024-03 (Q1)",
      "signal": "OPERATING LEVERAGE",
      "detail": "Rev growth +8.9% vs OpEx growth +3.3% (leverage: 2.7x)",
      "severity": "MEDIUM"
    },
    {
      "quarter": "2024-03 (Q1)",
      "signal": "GROSS MARGIN INFLECTION",
      "detail": "GM: +62.6% -> +49.6% -> +62.9% (reversal +13.2%)",
      "severity": "HIGH"
    },
    {
      "quarter": "2024-03 (Q1)",
      "signal": "YoY REVENUE GROWTH ACCELERATION",
      "detail": "YoY growth: +50.2% vs prior quarter YoY: -13.9% (accel: +64.1%)",
      "severity": "HIGH"
    },
    {
      "quarter": "2023-12 (Q4)",
      "signal": "YoY REVENUE GROWTH DECELERATION",
      "detail": "YoY growth: -13.9% vs prior quarter YoY: +118.3% (decel: -132.3%)",
      "severity": "WARNING"
    },
    {
      "quarter": "2023-09 (Q3)",
      "signal": "YoY REVENUE GROWTH ACCELERATION",
      "detail": "YoY growth: +118.3% vs prior quarter YoY: +63.0% (accel: +55.3%)",
      "severity": "HIGH"
    },
    {
      "quarter": "2023-06 (Q2)",
      "signal": "FCF TURNED POSITIVE",
      "detail": "FCF margin: -29.2% -> +59.2%",
      "severity": "HIGH"
    },
    {
      "quarter": "2023-06 (Q2)",
      "signal": "GROSS MARGIN INFLECTION",
      "detail": "GM: +74.8% -> +63.1% -> +80.7% (reversal +17.6%)",
      "severity": "HIGH"
    },
    {
      "quarter": "2023-06 (Q2)",
      "signal": "YoY REVENUE GROWTH DECELERATION",
      "detail": "YoY growth: +63.0% vs prior quarter YoY: +143.8% (decel: -80.7%)",
      "severity": "WARNING"
    },
    {
      "quarter": "2023-06 (Q2)",
      "signal": "OP MARGIN TURNED POSITIVE (YoY)",
      "detail": "Op margin: -18.2% (year-ago) -> +32.4%",
      "severity": "HIGH"
    },
    {
      "quarter": "2023-06 (Q2)",
      "signal": "OP MARGIN TURNED POSITIVE (QoQ)",
      "detail": "Op margin: -47.8% -> +32.4%",
      "severity": "HIGH"
    },
    {
      "quarter": "2023-03 (Q1)",
      "signal": "YoY REVENUE GROWTH ACCELERATION",
      "detail": "YoY growth: +143.8% vs prior quarter YoY: +39.5% (accel: +104.3%)",
      "severity": "HIGH"
    },
    {
      "quarter": "2022-12 (Q4)",
      "signal": "FCF TURNED POSITIVE",
      "detail": "FCF margin: -52.9% -> +33.3%",
      "severity": "HIGH"
    },
    {
      "quarter": "2022-12 (Q4)",
      "signal": "OPERATING LEVERAGE",
      "detail": "Rev growth +164.0% vs OpEx growth +7.8% (leverage: 20.9x)",
      "severity": "MEDIUM"
    },
    {
      "quarter": "2022-12 (Q4)",
      "signal": "GROSS MARGIN INFLECTION",
      "detail": "GM: +62.7% -> +62.7% -> +74.8% (reversal +12.2%)",
      "severity": "HIGH"
    },
    {
      "quarter": "2022-12 (Q4)",
      "signal": "YoY REVENUE GROWTH DECELERATION",
      "detail": "YoY growth: +39.5% vs prior quarter YoY: +315.4% (decel: -275.9%)",
      "severity": "WARNING"
    },
    {
      "quarter": "2022-12 (Q4)",
      "signal": "OP MARGIN TURNED POSITIVE (QoQ)",
      "detail": "Op margin: -89.9% -> +12.5%",
      "severity": "HIGH"
    },
    {
      "quarter": "2022-09 (Q3)",
      "signal": "YoY REVENUE GROWTH ACCELERATION",
      "detail": "YoY growth: +315.4% vs prior quarter YoY: +139.9% (accel: +175.4%)",
      "severity": "HIGH"
    },
    {
      "quarter": "2022-06 (Q2)",
      "signal": "YoY REVENUE GROWTH ACCELERATION",
      "detail": "YoY growth: +139.9% vs prior quarter YoY: -81.7% (accel: +221.6%)",
      "severity": "HIGH"
    },
    {
      "quarter": "2022-03 (Q1)",
      "signal": "FCF TURNED POSITIVE",
      "detail": "FCF margin: -84.0% -> +55.5%",
      "severity": "HIGH"
    },
    {
      "quarter": "2022-03 (Q1)",
      "signal": "YoY REVENUE GROWTH DECELERATION",
      "detail": "YoY growth: -81.7% vs prior quarter YoY: +7422.2% (decel: -7503.9%)",
      "severity": "WARNING"
    },
    {
      "quarter": "2021-12 (Q4)",
      "signal": "FCF MARGIN EXPANSION",
      "detail": "FCF margin: -380.9% -> -84.0% (+296.9%)",
      "severity": "MEDIUM"
    },
    {
      "quarter": "2021-12 (Q4)",
      "signal": "GROSS MARGIN INFLECTION",
      "detail": "GM: +95.6% -> +20.4% -> +95.4% (reversal +75.0%)",
      "severity": "HIGH"
    },
    {
      "quarter": "2021-12 (Q4)",
      "signal": "OP MARGIN TURNED POSITIVE (YoY)",
      "detail": "Op margin: -9160.5% (year-ago) -> +21.6%",
      "severity": "HIGH"
    },
    {
      "quarter": "2021-12 (Q4)",
      "signal": "OP MARGIN TURNED POSITIVE (QoQ)",
      "detail": "Op margin: -754.5% -> +21.6%",
      "severity": "HIGH"
    },
    {
      "quarter": "2021-03 (Q1)",
      "signal": "FCF TURNED POSITIVE",
      "detail": "FCF margin: -8921.0% -> +31.2%",
      "severity": "HIGH"
    },
    {
      "quarter": "2021-03 (Q1)",
      "signal": "OP MARGIN TURNED POSITIVE (QoQ)",
      "detail": "Op margin: -9160.5% -> +45.1%",
      "severity": "HIGH"
    }
  ],
  "data_quality": {
    "n_quarters": 20,
    "coverage": {
      "revenue": [
        20,
        20
      ],
      "gross_profit": [
        20,
        20
      ],
      "op_income": [
        20,
        20
      ],
      "fcf": [
        20,
        20
      ]
    },
    "gaps": [],
    "warnings": []
  },
  "market_cap": null,
  "source": "SEC EDGAR",
  "last_updated": "2026-02-02T22:34:11.204898"
}