{
  "ticker": "ETSY",
  "name": "ETSY, INC.",
  "sector": "Consumer Cyclical",
  "industry": "Internet Retail",
  "quarters": [
    {
      "date": "2021-03-31T00:00:00",
      "quarter_label": "2021-03 (Q1)",
      "revenue": 550646000,
      "gross_profit": 407729000,
      "operating_income": 150637000,
      "net_income": 143766000,
      "opex": 257092000,
      "cogs": 142917000,
      "rd": 53706000,
      "sga": null,
      "fcf": 147939000,
      "ocf": 148465000,
      "capex": -526000,
      "gross_margin": 0.7404557556034185,
      "op_margin": 0.27356414102708454,
      "fcf_margin": 0.2686644414015538
    },
    {
      "date": "2021-06-30T00:00:00",
      "quarter_label": "2021-06 (Q2)",
      "revenue": 528900000,
      "gross_profit": 379931000,
      "operating_income": 89105000,
      "net_income": 98254000,
      "opex": 290826000,
      "cogs": 148969000,
      "rd": 61753000,
      "sga": null,
      "fcf": 120306000,
      "ocf": 121697000,
      "capex": -1391000,
      "gross_margin": 0.7183418415579504,
      "op_margin": 0.1684723010020798,
      "fcf_margin": 0.2274645490640953,
      "fcf_margin_change": -0.04119989233745852
    },
    {
      "date": "2021-09-30T00:00:00",
      "quarter_label": "2021-09 (Q3)",
      "revenue": 532429000,
      "gross_profit": 378769000,
      "operating_income": 83741000,
      "net_income": 89930000,
      "opex": 295028000,
      "cogs": 153660000,
      "rd": 73521000,
      "sga": null,
      "fcf": 87107000,
      "ocf": 90930000,
      "capex": -3823000,
      "gross_margin": 0.7113981394702392,
      "op_margin": 0.157281064705341,
      "fcf_margin": 0.16360303439519636,
      "fcf_margin_change": -0.06386151466889894
    },
    {
      "date": "2021-12-31T00:00:00",
      "quarter_label": "2021-12 (Q4)",
      "revenue": 717139000,
      "gross_profit": 508173000,
      "operating_income": 142249000,
      "net_income": 161557000,
      "opex": 365924000,
      "cogs": 208966000,
      "rd": 82555000,
      "sga": null,
      "fcf": 284951000,
      "ocf": 290459000,
      "capex": -5508000,
      "gross_margin": 0.7086115801818058,
      "op_margin": 0.19835624613917247,
      "fcf_margin": 0.3973441689825822,
      "op_leverage_ratio": 1.4436775682665364,
      "fcf_margin_change": 0.23374113458738582
    },
    {
      "date": "2022-03-31T00:00:00",
      "quarter_label": "2022-03 (Q1)",
      "revenue": 579266000,
      "gross_profit": 406271000,
      "operating_income": 84315000,
      "net_income": 86109000,
      "opex": 321956000,
      "cogs": 172995000,
      "rd": 89476000,
      "sga": null,
      "fcf": 56332000,
      "ocf": 59544000,
      "capex": -3212000,
      "gross_margin": 0.701354817993806,
      "op_margin": 0.14555489188041418,
      "fcf_margin": 0.09724720594683617,
      "incr_op_margin_yoy": -2.317330538085255,
      "rev_growth_yoy": 0.05197531626489614,
      "fcf_margin_change": -0.300096963035746
    },
    {
      "date": "2022-06-30T00:00:00",
      "quarter_label": "2022-06 (Q2)",
      "revenue": 585135000,
      "gross_profit": 413714000,
      "operating_income": 72561000,
      "net_income": 73123000,
      "opex": 341153000,
      "cogs": 171421000,
      "rd": 102095000,
      "sga": null,
      "fcf": 123333000,
      "ocf": 125754000,
      "capex": -2421000,
      "gross_margin": 0.7070402556674955,
      "op_margin": 0.12400728037119639,
      "fcf_margin": 0.21077700017944576,
      "incr_op_margin_yoy": -0.2941940072908331,
      "rev_growth_yoy": 0.10632444696539989,
      "rev_growth_yoy_accel": 0.05434913070050375,
      "op_leverage_ratio": 0.1699218506203832,
      "fcf_margin_change": 0.11352979423260959
    },
    {
      "date": "2022-09-30T00:00:00",
      "quarter_label": "2022-09 (Q3)",
      "revenue": 594469000,
      "gross_profit": 420068000,
      "operating_income": -954780000,
      "net_income": -963068000,
      "opex": 1374848000,
      "cogs": 174401000,
      "rd": 108040000,
      "sga": null,
      "fcf": 203846000,
      "ocf": 206564000,
      "capex": -2718000,
      "gross_margin": 0.7066272589487425,
      "op_margin": -1.606105616945543,
      "fcf_margin": 0.3429043398394197,
      "incr_op_margin_yoy": -16.739539007092198,
      "rev_growth_yoy": 0.1165225785973341,
      "rev_growth_yoy_accel": 0.010198131631934212,
      "op_leverage_ratio": 0.00526463782006845,
      "fcf_margin_change": 0.13212733965997395
    },
    {
      "date": "2022-12-31T00:00:00",
      "quarter_label": "2022-12 (Q4)",
      "revenue": 807241000,
      "gross_profit": 581466000,
      "operating_income": 139344000,
      "net_income": 109548000,
      "opex": 442122000,
      "cogs": 225775000,
      "rd": 112787000,
      "sga": null,
      "fcf": 289864000,
      "ocf": 291750000,
      "capex": -1886000,
      "gross_margin": 0.720312769049144,
      "op_margin": 0.17261759499331675,
      "fcf_margin": 0.35907987825197185,
      "incr_op_margin_yoy": -0.032241237708374955,
      "rev_growth_yoy": 0.125640914801733,
      "rev_growth_yoy_accel": 0.009118336204398905,
      "op_leverage_ratio": null,
      "fcf_margin_change": 0.01617553841255215
    },
    {
      "date": "2023-03-31T00:00:00",
      "quarter_label": "2023-03 (Q1)",
      "revenue": 640877000,
      "gross_profit": 445424000,
      "operating_income": 78199000,
      "net_income": 74537000,
      "opex": 367225000,
      "cogs": 195453000,
      "rd": 115924000,
      "sga": null,
      "fcf": 53382000,
      "ocf": 55631000,
      "capex": -2249000,
      "gross_margin": 0.6950226018409149,
      "op_margin": 0.12201873370397127,
      "fcf_margin": 0.08329523449897562,
      "incr_op_margin_yoy": -0.09926798785931083,
      "rev_growth_yoy": 0.10636046306878015,
      "rev_growth_yoy_accel": -0.019280451732952855,
      "fcf_margin_change": -0.2757846437529962
    },
    {
      "date": "2023-06-30T00:00:00",
      "quarter_label": "2023-06 (Q2)",
      "revenue": 628876000,
      "gross_profit": 440238000,
      "operating_income": -2372000,
      "net_income": 61915000,
      "opex": 442610000,
      "cogs": 188638000,
      "rd": 121988000,
      "sga": null,
      "fcf": 134668000,
      "ocf": 136271000,
      "capex": -1603000,
      "gross_margin": 0.7000394354371927,
      "op_margin": -0.0037718087508507242,
      "fcf_margin": 0.21414078451077795,
      "incr_op_margin_yoy": -1.713106696234654,
      "rev_growth_yoy": 0.07475368931955874,
      "rev_growth_yoy_accel": -0.03160677374922141,
      "fcf_margin_change": 0.13084555001180231
    },
    {
      "date": "2023-09-30T00:00:00",
      "quarter_label": "2023-09 (Q3)",
      "revenue": 636302000,
      "gross_profit": 447475000,
      "operating_income": 88556000,
      "net_income": 87850000,
      "opex": 358919000,
      "cogs": 188827000,
      "rd": 113932000,
      "sga": null,
      "fcf": 214606000,
      "ocf": 218506000,
      "capex": -3900000,
      "gross_margin": 0.7032431141187675,
      "op_margin": 0.1391729084617053,
      "fcf_margin": 0.3372706670731822,
      "incr_op_margin_yoy": 24.940501517940383,
      "rev_growth_yoy": 0.07037036414009813,
      "rev_growth_yoy_accel": -0.0043833251794606065,
      "op_leverage_ratio": null,
      "fcf_margin_change": 0.12312988256240426
    },
    {
      "date": "2023-12-31T00:00:00",
      "quarter_label": "2023-12 (Q4)",
      "revenue": 842322000,
      "gross_profit": 586565000,
      "operating_income": 115458000,
      "net_income": 83266000,
      "opex": 471107000,
      "cogs": 255757000,
      "rd": 117488000,
      "sga": null,
      "fcf": 289907000,
      "ocf": 295105000,
      "capex": -5198000,
      "gross_margin": 0.6963667101179833,
      "op_margin": 0.13707109632658296,
      "fcf_margin": 0.3441759802070942,
      "incr_op_margin_yoy": -0.6808813887859525,
      "rev_growth_yoy": 0.04345790166753175,
      "rev_growth_yoy_accel": -0.02691246247256638,
      "op_leverage_ratio": 1.0358482526604267,
      "fcf_margin_change": 0.006905313133912017
    },
    {
      "date": "2024-03-31T00:00:00",
      "quarter_label": "2024-03 (Q1)",
      "revenue": 645954000,
      "gross_profit": 458821000,
      "operating_income": 68090000,
      "net_income": 63004000,
      "opex": 390731000,
      "cogs": 187133000,
      "rd": 109846000,
      "sga": null,
      "fcf": 66776000,
      "ocf": 69033000,
      "capex": -2257000,
      "gross_margin": 0.710299804630051,
      "op_margin": 0.10540998275418993,
      "fcf_margin": 0.1033757821764398,
      "incr_op_margin_yoy": -1.9911364979318495,
      "rev_growth_yoy": 0.00792195694337603,
      "rev_growth_yoy_accel": -0.03553594472415572,
      "fcf_margin_change": -0.24080019803065442
    },
    {
      "date": "2024-06-30T00:00:00",
      "quarter_label": "2024-06 (Q2)",
      "revenue": 647806000,
      "gross_profit": 463716000,
      "operating_income": 70169000,
      "net_income": 53005000,
      "opex": 393547000,
      "cogs": 184090000,
      "rd": 114493000,
      "sga": null,
      "fcf": 147410000,
      "ocf": 151061000,
      "capex": -3651000,
      "gross_margin": 0.7158254168686304,
      "op_margin": 0.10831792234094775,
      "fcf_margin": 0.2275526932445825,
      "incr_op_margin_yoy": 3.832065504490227,
      "rev_growth_yoy": 0.03010132363136771,
      "rev_growth_yoy_accel": 0.022179366687991683,
      "fcf_margin_change": 0.12417691106814269
    },
    {
      "date": "2024-09-30T00:00:00",
      "quarter_label": "2024-09 (Q3)",
      "revenue": 662410000,
      "gross_profit": 476770000,
      "operating_income": 86817000,
      "net_income": 57366000,
      "opex": 389953000,
      "cogs": 185640000,
      "rd": 107251000,
      "sga": null,
      "fcf": 213150000,
      "ocf": 217416000,
      "capex": -4266000,
      "gross_margin": 0.7197506076297158,
      "op_margin": 0.1310623329961806,
      "fcf_margin": 0.32177956250660467,
      "incr_op_margin_yoy": -0.06660793626474644,
      "rev_growth_yoy": 0.041030831271943194,
      "rev_growth_yoy_accel": 0.010929507640575483,
      "op_leverage_ratio": null,
      "fcf_margin_change": 0.09422686926202217
    },
    {
      "date": "2024-12-31T00:00:00",
      "quarter_label": "2024-12 (Q4)",
      "revenue": 852162000,
      "gross_profit": 634471000,
      "operating_income": 155132000,
      "net_income": 129906000,
      "opex": 479339000,
      "cogs": 217691000,
      "rd": 111466000,
      "sga": null,
      "fcf": 310925000,
      "ocf": 314959000,
      "capex": -4034000,
      "gross_margin": 0.7445427043214787,
      "op_margin": 0.18204519797878807,
      "fcf_margin": 0.3648660700664897,
      "incr_op_margin_yoy": 4.031910569105691,
      "rev_growth_yoy": 0.011681993346962325,
      "rev_growth_yoy_accel": -0.02934883792498087,
      "op_leverage_ratio": 1.249689856222032,
      "fcf_margin_change": 0.04308650755988502
    },
    {
      "date": "2025-03-31T00:00:00",
      "quarter_label": "2025-03 (Q1)",
      "revenue": 651176000,
      "gross_profit": 459115000,
      "operating_income": -22327000,
      "net_income": -52096000,
      "opex": 481442000,
      "cogs": 192061000,
      "rd": 110510000,
      "sga": null,
      "fcf": 45935000,
      "ocf": 49183000,
      "capex": -3248000,
      "gross_margin": 0.7050551617381476,
      "op_margin": -0.03428719731685443,
      "fcf_margin": 0.07054160472744696,
      "incr_op_margin_yoy": -17.31463040980467,
      "rev_growth_yoy": 0.008084166984026727,
      "rev_growth_yoy_accel": -0.0035978263629355984,
      "fcf_margin_change": -0.2943244653390427
    },
    {
      "date": "2025-06-30T00:00:00",
      "quarter_label": "2025-06 (Q2)",
      "revenue": 672663000,
      "gross_profit": 479115000,
      "operating_income": 76429000,
      "net_income": 28840000,
      "opex": 402686000,
      "cogs": 193548000,
      "rd": 111861000,
      "sga": null,
      "fcf": 101273000,
      "ocf": 108137000,
      "capex": -6864000,
      "gross_margin": 0.7122660232538434,
      "op_margin": 0.11362153113817766,
      "fcf_margin": 0.1505553300835634,
      "incr_op_margin_yoy": 0.2518405278191254,
      "rev_growth_yoy": 0.038371055532057434,
      "rev_growth_yoy_accel": 0.03028688854803071,
      "op_leverage_ratio": null,
      "fcf_margin_change": 0.08001372535611644
    },
    {
      "date": "2025-09-30T00:00:00",
      "quarter_label": "2025-09 (Q3)",
      "revenue": 678026000,
      "gross_profit": 483381000,
      "operating_income": 82711000,
      "net_income": 75503000,
      "opex": 400670000,
      "cogs": 194645000,
      "rd": 113379000,
      "sga": null,
      "fcf": 214962000,
      "ocf": 218970000,
      "capex": -4008000,
      "gross_margin": 0.7129239881656456,
      "op_margin": 0.12198794736485032,
      "fcf_margin": 0.3170409394330011,
      "incr_op_margin_yoy": -0.2629354508196721,
      "rev_growth_yoy": 0.023574523331471444,
      "rev_growth_yoy_accel": -0.01479653220058599,
      "fcf_margin_change": 0.1664856093494377
    },
    {
      "date": "2025-12-31T00:00:00",
      "quarter_label": "2025-12 (Q4)",
      "revenue": 881636000,
      "gross_profit": 644090000,
      "operating_income": 129397000,
      "net_income": 110735000,
      "opex": 514693000,
      "cogs": 237546000,
      "rd": 114442000,
      "sga": null,
      "fcf": 315858000,
      "ocf": 317124000,
      "capex": -1266000,
      "gross_margin": 0.7305622728654456,
      "op_margin": 0.14676918819104484,
      "fcf_margin": 0.358263501036709,
      "incr_op_margin_yoy": -0.8731424306168148,
      "rev_growth_yoy": 0.03458732025131372,
      "rev_growth_yoy_accel": 0.011012796919842274,
      "op_leverage_ratio": 1.055229973491751,
      "fcf_margin_change": 0.04122256160370791
    }
  ],
  "signals": [
    {
      "quarter": "2025-09 (Q3)",
      "signal": "FCF MARGIN EXPANSION",
      "detail": "FCF margin: +15.1% -> +31.7% (+16.6%)",
      "severity": "MEDIUM"
    },
    {
      "quarter": "2025-06 (Q2)",
      "signal": "FCF MARGIN EXPANSION",
      "detail": "FCF margin: +7.1% -> +15.1% (+8.0%)",
      "severity": "MEDIUM"
    },
    {
      "quarter": "2025-06 (Q2)",
      "signal": "INCREMENTAL MARGIN (YoY)",
      "detail": "YoY Incr OPM: +25.2% vs year-ago OPM: +10.8%",
      "severity": "MEDIUM"
    },
    {
      "quarter": "2025-06 (Q2)",
      "signal": "OP MARGIN TURNED POSITIVE (QoQ)",
      "detail": "Op margin: -3.4% -> +11.4%",
      "severity": "HIGH"
    },
    {
      "quarter": "2024-12 (Q4)",
      "signal": "INCREMENTAL MARGIN (YoY)",
      "detail": "YoY Incr OPM: +403.2% vs year-ago OPM: +13.7%",
      "severity": "HIGH"
    },
    {
      "quarter": "2024-09 (Q3)",
      "signal": "FCF MARGIN EXPANSION",
      "detail": "FCF margin: +22.8% -> +32.2% (+9.4%)",
      "severity": "MEDIUM"
    },
    {
      "quarter": "2024-06 (Q2)",
      "signal": "FCF MARGIN EXPANSION",
      "detail": "FCF margin: +10.3% -> +22.8% (+12.4%)",
      "severity": "MEDIUM"
    },
    {
      "quarter": "2024-06 (Q2)",
      "signal": "OP MARGIN TURNED POSITIVE (YoY)",
      "detail": "Op margin: -0.4% (year-ago) -> +10.8%",
      "severity": "HIGH"
    },
    {
      "quarter": "2023-09 (Q3)",
      "signal": "FCF MARGIN EXPANSION",
      "detail": "FCF margin: +21.4% -> +33.7% (+12.3%)",
      "severity": "MEDIUM"
    },
    {
      "quarter": "2023-09 (Q3)",
      "signal": "OP MARGIN TURNED POSITIVE (YoY)",
      "detail": "Op margin: -160.6% (year-ago) -> +13.9%",
      "severity": "HIGH"
    },
    {
      "quarter": "2023-09 (Q3)",
      "signal": "OP MARGIN TURNED POSITIVE (QoQ)",
      "detail": "Op margin: -0.4% -> +13.9%",
      "severity": "HIGH"
    },
    {
      "quarter": "2023-06 (Q2)",
      "signal": "FCF MARGIN EXPANSION",
      "detail": "FCF margin: +8.3% -> +21.4% (+13.1%)",
      "severity": "MEDIUM"
    },
    {
      "quarter": "2022-12 (Q4)",
      "signal": "OP MARGIN TURNED POSITIVE (QoQ)",
      "detail": "Op margin: -160.6% -> +17.3%",
      "severity": "HIGH"
    },
    {
      "quarter": "2022-09 (Q3)",
      "signal": "FCF MARGIN EXPANSION",
      "detail": "FCF margin: +21.1% -> +34.3% (+13.2%)",
      "severity": "MEDIUM"
    },
    {
      "quarter": "2022-06 (Q2)",
      "signal": "FCF MARGIN EXPANSION",
      "detail": "FCF margin: +9.7% -> +21.1% (+11.4%)",
      "severity": "MEDIUM"
    },
    {
      "quarter": "2022-06 (Q2)",
      "signal": "YoY REVENUE GROWTH ACCELERATION",
      "detail": "YoY growth: +10.6% vs prior quarter YoY: +5.2% (accel: +5.4%)",
      "severity": "MEDIUM"
    },
    {
      "quarter": "2021-12 (Q4)",
      "signal": "FCF MARGIN EXPANSION",
      "detail": "FCF margin: +16.4% -> +39.7% (+23.4%)",
      "severity": "MEDIUM"
    }
  ],
  "data_quality": {
    "n_quarters": 20,
    "coverage": {
      "revenue": [
        20,
        20
      ],
      "gross_profit": [
        20,
        20
      ],
      "op_income": [
        20,
        20
      ],
      "fcf": [
        20,
        20
      ]
    },
    "gaps": [],
    "warnings": []
  },
  "market_cap": null,
  "source": "SEC EDGAR",
  "last_updated": "2026-02-24T10:22:29.497163"
}