{
  "ticker": "EVCM",
  "name": "EverCommerce Inc.",
  "quarters": [
    {
      "date": "2020-12-31T00:00:00",
      "quarter_label": "2020-12 (Q4)",
      "revenue": 92004000,
      "gross_profit": 63356000,
      "operating_income": -10913000,
      "net_income": -20923000,
      "opex": 102917000,
      "cogs": 28648000,
      "rd": 8104000,
      "sga": null,
      "fcf": 25266000,
      "ocf": 25470000,
      "capex": -204000,
      "gross_margin": 0.688622233815921,
      "op_margin": -0.11861440806921439,
      "fcf_margin": 0.27461849484805007
    },
    {
      "date": "2021-03-31T00:00:00",
      "quarter_label": "2021-03 (Q1)",
      "revenue": 104906000,
      "gross_profit": 69232000,
      "operating_income": -6573000,
      "net_income": -15995000,
      "opex": 111479000,
      "cogs": 35674000,
      "rd": 10325000,
      "sga": null,
      "fcf": -5662000,
      "ocf": -5400000,
      "capex": -262000,
      "gross_margin": 0.6599431872342859,
      "op_margin": -0.06265609212056508,
      "fcf_margin": -0.05397212742836444,
      "op_leverage_ratio": 1.6856298870484703,
      "fcf_margin_change": -0.3285906222764145
    },
    {
      "date": "2021-06-30T00:00:00",
      "quarter_label": "2021-06 (Q2)",
      "revenue": 121050000,
      "gross_profit": 80194000,
      "operating_income": -10802000,
      "net_income": -24334000,
      "opex": 131852000,
      "cogs": 40856000,
      "rd": 12047000,
      "sga": null,
      "fcf": 8358000,
      "ocf": 9232000,
      "capex": -874000,
      "gross_margin": 0.6624865757951259,
      "op_margin": -0.08923585295332508,
      "fcf_margin": 0.0690458488228005,
      "op_leverage_ratio": 0.8420713665731311,
      "fcf_margin_change": 0.12301797625116495
    },
    {
      "date": "2021-09-30T00:00:00",
      "quarter_label": "2021-09 (Q3)",
      "revenue": 128534000,
      "gross_profit": 85576000,
      "operating_income": -4066000,
      "net_income": -36906000,
      "opex": 132600000,
      "cogs": 42958000,
      "rd": 12711000,
      "sga": null,
      "fcf": 9045000,
      "ocf": 9841000,
      "capex": -796000,
      "gross_margin": 0.6657849285014081,
      "op_margin": -0.03163365335242037,
      "fcf_margin": 0.07037048563026126,
      "op_leverage_ratio": 10.898183320190755,
      "fcf_margin_change": 0.001324636807460755
    },
    {
      "date": "2021-12-31T00:00:00",
      "quarter_label": "2021-12 (Q4)",
      "revenue": 135649000,
      "gross_profit": 92907000,
      "operating_income": -5751000,
      "net_income": -4731000,
      "opex": 141400000,
      "cogs": 42742000,
      "rd": 14423000,
      "sga": null,
      "fcf": 22638000,
      "ocf": 23809000,
      "capex": -1171000,
      "gross_margin": 0.6849073712301602,
      "op_margin": -0.042396184269696054,
      "fcf_margin": 0.16688659702614836,
      "incr_op_margin_yoy": 0.11827242524916944,
      "rev_growth_yoy": 0.4743815486283205,
      "op_leverage_ratio": 0.8340992549548263,
      "fcf_margin_change": 0.0965161113958871
    },
    {
      "date": "2022-03-31T00:00:00",
      "quarter_label": "2022-03 (Q1)",
      "revenue": 143576000,
      "gross_profit": 92831000,
      "operating_income": -13568000,
      "net_income": -13309000,
      "opex": 157144000,
      "cogs": 50745000,
      "rd": 17637000,
      "sga": null,
      "fcf": 11965000,
      "ocf": 12854000,
      "capex": -889000,
      "gross_margin": 0.6465634925057112,
      "op_margin": -0.09450047361676046,
      "fcf_margin": 0.0833356549841199,
      "incr_op_margin_yoy": -0.1808895784846134,
      "rev_growth_yoy": 0.36861571311459784,
      "rev_growth_yoy_accel": -0.10576583551372265,
      "op_leverage_ratio": 0.5248395930326398,
      "fcf_margin_change": -0.08355094204202845
    },
    {
      "date": "2022-06-30T00:00:00",
      "quarter_label": "2022-06 (Q2)",
      "revenue": 157246000,
      "gross_profit": 102143000,
      "operating_income": -6104000,
      "net_income": -12881000,
      "opex": 163350000,
      "cogs": 55103000,
      "rd": 17423000,
      "sga": null,
      "fcf": 10472000,
      "ocf": 11148000,
      "capex": -676000,
      "gross_margin": 0.6495745519758849,
      "op_margin": -0.0388181575365987,
      "fcf_margin": 0.06659628861783448,
      "incr_op_margin_yoy": 0.12979334733119682,
      "rev_growth_yoy": 0.29901693515076416,
      "rev_growth_yoy_accel": -0.06959877796383368,
      "op_leverage_ratio": 2.4108639178764286,
      "fcf_margin_change": -0.016739366366285424
    },
    {
      "date": "2022-09-30T00:00:00",
      "quarter_label": "2022-09 (Q3)",
      "revenue": 158126000,
      "gross_profit": 100471000,
      "operating_income": -7254000,
      "net_income": -15853000,
      "opex": 165380000,
      "cogs": 57655000,
      "rd": 18508000,
      "sga": null,
      "fcf": 13020000,
      "ocf": 13610000,
      "capex": -590000,
      "gross_margin": 0.6353857050706399,
      "op_margin": -0.045874808696861995,
      "fcf_margin": 0.08233940022513692,
      "incr_op_margin_yoy": -0.10773181941065153,
      "rev_growth_yoy": 0.2302270216440786,
      "rev_growth_yoy_accel": -0.06878991350668556,
      "fcf_margin_change": 0.015743111607302435
    },
    {
      "date": "2022-12-31T00:00:00",
      "quarter_label": "2022-12 (Q4)",
      "revenue": 161798000,
      "gross_profit": 107926000,
      "operating_income": -3668000,
      "net_income": -17773000,
      "opex": 165466000,
      "cogs": 53872000,
      "rd": 18054000,
      "sga": null,
      "fcf": 26779000,
      "ocf": 27190000,
      "capex": -411000,
      "gross_margin": 0.6670416197975253,
      "op_margin": -0.022670243142684086,
      "fcf_margin": 0.16550884436148777,
      "incr_op_margin_yoy": 0.07965887796856476,
      "rev_growth_yoy": 0.19276957441632447,
      "rev_growth_yoy_accel": -0.037457447227754126,
      "op_leverage_ratio": Infinity,
      "fcf_margin_change": 0.08316944413635086
    },
    {
      "date": "2023-03-31T00:00:00",
      "quarter_label": "2023-03 (Q1)",
      "revenue": 161136000,
      "gross_profit": 105190000,
      "operating_income": -5288000,
      "net_income": -20775000,
      "opex": 166424000,
      "cogs": 55946000,
      "rd": 18703000,
      "sga": null,
      "fcf": 12224000,
      "ocf": 12700000,
      "capex": -476000,
      "gross_margin": 0.652802601529143,
      "op_margin": -0.03281699930493496,
      "fcf_margin": 0.07586138417237613,
      "incr_op_margin_yoy": 0.4715261958997722,
      "rev_growth_yoy": 0.1223045634367861,
      "rev_growth_yoy_accel": -0.07046501097953838,
      "fcf_margin_change": -0.08964746018911164
    },
    {
      "date": "2023-06-30T00:00:00",
      "quarter_label": "2023-06 (Q2)",
      "revenue": 170052000,
      "gross_profit": 111867000,
      "operating_income": 1782000,
      "net_income": -896000,
      "opex": 168270000,
      "cogs": 58185000,
      "rd": 18331000,
      "sga": null,
      "fcf": 27721000,
      "ocf": 28446000,
      "capex": -725000,
      "gross_margin": 0.6578399548373439,
      "op_margin": 0.010479147554865571,
      "fcf_margin": 0.16301484251875897,
      "incr_op_margin_yoy": 0.6158050913634234,
      "rev_growth_yoy": 0.08143927349503326,
      "rev_growth_yoy_accel": -0.04086528994175284,
      "op_leverage_ratio": 4.988405398593066,
      "fcf_margin_change": 0.08715345834638284
    },
    {
      "date": "2023-09-30T00:00:00",
      "quarter_label": "2023-09 (Q3)",
      "revenue": 174741000,
      "gross_profit": 113270000,
      "operating_income": 6293000,
      "net_income": -614000,
      "opex": 168448000,
      "cogs": 61471000,
      "rd": 19318000,
      "sga": null,
      "fcf": 26502000,
      "ocf": 27441000,
      "capex": -939000,
      "gross_margin": 0.6482165032820002,
      "op_margin": 0.036013299683531626,
      "fcf_margin": 0.15166446340584064,
      "incr_op_margin_yoy": 0.8153475774902197,
      "rev_growth_yoy": 0.10507443431187787,
      "rev_growth_yoy_accel": 0.023635160816844608,
      "op_leverage_ratio": 26.066647624242893,
      "fcf_margin_change": -0.011350379112918335
    },
    {
      "date": "2023-12-31T00:00:00",
      "quarter_label": "2023-12 (Q4)",
      "revenue": 169440000,
      "gross_profit": 114035000,
      "operating_income": -361000,
      "net_income": -23335000,
      "opex": 169801000,
      "cogs": 55405000,
      "rd": 19262000,
      "sga": null,
      "fcf": 35121000,
      "ocf": 36018000,
      "capex": -897000,
      "gross_margin": 0.6730110953729934,
      "op_margin": -0.002130547686496695,
      "fcf_margin": 0.20727691218130312,
      "incr_op_margin_yoy": 0.43274012038733317,
      "rev_growth_yoy": 0.047231733395962865,
      "rev_growth_yoy_accel": -0.057842700915915,
      "fcf_margin_change": 0.05561244877546248
    },
    {
      "date": "2024-03-31T00:00:00",
      "quarter_label": "2024-03 (Q1)",
      "revenue": 170113000,
      "gross_profit": 113320000,
      "operating_income": -4610000,
      "net_income": -16324000,
      "opex": 174723000,
      "cogs": 56793000,
      "rd": 20200000,
      "sga": null,
      "fcf": 12895000,
      "ocf": 13297000,
      "capex": -402000,
      "gross_margin": 0.6661454444986568,
      "op_margin": -0.02709963377284511,
      "fcf_margin": 0.07580255477241599,
      "incr_op_margin_yoy": 0.07552634510415507,
      "rev_growth_yoy": 0.05571070400158872,
      "rev_growth_yoy_accel": 0.008478970605625857,
      "fcf_margin_change": -0.13147435740888713
    },
    {
      "date": "2024-06-30T00:00:00",
      "quarter_label": "2024-06 (Q2)",
      "revenue": 177393000,
      "gross_profit": 116046000,
      "operating_income": 6879000,
      "net_income": -3376000,
      "opex": 170514000,
      "cogs": 61347000,
      "rd": 20164000,
      "sga": null,
      "fcf": 23285000,
      "ocf": 23919000,
      "capex": -634000,
      "gross_margin": 0.6541746292131031,
      "op_margin": 0.038778305795606365,
      "fcf_margin": 0.13126222567970552,
      "incr_op_margin_yoy": 0.6943195749897834,
      "rev_growth_yoy": 0.04316914826053207,
      "rev_growth_yoy_accel": -0.01254155574105665,
      "op_leverage_ratio": Infinity,
      "fcf_margin_change": 0.05545967090728954
    },
    {
      "date": "2024-09-30T00:00:00",
      "quarter_label": "2024-09 (Q3)",
      "revenue": 176260000,
      "gross_profit": 116985000,
      "operating_income": 9917000,
      "net_income": -9156000,
      "opex": 166343000,
      "cogs": 59275000,
      "rd": 20100000,
      "sga": null,
      "fcf": 27362000,
      "ocf": 27534000,
      "capex": -172000,
      "gross_margin": 0.6637070237149665,
      "op_margin": 0.056263474412799275,
      "fcf_margin": 0.15523658232157042,
      "incr_op_margin_yoy": 2.3857801184990124,
      "rev_growth_yoy": 0.008692865440852461,
      "rev_growth_yoy_accel": -0.03447628281967961,
      "fcf_margin_change": 0.023974356641864897
    },
    {
      "date": "2024-12-31T00:00:00",
      "quarter_label": "2024-12 (Q4)",
      "revenue": 174999000,
      "gross_profit": 124035000,
      "operating_income": -11934000,
      "net_income": -12233000,
      "opex": 186933000,
      "cogs": 50964000,
      "rd": 19209000,
      "sga": null,
      "fcf": 48159000,
      "ocf": 48413000,
      "capex": -254000,
      "gross_margin": 0.7087754787170213,
      "op_margin": -0.06819467539814514,
      "fcf_margin": 0.27519585826204723,
      "incr_op_margin_yoy": -2.081849253462853,
      "rev_growth_yoy": 0.03280807365439094,
      "rev_growth_yoy_accel": 0.024115208213538478,
      "fcf_margin_change": 0.11995927594047681
    },
    {
      "date": "2025-03-31T00:00:00",
      "quarter_label": "2025-03 (Q1)",
      "revenue": 142273000,
      "gross_profit": 111085000,
      "operating_income": 14205000,
      "net_income": -7713000,
      "opex": 128068000,
      "cogs": 31188000,
      "rd": 19963000,
      "sga": null,
      "fcf": 30185000,
      "ocf": 30678000,
      "capex": -493000,
      "gross_margin": 0.7807876406626697,
      "op_margin": 0.0998432590864043,
      "fcf_margin": 0.21216253259578416,
      "incr_op_margin_yoy": -0.6758261494252874,
      "rev_growth_yoy": -0.16365592282776742,
      "rev_growth_yoy_accel": -0.19646399648215834,
      "fcf_margin_change": -0.06303332566626307
    },
    {
      "date": "2025-06-30T00:00:00",
      "quarter_label": "2025-06 (Q2)",
      "revenue": 148015000,
      "gross_profit": 114620000,
      "operating_income": 15802000,
      "net_income": 8153000,
      "opex": 132213000,
      "cogs": 33395000,
      "rd": 19497000,
      "sga": null,
      "fcf": 26482000,
      "ocf": 26981000,
      "capex": -499000,
      "gross_margin": 0.7743809749011924,
      "op_margin": 0.1067594500557376,
      "fcf_margin": 0.17891429922642976,
      "incr_op_margin_yoy": -0.3037306828238818,
      "rev_growth_yoy": -0.16560969147598834,
      "rev_growth_yoy_accel": -0.001953768648220916,
      "op_leverage_ratio": 1.2469722572559387,
      "fcf_margin_change": -0.033248233369354396
    },
    {
      "date": "2025-09-30T00:00:00",
      "quarter_label": "2025-09 (Q3)",
      "revenue": 147466000,
      "gross_profit": 113991000,
      "operating_income": 15953000,
      "net_income": 11116000,
      "opex": 131513000,
      "cogs": 33475000,
      "rd": 19387000,
      "sga": null,
      "fcf": 31583000,
      "ocf": 32524000,
      "capex": -941000,
      "gross_margin": 0.7729985216931361,
      "op_margin": 0.10818086881043766,
      "fcf_margin": 0.21417140222152903,
      "incr_op_margin_yoy": -0.20962700562617212,
      "rev_growth_yoy": -0.1633609440599115,
      "rev_growth_yoy_accel": 0.002248747416076835,
      "fcf_margin_change": 0.035257102995099265
    }
  ],
  "signals": [
    {
      "quarter": "2025-03 (Q1)",
      "signal": "YoY REVENUE GROWTH DECELERATION",
      "detail": "YoY growth: -16.4% vs prior quarter YoY: +3.3% (decel: -19.6%)",
      "severity": "WARNING"
    },
    {
      "quarter": "2025-03 (Q1)",
      "signal": "OP MARGIN TURNED POSITIVE (YoY)",
      "detail": "Op margin: -2.7% (year-ago) -> +10.0%",
      "severity": "HIGH"
    },
    {
      "quarter": "2025-03 (Q1)",
      "signal": "OP MARGIN TURNED POSITIVE (QoQ)",
      "detail": "Op margin: -6.8% -> +10.0%",
      "severity": "HIGH"
    },
    {
      "quarter": "2024-12 (Q4)",
      "signal": "FCF MARGIN EXPANSION",
      "detail": "FCF margin: +15.5% -> +27.5% (+12.0%)",
      "severity": "MEDIUM"
    },
    {
      "quarter": "2024-09 (Q3)",
      "signal": "INCREMENTAL MARGIN (YoY)",
      "detail": "YoY Incr OPM: +238.6% vs year-ago OPM: +3.6%",
      "severity": "HIGH"
    },
    {
      "quarter": "2024-06 (Q2)",
      "signal": "FCF MARGIN EXPANSION",
      "detail": "FCF margin: +7.6% -> +13.1% (+5.5%)",
      "severity": "MEDIUM"
    },
    {
      "quarter": "2024-06 (Q2)",
      "signal": "INCREMENTAL MARGIN (YoY)",
      "detail": "YoY Incr OPM: +69.4% vs year-ago OPM: +1.0%",
      "severity": "HIGH"
    },
    {
      "quarter": "2024-06 (Q2)",
      "signal": "OP MARGIN TURNED POSITIVE (QoQ)",
      "detail": "Op margin: -2.7% -> +3.9%",
      "severity": "HIGH"
    },
    {
      "quarter": "2023-12 (Q4)",
      "signal": "FCF MARGIN EXPANSION",
      "detail": "FCF margin: +15.2% -> +20.7% (+5.6%)",
      "severity": "MEDIUM"
    },
    {
      "quarter": "2023-12 (Q4)",
      "signal": "GROSS MARGIN INFLECTION",
      "detail": "GM: +65.8% -> +64.8% -> +67.3% (reversal +2.5%)",
      "severity": "MEDIUM"
    },
    {
      "quarter": "2023-12 (Q4)",
      "signal": "YoY REVENUE GROWTH DECELERATION",
      "detail": "YoY growth: +4.7% vs prior quarter YoY: +10.5% (decel: -5.8%)",
      "severity": "WARNING"
    },
    {
      "quarter": "2023-09 (Q3)",
      "signal": "OPERATING LEVERAGE",
      "detail": "Rev growth +2.8% vs OpEx growth +0.1% (leverage: 26.1x)",
      "severity": "MEDIUM"
    },
    {
      "quarter": "2023-09 (Q3)",
      "signal": "OP MARGIN TURNED POSITIVE (YoY)",
      "detail": "Op margin: -4.6% (year-ago) -> +3.6%",
      "severity": "HIGH"
    },
    {
      "quarter": "2023-06 (Q2)",
      "signal": "FCF MARGIN EXPANSION",
      "detail": "FCF margin: +7.6% -> +16.3% (+8.7%)",
      "severity": "MEDIUM"
    },
    {
      "quarter": "2023-06 (Q2)",
      "signal": "OPERATING LEVERAGE",
      "detail": "Rev growth +5.5% vs OpEx growth +1.1% (leverage: 5.0x)",
      "severity": "MEDIUM"
    },
    {
      "quarter": "2023-06 (Q2)",
      "signal": "OP MARGIN TURNED POSITIVE (YoY)",
      "detail": "Op margin: -3.9% (year-ago) -> +1.0%",
      "severity": "HIGH"
    },
    {
      "quarter": "2023-06 (Q2)",
      "signal": "OP MARGIN TURNED POSITIVE (QoQ)",
      "detail": "Op margin: -3.3% -> +1.0%",
      "severity": "HIGH"
    },
    {
      "quarter": "2023-03 (Q1)",
      "signal": "YoY REVENUE GROWTH DECELERATION",
      "detail": "YoY growth: +12.2% vs prior quarter YoY: +19.3% (decel: -7.0%)",
      "severity": "WARNING"
    },
    {
      "quarter": "2022-12 (Q4)",
      "signal": "FCF MARGIN EXPANSION",
      "detail": "FCF margin: +8.2% -> +16.6% (+8.3%)",
      "severity": "MEDIUM"
    },
    {
      "quarter": "2022-12 (Q4)",
      "signal": "OPERATING LEVERAGE",
      "detail": "Rev growth +2.3% vs OpEx growth +0.1% (leverage: 44.7x)",
      "severity": "MEDIUM"
    },
    {
      "quarter": "2022-12 (Q4)",
      "signal": "GROSS MARGIN INFLECTION",
      "detail": "GM: +65.0% -> +63.5% -> +66.7% (reversal +3.2%)",
      "severity": "MEDIUM"
    },
    {
      "quarter": "2022-09 (Q3)",
      "signal": "YoY REVENUE GROWTH DECELERATION",
      "detail": "YoY growth: +23.0% vs prior quarter YoY: +29.9% (decel: -6.9%)",
      "severity": "WARNING"
    },
    {
      "quarter": "2022-06 (Q2)",
      "signal": "OPERATING LEVERAGE",
      "detail": "Rev growth +9.5% vs OpEx growth +3.9% (leverage: 2.4x)",
      "severity": "MEDIUM"
    },
    {
      "quarter": "2022-06 (Q2)",
      "signal": "YoY REVENUE GROWTH DECELERATION",
      "detail": "YoY growth: +29.9% vs prior quarter YoY: +36.9% (decel: -7.0%)",
      "severity": "WARNING"
    },
    {
      "quarter": "2022-03 (Q1)",
      "signal": "YoY REVENUE GROWTH DECELERATION",
      "detail": "YoY growth: +36.9% vs prior quarter YoY: +47.4% (decel: -10.6%)",
      "severity": "WARNING"
    },
    {
      "quarter": "2021-12 (Q4)",
      "signal": "FCF MARGIN EXPANSION",
      "detail": "FCF margin: +7.0% -> +16.7% (+9.7%)",
      "severity": "MEDIUM"
    },
    {
      "quarter": "2021-09 (Q3)",
      "signal": "OPERATING LEVERAGE",
      "detail": "Rev growth +6.2% vs OpEx growth +0.6% (leverage: 10.9x)",
      "severity": "MEDIUM"
    },
    {
      "quarter": "2021-06 (Q2)",
      "signal": "FCF TURNED POSITIVE",
      "detail": "FCF margin: -5.4% -> +6.9%",
      "severity": "HIGH"
    },
    {
      "quarter": "2021-03 (Q1)",
      "signal": "OPERATING LEVERAGE",
      "detail": "Rev growth +14.0% vs OpEx growth +8.3% (leverage: 1.7x)",
      "severity": "MEDIUM"
    }
  ],
  "data_quality": {
    "n_quarters": 20,
    "coverage": {
      "revenue": [
        20,
        20
      ],
      "gross_profit": [
        20,
        20
      ],
      "op_income": [
        20,
        20
      ],
      "fcf": [
        20,
        20
      ]
    },
    "gaps": [],
    "warnings": []
  },
  "market_cap": null,
  "source": "SEC EDGAR",
  "last_updated": "2026-02-02T21:33:21.810166"
}