{
  "ticker": "EVER",
  "name": "EverQuote, Inc.",
  "quarters": [
    {
      "date": "2020-12-31T00:00:00",
      "quarter_label": "2020-12 (Q4)",
      "revenue": 97292000,
      "gross_profit": 91609000,
      "operating_income": -3784000,
      "net_income": -3768000,
      "opex": 101076000,
      "cogs": 5683000,
      "rd": 8088000,
      "sga": null,
      "fcf": -3235000,
      "ocf": -3235000,
      "capex": null,
      "gross_margin": 0.9415882086913621,
      "op_margin": -0.038893228631336596,
      "fcf_margin": -0.033250421411832425
    },
    {
      "date": "2021-03-31T00:00:00",
      "quarter_label": "2021-03 (Q1)",
      "revenue": 103822000,
      "gross_profit": 97869000,
      "operating_income": -3790000,
      "net_income": -3801000,
      "opex": 107612000,
      "cogs": 5953000,
      "rd": 8573000,
      "sga": null,
      "fcf": 3520000,
      "ocf": 3520000,
      "capex": null,
      "gross_margin": 0.9426614782993971,
      "op_margin": -0.03650478703935582,
      "fcf_margin": 0.03390418215792414,
      "op_leverage_ratio": 1.0379395322770237,
      "fcf_margin_change": 0.06715460356975655
    },
    {
      "date": "2021-06-30T00:00:00",
      "quarter_label": "2021-06 (Q2)",
      "revenue": 105063000,
      "gross_profit": 99252000,
      "operating_income": -1876000,
      "net_income": -1881000,
      "opex": 106939000,
      "cogs": 5811000,
      "rd": 9053000,
      "sga": null,
      "fcf": 7715000,
      "ocf": 7715000,
      "capex": null,
      "gross_margin": 0.9446903286599468,
      "op_margin": -0.017855953094809782,
      "fcf_margin": 0.073432131197472,
      "op_leverage_ratio": Infinity,
      "fcf_margin_change": 0.03952794903954786
    },
    {
      "date": "2021-09-30T00:00:00",
      "quarter_label": "2021-09 (Q3)",
      "revenue": 107563000,
      "gross_profit": 101569000,
      "operating_income": -7785000,
      "net_income": -5272000,
      "opex": 115348000,
      "cogs": 5994000,
      "rd": 9259000,
      "sga": null,
      "fcf": 2813000,
      "ocf": 2813000,
      "capex": null,
      "gross_margin": 0.9442745181893402,
      "op_margin": -0.07237618883816926,
      "fcf_margin": 0.026152115504402072,
      "op_leverage_ratio": 0.30260909534273095,
      "fcf_margin_change": -0.04728001569306992
    },
    {
      "date": "2021-12-31T00:00:00",
      "quarter_label": "2021-12 (Q4)",
      "revenue": 102067000,
      "gross_profit": 95876000,
      "operating_income": -8473000,
      "net_income": -8480000,
      "opex": 110540000,
      "cogs": 6191000,
      "rd": 8847000,
      "sga": null,
      "fcf": -6859000,
      "ocf": -6859000,
      "capex": null,
      "gross_margin": 0.9393437643900575,
      "op_margin": -0.08301409858230378,
      "fcf_margin": -0.0672009562346302,
      "incr_op_margin_yoy": -0.9819895287958115,
      "rev_growth_yoy": 0.049079060971097314,
      "fcf_margin_change": -0.09335307173903226
    },
    {
      "date": "2022-03-31T00:00:00",
      "quarter_label": "2022-03 (Q1)",
      "revenue": 110681000,
      "gross_profit": 104697000,
      "operating_income": -5698000,
      "net_income": -5715000,
      "opex": 116379000,
      "cogs": 5984000,
      "rd": 8196000,
      "sga": null,
      "fcf": -3845000,
      "ocf": -3845000,
      "capex": null,
      "gross_margin": 0.9459347132750878,
      "op_margin": -0.05148128405055972,
      "fcf_margin": -0.03473947651358408,
      "incr_op_margin_yoy": -0.27817466102930455,
      "rev_growth_yoy": 0.06606499585829594,
      "rev_growth_yoy_accel": 0.01698593488719862,
      "op_leverage_ratio": 1.5977193774940854,
      "fcf_margin_change": 0.03246147972104611
    },
    {
      "date": "2022-06-30T00:00:00",
      "quarter_label": "2022-06 (Q2)",
      "revenue": 101915000,
      "gross_profit": 95856000,
      "operating_income": -3821000,
      "net_income": -3756000,
      "opex": 105736000,
      "cogs": 6059000,
      "rd": 8245000,
      "sga": null,
      "fcf": -3528000,
      "ocf": -3528000,
      "capex": null,
      "gross_margin": 0.9405484962959328,
      "op_margin": -0.03749202767011726,
      "fcf_margin": -0.034617082863170286,
      "incr_op_margin_yoy": 0.6178526048284625,
      "rev_growth_yoy": -0.029962974596194663,
      "rev_growth_yoy_accel": -0.0960279704544906,
      "fcf_margin_change": 0.00012239365041379763
    },
    {
      "date": "2022-09-30T00:00:00",
      "quarter_label": "2022-09 (Q3)",
      "revenue": 103223000,
      "gross_profit": 97346000,
      "operating_income": -6590000,
      "net_income": -6451000,
      "opex": 109813000,
      "cogs": 5877000,
      "rd": 7832000,
      "sga": null,
      "fcf": -3520000,
      "ocf": -3520000,
      "capex": null,
      "gross_margin": 0.9430650145800838,
      "op_margin": -0.06384236071418192,
      "fcf_margin": -0.03410092711895605,
      "incr_op_margin_yoy": -0.27534562211981567,
      "rev_growth_yoy": -0.040348446956667255,
      "rev_growth_yoy_accel": -0.010385472360472593,
      "op_leverage_ratio": 0.33285248275509277,
      "fcf_margin_change": 0.0005161557442142362
    },
    {
      "date": "2022-12-31T00:00:00",
      "quarter_label": "2022-12 (Q4)",
      "revenue": 88308000,
      "gross_profit": 82248000,
      "operating_income": -8679000,
      "net_income": -8494000,
      "opex": 96987000,
      "cogs": 6060000,
      "rd": 7440000,
      "sga": null,
      "fcf": -4898000,
      "ocf": -4898000,
      "capex": null,
      "gross_margin": 0.9313765457263216,
      "op_margin": -0.09828101644245142,
      "fcf_margin": -0.05546496353671242,
      "incr_op_margin_yoy": 0.014972018315284542,
      "rev_growth_yoy": -0.13480360939382954,
      "rev_growth_yoy_accel": -0.09445516243716229,
      "fcf_margin_change": -0.021364036417756367
    },
    {
      "date": "2023-03-31T00:00:00",
      "quarter_label": "2023-03 (Q1)",
      "revenue": 109220000,
      "gross_profit": 103450000,
      "operating_income": -2431000,
      "net_income": -2529000,
      "opex": 111651000,
      "cogs": 5770000,
      "rd": 7927000,
      "sga": null,
      "fcf": -1237000,
      "ocf": -1237000,
      "capex": null,
      "gross_margin": 0.9471708478300678,
      "op_margin": -0.022257828236586705,
      "fcf_margin": -0.01132576451199414,
      "incr_op_margin_yoy": -2.2361396303901437,
      "rev_growth_yoy": -0.013200097577723367,
      "rev_growth_yoy_accel": 0.12160351181610618,
      "op_leverage_ratio": 1.5662338117733596,
      "fcf_margin_change": 0.04413919902471827
    },
    {
      "date": "2023-06-30T00:00:00",
      "quarter_label": "2023-06 (Q2)",
      "revenue": 67985000,
      "gross_profit": 62438000,
      "operating_income": -13370000,
      "net_income": -13193000,
      "opex": 81355000,
      "cogs": 5547000,
      "rd": 7450000,
      "sga": null,
      "fcf": 3348000,
      "ocf": 3348000,
      "capex": null,
      "gross_margin": 0.9184084724571596,
      "op_margin": -0.19666102816797823,
      "fcf_margin": 0.04924615724056777,
      "incr_op_margin_yoy": 0.28143236074270556,
      "rev_growth_yoy": -0.33292449590344897,
      "rev_growth_yoy_accel": -0.3197243983257256,
      "fcf_margin_change": 0.060571921752561916
    },
    {
      "date": "2023-09-30T00:00:00",
      "quarter_label": "2023-09 (Q3)",
      "revenue": 55011000,
      "gross_profit": 48861000,
      "operating_income": -29412000,
      "net_income": -29217000,
      "opex": 84423000,
      "cogs": 6150000,
      "rd": 6270000,
      "sga": null,
      "fcf": -4147000,
      "ocf": -4147000,
      "capex": null,
      "gross_margin": 0.8882041773463489,
      "op_margin": -0.5346567050226319,
      "fcf_margin": -0.07538492301539693,
      "incr_op_margin_yoy": 0.4733676263170995,
      "rev_growth_yoy": -0.467066448369065,
      "rev_growth_yoy_accel": -0.13414195246561605,
      "fcf_margin_change": -0.1246310802559647
    },
    {
      "date": "2023-12-31T00:00:00",
      "quarter_label": "2023-12 (Q4)",
      "revenue": 55705000,
      "gross_profit": 50717000,
      "operating_income": -6762000,
      "net_income": -6348000,
      "opex": 62467000,
      "cogs": 4988000,
      "rd": 5944000,
      "sga": null,
      "fcf": -792000,
      "ocf": -792000,
      "capex": null,
      "gross_margin": 0.9104568710169644,
      "op_margin": -0.12138946234628849,
      "fcf_margin": -0.014217754241091464,
      "incr_op_margin_yoy": -0.058798270097843754,
      "rev_growth_yoy": -0.36919644879286134,
      "rev_growth_yoy_accel": 0.09786999957620368,
      "op_leverage_ratio": Infinity,
      "fcf_margin_change": 0.06116716877430546
    },
    {
      "date": "2024-03-31T00:00:00",
      "quarter_label": "2024-03 (Q1)",
      "revenue": 91065000,
      "gross_profit": 86024000,
      "operating_income": 1766000,
      "net_income": 1907000,
      "opex": 89299000,
      "cogs": 5041000,
      "rd": 6844000,
      "sga": null,
      "fcf": 10440000,
      "ocf": 10440000,
      "capex": null,
      "gross_margin": 0.9446439356503596,
      "op_margin": 0.019392741448415966,
      "fcf_margin": 0.11464338659199473,
      "incr_op_margin_yoy": -0.23117598457725144,
      "rev_growth_yoy": -0.16622413477385095,
      "rev_growth_yoy_accel": 0.2029723140190104,
      "op_leverage_ratio": 1.4778000666578996,
      "fcf_margin_change": 0.1288611408330862
    },
    {
      "date": "2024-06-30T00:00:00",
      "quarter_label": "2024-06 (Q2)",
      "revenue": 117140000,
      "gross_profit": 112129000,
      "operating_income": 6292000,
      "net_income": 6402000,
      "opex": 110848000,
      "cogs": 5011000,
      "rd": 7043000,
      "sga": null,
      "fcf": 12378000,
      "ocf": 12378000,
      "capex": null,
      "gross_margin": 0.9572221273689602,
      "op_margin": 0.053713505207444084,
      "fcf_margin": 0.10566843093733994,
      "incr_op_margin_yoy": 0.4,
      "rev_growth_yoy": 0.7230271383393395,
      "rev_growth_yoy_accel": 0.8892512731131905,
      "op_leverage_ratio": 1.1865670920568263,
      "fcf_margin_change": -0.008974955654654795
    },
    {
      "date": "2024-09-30T00:00:00",
      "quarter_label": "2024-09 (Q3)",
      "revenue": 144530000,
      "gross_profit": 139080000,
      "operating_income": 11666000,
      "net_income": 11554000,
      "opex": 132864000,
      "cogs": 5450000,
      "rd": 8026000,
      "sga": null,
      "fcf": 23614000,
      "ocf": 23614000,
      "capex": null,
      "gross_margin": 0.962291565764893,
      "op_margin": 0.08071680619940497,
      "fcf_margin": 0.16338476440877325,
      "incr_op_margin_yoy": 0.4588746523084485,
      "rev_growth_yoy": 1.627292723273527,
      "rev_growth_yoy_accel": 0.9042655849341875,
      "op_leverage_ratio": 1.1772704892972432,
      "fcf_margin_change": 0.05771633347143332
    },
    {
      "date": "2024-12-31T00:00:00",
      "quarter_label": "2024-12 (Q4)",
      "revenue": 147455000,
      "gross_profit": 142035000,
      "operating_income": 12027000,
      "net_income": 12306000,
      "opex": 135428000,
      "cogs": 5420000,
      "rd": 7640000,
      "sga": null,
      "fcf": 20134000,
      "ocf": 20134000,
      "capex": null,
      "gross_margin": 0.9632430232952426,
      "op_margin": 0.08156386694245701,
      "fcf_margin": 0.13654335220914857,
      "incr_op_margin_yoy": 0.20478474114441417,
      "rev_growth_yoy": 1.6470693833587648,
      "rev_growth_yoy_accel": 0.019776660085237818,
      "op_leverage_ratio": 1.0487142518981047,
      "fcf_margin_change": -0.026841412199624687
    },
    {
      "date": "2025-03-31T00:00:00",
      "quarter_label": "2025-03 (Q1)",
      "revenue": 166632000,
      "gross_profit": 161252000,
      "operating_income": 7997000,
      "net_income": 7990000,
      "opex": 158635000,
      "cogs": 5380000,
      "rd": 7485000,
      "sga": null,
      "fcf": 23306000,
      "ocf": 23306000,
      "capex": null,
      "gross_margin": 0.9677132843631475,
      "op_margin": 0.04799198233232512,
      "fcf_margin": 0.13986509193912333,
      "incr_op_margin_yoy": 0.08245662789312795,
      "rev_growth_yoy": 0.8298138692142975,
      "rev_growth_yoy_accel": -0.8172555141444674,
      "op_leverage_ratio": 0.7589455648573492,
      "fcf_margin_change": 0.0033217397299747653
    },
    {
      "date": "2025-06-30T00:00:00",
      "quarter_label": "2025-06 (Q2)",
      "revenue": 156629000,
      "gross_profit": 151787000,
      "operating_income": 14168000,
      "net_income": 14701000,
      "opex": 142461000,
      "cogs": 4842000,
      "rd": 7772000,
      "sga": null,
      "fcf": 25297000,
      "ocf": 25297000,
      "capex": null,
      "gross_margin": 0.9690861845507537,
      "op_margin": 0.09045579043472154,
      "fcf_margin": 0.16150904366368934,
      "incr_op_margin_yoy": 0.1994479475296918,
      "rev_growth_yoy": 0.33710944169369983,
      "rev_growth_yoy_accel": -0.4927044275205976,
      "fcf_margin_change": 0.021643951724566013
    },
    {
      "date": "2025-09-30T00:00:00",
      "quarter_label": "2025-09 (Q3)",
      "revenue": 173940000,
      "gross_profit": 169228000,
      "operating_income": 17540000,
      "net_income": 18865000,
      "opex": 156400000,
      "cogs": 4712000,
      "rd": 7944000,
      "sga": null,
      "fcf": 19768000,
      "ocf": 19768000,
      "capex": null,
      "gross_margin": 0.9729101989191675,
      "op_margin": 0.10083936989766586,
      "fcf_margin": 0.11364838450040243,
      "incr_op_margin_yoy": 0.19972798367902075,
      "rev_growth_yoy": 0.20348716529440256,
      "rev_growth_yoy_accel": -0.13362227639929727,
      "op_leverage_ratio": 1.129573126607686,
      "fcf_margin_change": -0.04786065916328691
    }
  ],
  "signals": [
    {
      "quarter": "2025-09 (Q3)",
      "signal": "YoY REVENUE GROWTH DECELERATION",
      "detail": "YoY growth: +20.3% vs prior quarter YoY: +33.7% (decel: -13.4%)",
      "severity": "WARNING"
    },
    {
      "quarter": "2025-09 (Q3)",
      "signal": "INCREMENTAL MARGIN (YoY)",
      "detail": "YoY Incr OPM: +20.0% vs year-ago OPM: +8.1%",
      "severity": "MEDIUM"
    },
    {
      "quarter": "2025-06 (Q2)",
      "signal": "YoY REVENUE GROWTH DECELERATION",
      "detail": "YoY growth: +33.7% vs prior quarter YoY: +83.0% (decel: -49.3%)",
      "severity": "WARNING"
    },
    {
      "quarter": "2025-06 (Q2)",
      "signal": "INCREMENTAL MARGIN (YoY)",
      "detail": "YoY Incr OPM: +19.9% vs year-ago OPM: +5.4%",
      "severity": "MEDIUM"
    },
    {
      "quarter": "2025-03 (Q1)",
      "signal": "YoY REVENUE GROWTH DECELERATION",
      "detail": "YoY growth: +83.0% vs prior quarter YoY: +164.7% (decel: -81.7%)",
      "severity": "WARNING"
    },
    {
      "quarter": "2024-12 (Q4)",
      "signal": "OP MARGIN TURNED POSITIVE (YoY)",
      "detail": "Op margin: -12.1% (year-ago) -> +8.2%",
      "severity": "HIGH"
    },
    {
      "quarter": "2024-09 (Q3)",
      "signal": "FCF MARGIN EXPANSION",
      "detail": "FCF margin: +10.6% -> +16.3% (+5.8%)",
      "severity": "MEDIUM"
    },
    {
      "quarter": "2024-09 (Q3)",
      "signal": "YoY REVENUE GROWTH ACCELERATION",
      "detail": "YoY growth: +162.7% vs prior quarter YoY: +72.3% (accel: +90.4%)",
      "severity": "HIGH"
    },
    {
      "quarter": "2024-09 (Q3)",
      "signal": "OP MARGIN TURNED POSITIVE (YoY)",
      "detail": "Op margin: -53.5% (year-ago) -> +8.1%",
      "severity": "HIGH"
    },
    {
      "quarter": "2024-06 (Q2)",
      "signal": "YoY REVENUE GROWTH ACCELERATION",
      "detail": "YoY growth: +72.3% vs prior quarter YoY: -16.6% (accel: +88.9%)",
      "severity": "HIGH"
    },
    {
      "quarter": "2024-06 (Q2)",
      "signal": "OP MARGIN TURNED POSITIVE (YoY)",
      "detail": "Op margin: -19.7% (year-ago) -> +5.4%",
      "severity": "HIGH"
    },
    {
      "quarter": "2024-03 (Q1)",
      "signal": "FCF TURNED POSITIVE",
      "detail": "FCF margin: -1.4% -> +11.5%",
      "severity": "HIGH"
    },
    {
      "quarter": "2024-03 (Q1)",
      "signal": "YoY REVENUE GROWTH ACCELERATION",
      "detail": "YoY growth: -16.6% vs prior quarter YoY: -36.9% (accel: +20.3%)",
      "severity": "HIGH"
    },
    {
      "quarter": "2024-03 (Q1)",
      "signal": "OP MARGIN TURNED POSITIVE (YoY)",
      "detail": "Op margin: -2.2% (year-ago) -> +1.9%",
      "severity": "HIGH"
    },
    {
      "quarter": "2024-03 (Q1)",
      "signal": "OP MARGIN TURNED POSITIVE (QoQ)",
      "detail": "Op margin: -12.1% -> +1.9%",
      "severity": "HIGH"
    },
    {
      "quarter": "2023-12 (Q4)",
      "signal": "FCF MARGIN EXPANSION",
      "detail": "FCF margin: -7.5% -> -1.4% (+6.1%)",
      "severity": "MEDIUM"
    },
    {
      "quarter": "2023-12 (Q4)",
      "signal": "GROSS MARGIN INFLECTION",
      "detail": "GM: +91.8% -> +88.8% -> +91.0% (reversal +2.2%)",
      "severity": "MEDIUM"
    },
    {
      "quarter": "2023-12 (Q4)",
      "signal": "YoY REVENUE GROWTH ACCELERATION",
      "detail": "YoY growth: -36.9% vs prior quarter YoY: -46.7% (accel: +9.8%)",
      "severity": "MEDIUM"
    },
    {
      "quarter": "2023-09 (Q3)",
      "signal": "YoY REVENUE GROWTH DECELERATION",
      "detail": "YoY growth: -46.7% vs prior quarter YoY: -33.3% (decel: -13.4%)",
      "severity": "WARNING"
    },
    {
      "quarter": "2023-06 (Q2)",
      "signal": "FCF TURNED POSITIVE",
      "detail": "FCF margin: -1.1% -> +4.9%",
      "severity": "HIGH"
    },
    {
      "quarter": "2023-06 (Q2)",
      "signal": "YoY REVENUE GROWTH DECELERATION",
      "detail": "YoY growth: -33.3% vs prior quarter YoY: -1.3% (decel: -32.0%)",
      "severity": "WARNING"
    },
    {
      "quarter": "2023-03 (Q1)",
      "signal": "OPERATING LEVERAGE",
      "detail": "Rev growth +23.7% vs OpEx growth +15.1% (leverage: 1.6x)",
      "severity": "MEDIUM"
    },
    {
      "quarter": "2023-03 (Q1)",
      "signal": "YoY REVENUE GROWTH ACCELERATION",
      "detail": "YoY growth: -1.3% vs prior quarter YoY: -13.5% (accel: +12.2%)",
      "severity": "MEDIUM"
    },
    {
      "quarter": "2022-12 (Q4)",
      "signal": "YoY REVENUE GROWTH DECELERATION",
      "detail": "YoY growth: -13.5% vs prior quarter YoY: -4.0% (decel: -9.4%)",
      "severity": "WARNING"
    },
    {
      "quarter": "2022-06 (Q2)",
      "signal": "YoY REVENUE GROWTH DECELERATION",
      "detail": "YoY growth: -3.0% vs prior quarter YoY: +6.6% (decel: -9.6%)",
      "severity": "WARNING"
    },
    {
      "quarter": "2022-03 (Q1)",
      "signal": "OPERATING LEVERAGE",
      "detail": "Rev growth +8.4% vs OpEx growth +5.3% (leverage: 1.6x)",
      "severity": "MEDIUM"
    },
    {
      "quarter": "2021-03 (Q1)",
      "signal": "FCF TURNED POSITIVE",
      "detail": "FCF margin: -3.3% -> +3.4%",
      "severity": "HIGH"
    }
  ],
  "data_quality": {
    "n_quarters": 20,
    "coverage": {
      "revenue": [
        20,
        20
      ],
      "gross_profit": [
        20,
        20
      ],
      "op_income": [
        20,
        20
      ],
      "fcf": [
        20,
        20
      ]
    },
    "gaps": [],
    "warnings": []
  },
  "market_cap": null,
  "source": "SEC EDGAR",
  "last_updated": "2026-02-02T22:06:57.002806"
}