{
  "ticker": "EVFM",
  "name": "EVOFEM BIOSCIENCES, INC.",
  "quarters": [
    {
      "date": "2020-12-31T00:00:00",
      "quarter_label": "2020-12 (Q4)",
      "revenue": 168000,
      "gross_profit": 17000,
      "operating_income": -35851000,
      "net_income": -40598000,
      "opex": 36019000,
      "cogs": 151000,
      "rd": 5946000,
      "sga": null,
      "fcf": -40500000,
      "ocf": -39079000,
      "capex": -1421000,
      "gross_margin": 0.10119047619047619,
      "op_margin": -213.39880952380952,
      "fcf_margin": -241.07142857142858
    },
    {
      "date": "2021-03-31T00:00:00",
      "quarter_label": "2021-03 (Q1)",
      "revenue": 1105000,
      "gross_profit": 599000,
      "operating_income": -44872000,
      "net_income": -46151000,
      "opex": 45977000,
      "cogs": 506000,
      "rd": 7262000,
      "sga": null,
      "fcf": -35414000,
      "ocf": -34458000,
      "capex": -956000,
      "gross_margin": 0.5420814479638009,
      "op_margin": -40.60814479638009,
      "fcf_margin": -32.04886877828054,
      "op_leverage_ratio": 20.17389882745627,
      "fcf_margin_change": 209.02255979314805
    },
    {
      "date": "2021-06-30T00:00:00",
      "quarter_label": "2021-06 (Q2)",
      "revenue": 1857000,
      "gross_profit": 1018000,
      "operating_income": -41142000,
      "net_income": -33426000,
      "opex": 42999000,
      "cogs": 839000,
      "rd": 8507000,
      "sga": null,
      "fcf": -54910000,
      "ocf": -53577000,
      "capex": -1333000,
      "gross_margin": 0.5481960150780829,
      "op_margin": -22.15508885298869,
      "fcf_margin": -29.569197630586967,
      "op_leverage_ratio": Infinity,
      "fcf_margin_change": 2.479671147693576
    },
    {
      "date": "2021-09-30T00:00:00",
      "quarter_label": "2021-09 (Q3)",
      "revenue": 1712000,
      "gross_profit": 757000,
      "operating_income": -43369000,
      "net_income": -74061000,
      "opex": 45081000,
      "cogs": 955000,
      "rd": 8701000,
      "sga": null,
      "fcf": -37964000,
      "ocf": -37367000,
      "capex": -597000,
      "gross_margin": 0.4421728971962617,
      "op_margin": -25.33235981308411,
      "fcf_margin": -22.175233644859812,
      "fcf_margin_change": 7.393963985727154
    },
    {
      "date": "2021-12-31T00:00:00",
      "quarter_label": "2021-12 (Q4)",
      "revenue": 3570000,
      "gross_profit": 1815000,
      "operating_income": -37418000,
      "net_income": -51554000,
      "opex": 40988000,
      "cogs": 1755000,
      "rd": 8659000,
      "sga": null,
      "fcf": -21318000,
      "ocf": -21265000,
      "capex": -53000,
      "gross_margin": 0.5084033613445378,
      "op_margin": -10.481232492997199,
      "fcf_margin": -5.9714285714285715,
      "incr_op_margin_yoy": -0.4606114050558495,
      "rev_growth_yoy": 20.25,
      "op_leverage_ratio": Infinity,
      "fcf_margin_change": 16.20380507343124
    },
    {
      "date": "2022-03-31T00:00:00",
      "quarter_label": "2022-03 (Q1)",
      "revenue": 4251000,
      "gross_profit": 3185000,
      "operating_income": -28929000,
      "net_income": -31888000,
      "opex": 33180000,
      "cogs": 1066000,
      "rd": 10391000,
      "sga": null,
      "fcf": -20985000,
      "ocf": -20919000,
      "capex": -66000,
      "gross_margin": 0.7492354740061162,
      "op_margin": -6.805222300635145,
      "fcf_margin": -4.936485532815808,
      "incr_op_margin_yoy": 5.067705022250477,
      "rev_growth_yoy": 2.847058823529412,
      "rev_growth_yoy_accel": -17.402941176470588,
      "op_leverage_ratio": Infinity,
      "fcf_margin_change": 1.0349430386127638
    },
    {
      "date": "2022-06-30T00:00:00",
      "quarter_label": "2022-06 (Q2)",
      "revenue": 6034000,
      "gross_profit": 4749000,
      "operating_income": -24419000,
      "net_income": -125980000,
      "opex": 30453000,
      "cogs": 1285000,
      "rd": 7744000,
      "sga": null,
      "fcf": -26830000,
      "ocf": -26660000,
      "capex": -170000,
      "gross_margin": 0.7870401060656281,
      "op_margin": -4.046900894928737,
      "fcf_margin": -4.446470003314551,
      "incr_op_margin_yoy": 4.003591094086665,
      "rev_growth_yoy": 2.249326871297792,
      "rev_growth_yoy_accel": -0.5977319522316198,
      "op_leverage_ratio": Infinity,
      "fcf_margin_change": 0.4900155295012567
    },
    {
      "date": "2022-09-30T00:00:00",
      "quarter_label": "2022-09 (Q3)",
      "revenue": 6371000,
      "gross_profit": 4691000,
      "operating_income": -18724000,
      "net_income": 89506000,
      "opex": 25095000,
      "cogs": 1680000,
      "rd": 5207000,
      "sga": null,
      "fcf": -16370000,
      "ocf": -16300000,
      "capex": -70000,
      "gross_margin": 0.7363051326322398,
      "op_margin": -2.9389420813059175,
      "fcf_margin": -2.569455344529901,
      "incr_op_margin_yoy": 5.2897617514488084,
      "rev_growth_yoy": 2.7213785046728973,
      "rev_growth_yoy_accel": 0.47205163337510525,
      "op_leverage_ratio": Infinity,
      "fcf_margin_change": 1.87701465878465
    },
    {
      "date": "2022-12-31T00:00:00",
      "quarter_label": "2022-12 (Q4)",
      "revenue": 181000,
      "gross_profit": -203000,
      "operating_income": -12052000,
      "net_income": -8336000,
      "opex": 12233000,
      "cogs": 384000,
      "rd": 1690000,
      "sga": null,
      "fcf": -6566000,
      "ocf": -6531000,
      "capex": -35000,
      "gross_margin": -1.1215469613259668,
      "op_margin": -66.58563535911603,
      "fcf_margin": -36.27624309392265,
      "incr_op_margin_yoy": -7.484803776925347,
      "rev_growth_yoy": -0.9492997198879551,
      "rev_growth_yoy_accel": -3.6706782245608522,
      "fcf_margin_change": -33.70678774939275
    },
    {
      "date": "2023-03-31T00:00:00",
      "quarter_label": "2023-03 (Q1)",
      "revenue": 5809000,
      "gross_profit": 4433000,
      "operating_income": -3579000,
      "net_income": -2354000,
      "opex": 9388000,
      "cogs": 1376000,
      "rd": 540000,
      "sga": null,
      "fcf": -4943000,
      "ocf": -4940000,
      "capex": -3000,
      "gross_margin": 0.7631261835083492,
      "op_margin": -0.6161129282148391,
      "fcf_margin": -0.8509209846789465,
      "incr_op_margin_yoy": 16.270860077021823,
      "rev_growth_yoy": 0.36650199952952245,
      "rev_growth_yoy_accel": 1.3158017194174776,
      "op_leverage_ratio": Infinity,
      "fcf_margin_change": 35.42532210924371
    },
    {
      "date": "2023-06-30T00:00:00",
      "quarter_label": "2023-06 (Q2)",
      "revenue": 2458000,
      "gross_profit": 165000,
      "operating_income": -7336000,
      "net_income": -8558000,
      "opex": 9794000,
      "cogs": 2293000,
      "rd": 402000,
      "sga": null,
      "fcf": -1495000,
      "ocf": -1494000,
      "capex": -1000,
      "gross_margin": 0.06712774613506917,
      "op_margin": -2.984540276647681,
      "fcf_margin": -0.6082180634662328,
      "incr_op_margin_yoy": -4.777125279642058,
      "rev_growth_yoy": -0.5926416970500498,
      "rev_growth_yoy_accel": -0.9591436965795722,
      "fcf_margin_change": 0.24270292121271375
    },
    {
      "date": "2023-09-30T00:00:00",
      "quarter_label": "2023-09 (Q3)",
      "revenue": 5112000,
      "gross_profit": 3223000,
      "operating_income": -3552000,
      "net_income": 66005000,
      "opex": 8664000,
      "cogs": 1889000,
      "rd": 614000,
      "sga": null,
      "fcf": -2364000,
      "ocf": -2364000,
      "capex": null,
      "gross_margin": 0.6304773082942097,
      "op_margin": -0.6948356807511737,
      "fcf_margin": -0.4624413145539906,
      "incr_op_margin_yoy": -12.050833995234314,
      "rev_growth_yoy": -0.19761418929524407,
      "rev_growth_yoy_accel": 0.39502750775480566,
      "op_leverage_ratio": Infinity,
      "fcf_margin_change": 0.14577674891224213
    },
    {
      "date": "2023-12-31T00:00:00",
      "quarter_label": "2023-12 (Q4)",
      "revenue": 4839000,
      "gross_profit": 3885000,
      "operating_income": -3380000,
      "net_income": -2114000,
      "opex": 8219000,
      "cogs": 954000,
      "rd": 1383000,
      "sga": null,
      "fcf": -170000,
      "ocf": -170000,
      "capex": null,
      "gross_margin": 0.8028518288902666,
      "op_margin": -0.6984914238479024,
      "fcf_margin": -0.035131225459805744,
      "incr_op_margin_yoy": 1.8617432374409617,
      "rev_growth_yoy": 25.734806629834253,
      "rev_growth_yoy_accel": 25.932420819129497,
      "fcf_margin_change": 0.4273100890941849
    },
    {
      "date": "2024-03-31T00:00:00",
      "quarter_label": "2024-03 (Q1)",
      "revenue": 3603000,
      "gross_profit": 2919000,
      "operating_income": -2844000,
      "net_income": -4809000,
      "opex": 6447000,
      "cogs": 684000,
      "rd": 594000,
      "sga": null,
      "fcf": 109000,
      "ocf": 123000,
      "capex": -14000,
      "gross_margin": 0.8101582014987511,
      "op_margin": -0.7893422148209825,
      "fcf_margin": 0.03025256730502359,
      "incr_op_margin_yoy": -0.33318223028105165,
      "rev_growth_yoy": -0.379755551730074,
      "rev_growth_yoy_accel": -26.114562181564327,
      "fcf_margin_change": 0.06538379276482933
    },
    {
      "date": "2024-06-30T00:00:00",
      "quarter_label": "2024-06 (Q2)",
      "revenue": 4160000,
      "gross_profit": 3391000,
      "operating_income": -1389000,
      "net_income": 1351000,
      "opex": 5549000,
      "cogs": 769000,
      "rd": 270000,
      "sga": null,
      "fcf": -1141000,
      "ocf": -1141000,
      "capex": null,
      "gross_margin": 0.8151442307692308,
      "op_margin": -0.33389423076923075,
      "fcf_margin": -0.2742788461538462,
      "incr_op_margin_yoy": 3.4941245593419508,
      "rev_growth_yoy": 0.692432872253865,
      "rev_growth_yoy_accel": 1.072188423983939,
      "op_leverage_ratio": Infinity,
      "fcf_margin_change": -0.30453141345886975
    },
    {
      "date": "2024-09-30T00:00:00",
      "quarter_label": "2024-09 (Q3)",
      "revenue": 4496000,
      "gross_profit": 3627000,
      "operating_income": -2440000,
      "net_income": -2365000,
      "opex": 6936000,
      "cogs": 869000,
      "rd": 332000,
      "sga": null,
      "fcf": -459000,
      "ocf": -459000,
      "capex": null,
      "gross_margin": 0.8067170818505338,
      "op_margin": -0.5427046263345195,
      "fcf_margin": -0.10209074733096085,
      "rev_growth_yoy": -0.12050078247261346,
      "rev_growth_yoy_accel": -0.8129336547264784,
      "op_leverage_ratio": 0.32313515612001553,
      "fcf_margin_change": 0.17218809882288533
    },
    {
      "date": "2024-12-31T00:00:00",
      "quarter_label": "2024-12 (Q4)",
      "revenue": 7104000,
      "gross_profit": 5592000,
      "operating_income": -1003000,
      "net_income": -3037000,
      "opex": 8107000,
      "cogs": 1512000,
      "rd": 649000,
      "sga": null,
      "fcf": -2408000,
      "ocf": -2408000,
      "capex": null,
      "gross_margin": 0.7871621621621622,
      "op_margin": -0.14118806306306306,
      "fcf_margin": -0.33896396396396394,
      "incr_op_margin_yoy": 1.049448123620309,
      "rev_growth_yoy": 0.4680719156850589,
      "rev_growth_yoy_accel": 0.5885726981576723,
      "op_leverage_ratio": 3.43584429161437,
      "fcf_margin_change": -0.2368732166330031
    },
    {
      "date": "2025-03-31T00:00:00",
      "quarter_label": "2025-03 (Q1)",
      "revenue": 845000,
      "gross_profit": 480000,
      "operating_income": 327000,
      "net_income": 956000,
      "opex": 518000,
      "cogs": 365000,
      "rd": null,
      "sga": null,
      "fcf": 560000,
      "ocf": 560000,
      "capex": null,
      "gross_margin": 0.5680473372781065,
      "op_margin": 0.38698224852071006,
      "fcf_margin": 0.6627218934911243,
      "incr_op_margin_yoy": -1.149746192893401,
      "rev_growth_yoy": -0.765473216763808,
      "rev_growth_yoy_accel": -1.2335451324488669,
      "fcf_margin_change": 1.0016858574550882
    },
    {
      "date": "2025-06-30T00:00:00",
      "quarter_label": "2025-06 (Q2)",
      "revenue": 4825000,
      "gross_profit": 4070000,
      "operating_income": -1251000,
      "net_income": -1784000,
      "opex": 6076000,
      "cogs": 755000,
      "rd": null,
      "sga": null,
      "fcf": -2919000,
      "ocf": -2919000,
      "capex": null,
      "gross_margin": 0.8435233160621761,
      "op_margin": -0.25927461139896374,
      "fcf_margin": -0.6049740932642487,
      "rev_growth_yoy": 0.15985576923076922,
      "rev_growth_yoy_accel": 0.9253289859945772,
      "op_leverage_ratio": 0.43897276914134115,
      "fcf_margin_change": -1.267695986755373
    },
    {
      "date": "2025-09-30T00:00:00",
      "quarter_label": "2025-09 (Q3)",
      "revenue": 4952000,
      "gross_profit": 4047000,
      "operating_income": 951000,
      "net_income": -1569000,
      "opex": 4001000,
      "cogs": 905000,
      "rd": null,
      "sga": null,
      "fcf": 336000,
      "ocf": 336000,
      "capex": null,
      "gross_margin": 0.8172455573505655,
      "op_margin": 0.19204361873990308,
      "fcf_margin": 0.06785137318255251,
      "rev_growth_yoy": 0.10142348754448399,
      "rev_growth_yoy_accel": -0.058432281686285226,
      "op_leverage_ratio": Infinity,
      "fcf_margin_change": 0.6728254664468012
    }
  ],
  "signals": [
    {
      "quarter": "2025-09 (Q3)",
      "signal": "FCF TURNED POSITIVE",
      "detail": "FCF margin: -60.5% -> +6.8%",
      "severity": "HIGH"
    },
    {
      "quarter": "2025-09 (Q3)",
      "signal": "YoY REVENUE GROWTH DECELERATION",
      "detail": "YoY growth: +10.1% vs prior quarter YoY: +16.0% (decel: -5.8%)",
      "severity": "WARNING"
    },
    {
      "quarter": "2025-09 (Q3)",
      "signal": "OP MARGIN TURNED POSITIVE (YoY)",
      "detail": "Op margin: -54.3% (year-ago) -> +19.2%",
      "severity": "HIGH"
    },
    {
      "quarter": "2025-09 (Q3)",
      "signal": "OP MARGIN TURNED POSITIVE (QoQ)",
      "detail": "Op margin: -25.9% -> +19.2%",
      "severity": "HIGH"
    },
    {
      "quarter": "2025-06 (Q2)",
      "signal": "GROSS MARGIN INFLECTION",
      "detail": "GM: +78.7% -> +56.8% -> +84.4% (reversal +27.5%)",
      "severity": "HIGH"
    },
    {
      "quarter": "2025-06 (Q2)",
      "signal": "YoY REVENUE GROWTH ACCELERATION",
      "detail": "YoY growth: +16.0% vs prior quarter YoY: -76.5% (accel: +92.5%)",
      "severity": "HIGH"
    },
    {
      "quarter": "2025-03 (Q1)",
      "signal": "FCF TURNED POSITIVE",
      "detail": "FCF margin: -33.9% -> +66.3%",
      "severity": "HIGH"
    },
    {
      "quarter": "2025-03 (Q1)",
      "signal": "YoY REVENUE GROWTH DECELERATION",
      "detail": "YoY growth: -76.5% vs prior quarter YoY: +46.8% (decel: -123.4%)",
      "severity": "WARNING"
    },
    {
      "quarter": "2025-03 (Q1)",
      "signal": "OP MARGIN TURNED POSITIVE (YoY)",
      "detail": "Op margin: -78.9% (year-ago) -> +38.7%",
      "severity": "HIGH"
    },
    {
      "quarter": "2025-03 (Q1)",
      "signal": "OP MARGIN TURNED POSITIVE (QoQ)",
      "detail": "Op margin: -14.1% -> +38.7%",
      "severity": "HIGH"
    },
    {
      "quarter": "2024-12 (Q4)",
      "signal": "OPERATING LEVERAGE",
      "detail": "Rev growth +58.0% vs OpEx growth +16.9% (leverage: 3.4x)",
      "severity": "MEDIUM"
    },
    {
      "quarter": "2024-12 (Q4)",
      "signal": "YoY REVENUE GROWTH ACCELERATION",
      "detail": "YoY growth: +46.8% vs prior quarter YoY: -12.1% (accel: +58.9%)",
      "severity": "HIGH"
    },
    {
      "quarter": "2024-09 (Q3)",
      "signal": "FCF MARGIN EXPANSION",
      "detail": "FCF margin: -27.4% -> -10.2% (+17.2%)",
      "severity": "MEDIUM"
    },
    {
      "quarter": "2024-09 (Q3)",
      "signal": "YoY REVENUE GROWTH DECELERATION",
      "detail": "YoY growth: -12.1% vs prior quarter YoY: +69.2% (decel: -81.3%)",
      "severity": "WARNING"
    },
    {
      "quarter": "2024-06 (Q2)",
      "signal": "YoY REVENUE GROWTH ACCELERATION",
      "detail": "YoY growth: +69.2% vs prior quarter YoY: -38.0% (accel: +107.2%)",
      "severity": "HIGH"
    },
    {
      "quarter": "2024-03 (Q1)",
      "signal": "FCF TURNED POSITIVE",
      "detail": "FCF margin: -3.5% -> +3.0%",
      "severity": "HIGH"
    },
    {
      "quarter": "2024-03 (Q1)",
      "signal": "YoY REVENUE GROWTH DECELERATION",
      "detail": "YoY growth: -38.0% vs prior quarter YoY: +2573.5% (decel: -2611.5%)",
      "severity": "WARNING"
    },
    {
      "quarter": "2023-12 (Q4)",
      "signal": "FCF MARGIN EXPANSION",
      "detail": "FCF margin: -46.2% -> -3.5% (+42.7%)",
      "severity": "MEDIUM"
    },
    {
      "quarter": "2023-12 (Q4)",
      "signal": "YoY REVENUE GROWTH ACCELERATION",
      "detail": "YoY growth: +2573.5% vs prior quarter YoY: -19.8% (accel: +2593.2%)",
      "severity": "HIGH"
    },
    {
      "quarter": "2023-09 (Q3)",
      "signal": "FCF MARGIN EXPANSION",
      "detail": "FCF margin: -60.8% -> -46.2% (+14.6%)",
      "severity": "MEDIUM"
    },
    {
      "quarter": "2023-09 (Q3)",
      "signal": "GROSS MARGIN INFLECTION",
      "detail": "GM: +76.3% -> +6.7% -> +63.0% (reversal +56.3%)",
      "severity": "HIGH"
    },
    {
      "quarter": "2023-09 (Q3)",
      "signal": "YoY REVENUE GROWTH ACCELERATION",
      "detail": "YoY growth: -19.8% vs prior quarter YoY: -59.3% (accel: +39.5%)",
      "severity": "HIGH"
    },
    {
      "quarter": "2023-06 (Q2)",
      "signal": "FCF MARGIN EXPANSION",
      "detail": "FCF margin: -85.1% -> -60.8% (+24.3%)",
      "severity": "MEDIUM"
    },
    {
      "quarter": "2023-06 (Q2)",
      "signal": "YoY REVENUE GROWTH DECELERATION",
      "detail": "YoY growth: -59.3% vs prior quarter YoY: +36.7% (decel: -95.9%)",
      "severity": "WARNING"
    },
    {
      "quarter": "2023-03 (Q1)",
      "signal": "FCF MARGIN EXPANSION",
      "detail": "FCF margin: -3627.6% -> -85.1% (+3542.5%)",
      "severity": "MEDIUM"
    },
    {
      "quarter": "2023-03 (Q1)",
      "signal": "GROSS MARGIN INFLECTION",
      "detail": "GM: +73.6% -> -112.2% -> +76.3% (reversal +188.5%)",
      "severity": "HIGH"
    },
    {
      "quarter": "2023-03 (Q1)",
      "signal": "YoY REVENUE GROWTH ACCELERATION",
      "detail": "YoY growth: +36.7% vs prior quarter YoY: -94.9% (accel: +131.6%)",
      "severity": "HIGH"
    },
    {
      "quarter": "2022-12 (Q4)",
      "signal": "YoY REVENUE GROWTH DECELERATION",
      "detail": "YoY growth: -94.9% vs prior quarter YoY: +272.1% (decel: -367.1%)",
      "severity": "WARNING"
    },
    {
      "quarter": "2022-09 (Q3)",
      "signal": "FCF MARGIN EXPANSION",
      "detail": "FCF margin: -444.6% -> -256.9% (+187.7%)",
      "severity": "MEDIUM"
    },
    {
      "quarter": "2022-09 (Q3)",
      "signal": "YoY REVENUE GROWTH ACCELERATION",
      "detail": "YoY growth: +272.1% vs prior quarter YoY: +224.9% (accel: +47.2%)",
      "severity": "HIGH"
    },
    {
      "quarter": "2022-06 (Q2)",
      "signal": "FCF MARGIN EXPANSION",
      "detail": "FCF margin: -493.6% -> -444.6% (+49.0%)",
      "severity": "MEDIUM"
    },
    {
      "quarter": "2022-06 (Q2)",
      "signal": "YoY REVENUE GROWTH DECELERATION",
      "detail": "YoY growth: +224.9% vs prior quarter YoY: +284.7% (decel: -59.8%)",
      "severity": "WARNING"
    },
    {
      "quarter": "2022-03 (Q1)",
      "signal": "FCF MARGIN EXPANSION",
      "detail": "FCF margin: -597.1% -> -493.6% (+103.5%)",
      "severity": "MEDIUM"
    },
    {
      "quarter": "2022-03 (Q1)",
      "signal": "YoY REVENUE GROWTH DECELERATION",
      "detail": "YoY growth: +284.7% vs prior quarter YoY: +2025.0% (decel: -1740.3%)",
      "severity": "WARNING"
    },
    {
      "quarter": "2021-12 (Q4)",
      "signal": "FCF MARGIN EXPANSION",
      "detail": "FCF margin: -2217.5% -> -597.1% (+1620.4%)",
      "severity": "MEDIUM"
    },
    {
      "quarter": "2021-12 (Q4)",
      "signal": "GROSS MARGIN INFLECTION",
      "detail": "GM: +54.8% -> +44.2% -> +50.8% (reversal +6.6%)",
      "severity": "HIGH"
    },
    {
      "quarter": "2021-09 (Q3)",
      "signal": "FCF MARGIN EXPANSION",
      "detail": "FCF margin: -2956.9% -> -2217.5% (+739.4%)",
      "severity": "MEDIUM"
    },
    {
      "quarter": "2021-06 (Q2)",
      "signal": "FCF MARGIN EXPANSION",
      "detail": "FCF margin: -3204.9% -> -2956.9% (+248.0%)",
      "severity": "MEDIUM"
    },
    {
      "quarter": "2021-03 (Q1)",
      "signal": "FCF MARGIN EXPANSION",
      "detail": "FCF margin: -24107.1% -> -3204.9% (+20902.3%)",
      "severity": "MEDIUM"
    },
    {
      "quarter": "2021-03 (Q1)",
      "signal": "OPERATING LEVERAGE",
      "detail": "Rev growth +557.7% vs OpEx growth +27.6% (leverage: 20.2x)",
      "severity": "MEDIUM"
    }
  ],
  "data_quality": {
    "n_quarters": 20,
    "coverage": {
      "revenue": [
        20,
        20
      ],
      "gross_profit": [
        20,
        20
      ],
      "op_income": [
        20,
        20
      ],
      "fcf": [
        20,
        20
      ]
    },
    "gaps": [],
    "warnings": []
  },
  "market_cap": null,
  "source": "SEC EDGAR",
  "last_updated": "2026-02-03T00:32:07.901979"
}