{
  "ticker": "EVGO",
  "name": "EVgo Inc.",
  "quarters": [
    {
      "date": "2020-12-31T00:00:00",
      "quarter_label": "2020-12 (Q4)",
      "revenue": 4194000,
      "gross_profit": -2851000,
      "operating_income": -17151000,
      "net_income": null,
      "opex": 14300000,
      "cogs": 7045000,
      "rd": null,
      "sga": null,
      "fcf": -7734000,
      "ocf": -159000,
      "capex": -7575000,
      "gross_margin": -0.6797806390081068,
      "op_margin": -4.089413447782547,
      "fcf_margin": -1.844062947067239
    },
    {
      "date": "2021-03-31T00:00:00",
      "quarter_label": "2021-03 (Q1)",
      "revenue": 4130000,
      "gross_profit": -1678000,
      "operating_income": -1914450,
      "net_income": -30921978,
      "opex": 1914450,
      "cogs": 5808000,
      "rd": null,
      "sga": null,
      "fcf": -47000,
      "ocf": 7780000,
      "capex": -7827000,
      "gross_margin": -0.4062953995157385,
      "op_margin": -0.463547215496368,
      "fcf_margin": -0.011380145278450363,
      "fcf_margin_change": 1.8326828017887886
    },
    {
      "date": "2021-06-30T00:00:00",
      "quarter_label": "2021-06 (Q2)",
      "revenue": 4783000,
      "gross_profit": -1674000,
      "operating_income": -4393929,
      "net_income": -25798645,
      "opex": 4393929,
      "cogs": 6457000,
      "rd": null,
      "sga": null,
      "fcf": -24651000,
      "ocf": -9137000,
      "capex": -15514000,
      "gross_margin": -0.34998954630984735,
      "op_margin": -0.9186554463725695,
      "fcf_margin": -5.1538783190466235,
      "op_leverage_ratio": 0.12208061924264266,
      "fcf_margin_change": -5.142498173768173
    },
    {
      "date": "2021-09-30T00:00:00",
      "quarter_label": "2021-09 (Q3)",
      "revenue": 6181000,
      "gross_profit": -1653000,
      "operating_income": -25929000,
      "net_income": 6130000,
      "opex": 24276000,
      "cogs": 7834000,
      "rd": null,
      "sga": null,
      "fcf": -32778000,
      "ocf": -16440000,
      "capex": -16338000,
      "gross_margin": -0.26743245429542145,
      "op_margin": -4.194952273094969,
      "fcf_margin": -5.303025400420644,
      "op_leverage_ratio": 0.06459489627759865,
      "fcf_margin_change": -0.14914708137402055
    },
    {
      "date": "2021-12-31T00:00:00",
      "quarter_label": "2021-12 (Q4)",
      "revenue": 7119000,
      "gross_profit": -1826000,
      "operating_income": -30152000,
      "net_income": -12036000,
      "opex": 28326000,
      "cogs": 8945000,
      "rd": null,
      "sga": null,
      "fcf": -37130000,
      "ocf": -11806000,
      "capex": -25324000,
      "gross_margin": -0.25649669897457505,
      "op_margin": -4.235426323921899,
      "fcf_margin": -5.215620171372383,
      "incr_op_margin_yoy": -4.444786324786325,
      "rev_growth_yoy": 0.6974248927038627,
      "op_leverage_ratio": 0.909632985193574,
      "fcf_margin_change": 0.08740522904826076
    },
    {
      "date": "2022-03-31T00:00:00",
      "quarter_label": "2022-03 (Q1)",
      "revenue": 7700000,
      "gross_profit": -600000,
      "operating_income": -29915000,
      "net_income": -14399000,
      "opex": 29315000,
      "cogs": 8300000,
      "rd": null,
      "sga": null,
      "fcf": -48105000,
      "ocf": -19831000,
      "capex": -28274000,
      "gross_margin": -0.07792207792207792,
      "op_margin": -3.885064935064935,
      "fcf_margin": -6.247402597402598,
      "incr_op_margin_yoy": -7.843291316526611,
      "rev_growth_yoy": 0.864406779661017,
      "rev_growth_yoy_accel": 0.16698188695715432,
      "op_leverage_ratio": 2.3374702852319467,
      "fcf_margin_change": -1.0317824260302144
    },
    {
      "date": "2022-06-30T00:00:00",
      "quarter_label": "2022-06 (Q2)",
      "revenue": 9076000,
      "gross_profit": -744000,
      "operating_income": -37054000,
      "net_income": 4479000,
      "opex": 36310000,
      "cogs": 9820000,
      "rd": null,
      "sga": null,
      "fcf": -62556000,
      "ocf": -18539000,
      "capex": -44017000,
      "gross_margin": -0.08197443807844866,
      "op_margin": -4.082635522256501,
      "fcf_margin": -6.892463640370207,
      "incr_op_margin_yoy": -7.607750058234335,
      "rev_growth_yoy": 0.897553836504286,
      "rev_growth_yoy_accel": 0.03314705684326902,
      "op_leverage_ratio": 0.7489104462371081,
      "fcf_margin_change": -0.6450610429676091
    },
    {
      "date": "2022-09-30T00:00:00",
      "quarter_label": "2022-09 (Q3)",
      "revenue": 10509000,
      "gross_profit": -3208000,
      "operating_income": -40046000,
      "net_income": -13218000,
      "opex": 36838000,
      "cogs": 13717000,
      "rd": null,
      "sga": null,
      "fcf": -80561000,
      "ocf": -18967000,
      "capex": -61594000,
      "gross_margin": -0.30526215624702635,
      "op_margin": -3.810638500333048,
      "fcf_margin": -7.665905414406699,
      "incr_op_margin_yoy": -3.2617837338262476,
      "rev_growth_yoy": 0.7002103219543763,
      "rev_growth_yoy_accel": -0.19734351454990973,
      "op_leverage_ratio": 10.857854798536266,
      "fcf_margin_change": -0.7734417740364918
    },
    {
      "date": "2022-12-31T00:00:00",
      "quarter_label": "2022-12 (Q4)",
      "revenue": 27303000,
      "gross_profit": -1099000,
      "operating_income": -42488000,
      "net_income": -4437000,
      "opex": 41389000,
      "cogs": 28402000,
      "rd": null,
      "sga": null,
      "fcf": -67823000,
      "ocf": -1457000,
      "capex": -66366000,
      "gross_margin": -0.0402519869611398,
      "op_margin": -1.5561659890854485,
      "fcf_margin": -2.4840859978756913,
      "incr_op_margin_yoy": -0.6111771700356718,
      "rev_growth_yoy": 2.835229667088074,
      "rev_growth_yoy_accel": 2.135019345133698,
      "op_leverage_ratio": 12.935462606587706,
      "fcf_margin_change": 5.181819416531008
    },
    {
      "date": "2023-03-31T00:00:00",
      "quarter_label": "2023-03 (Q1)",
      "revenue": 25300000,
      "gross_profit": 41000,
      "operating_income": -42632000,
      "net_income": -13076000,
      "opex": 42673000,
      "cogs": 25259000,
      "rd": null,
      "sga": null,
      "fcf": -84589000,
      "ocf": -19343000,
      "capex": -65246000,
      "gross_margin": 0.0016205533596837945,
      "op_margin": -1.6850592885375495,
      "fcf_margin": -3.3434387351778656,
      "incr_op_margin_yoy": -0.7225568181818182,
      "rev_growth_yoy": 2.2857142857142856,
      "rev_growth_yoy_accel": -0.5495153813737885,
      "fcf_margin_change": -0.8593527373021743
    },
    {
      "date": "2023-06-30T00:00:00",
      "quarter_label": "2023-06 (Q2)",
      "revenue": 50552000,
      "gross_profit": 5529000,
      "operating_income": -33587000,
      "net_income": -7026000,
      "opex": 39116000,
      "cogs": 45023000,
      "rd": null,
      "sga": null,
      "fcf": -37993000,
      "ocf": -3182000,
      "capex": -34811000,
      "gross_margin": 0.1093725272986232,
      "op_margin": -0.6644049691406868,
      "fcf_margin": -0.7515627472701377,
      "incr_op_margin_yoy": 0.08359051017455878,
      "rev_growth_yoy": 4.569854561480828,
      "rev_growth_yoy_accel": 2.2841402757665428,
      "op_leverage_ratio": Infinity,
      "fcf_margin_change": 2.591875987907728
    },
    {
      "date": "2023-09-30T00:00:00",
      "quarter_label": "2023-09 (Q3)",
      "revenue": 35107000,
      "gross_profit": 604000,
      "operating_income": -36372000,
      "net_income": -9721000,
      "opex": 36976000,
      "cogs": 34503000,
      "rd": null,
      "sga": null,
      "fcf": -31284000,
      "ocf": -7256000,
      "capex": -24028000,
      "gross_margin": 0.017204546101916997,
      "op_margin": -1.0360327000313327,
      "fcf_margin": -0.8911043381661777,
      "incr_op_margin_yoy": 0.14936173672656314,
      "rev_growth_yoy": 2.340660386335522,
      "rev_growth_yoy_accel": -2.2291941751453064,
      "fcf_margin_change": -0.13954159089604
    },
    {
      "date": "2023-12-31T00:00:00",
      "quarter_label": "2023-12 (Q4)",
      "revenue": 49994000,
      "gross_profit": 3540000,
      "operating_income": -40816000,
      "net_income": -12604000,
      "opex": 44356000,
      "cogs": 46454000,
      "rd": null,
      "sga": null,
      "fcf": -42085000,
      "ocf": -7274000,
      "capex": -34811000,
      "gross_margin": 0.07080849701964236,
      "op_margin": -0.8164179701564188,
      "fcf_margin": -0.8418010161219346,
      "incr_op_margin_yoy": 0.07368560222114495,
      "rev_growth_yoy": 0.8310808336080284,
      "rev_growth_yoy_accel": -1.5095795527274936,
      "op_leverage_ratio": 2.1245993066647277,
      "fcf_margin_change": 0.04930332204424315
    },
    {
      "date": "2024-03-31T00:00:00",
      "quarter_label": "2024-03 (Q1)",
      "revenue": 55158000,
      "gross_profit": 6841000,
      "operating_income": -32370000,
      "net_income": -9833000,
      "opex": 39211000,
      "cogs": 48317000,
      "rd": null,
      "sga": 34226000,
      "fcf": -35153000,
      "ocf": -14082000,
      "capex": -21071000,
      "gross_margin": 0.12402552666884223,
      "op_margin": -0.5868595670618949,
      "fcf_margin": -0.6373146234453752,
      "incr_op_margin_yoy": 0.3436934824837565,
      "rev_growth_yoy": 1.1801581027667984,
      "rev_growth_yoy_accel": 0.34907726915877,
      "op_leverage_ratio": Infinity,
      "fcf_margin_change": 0.20448639267655944
    },
    {
      "date": "2024-06-30T00:00:00",
      "quarter_label": "2024-06 (Q2)",
      "revenue": 66619000,
      "gross_profit": 6398000,
      "operating_income": -32387000,
      "net_income": -10377000,
      "opex": 38785000,
      "cogs": 60221000,
      "rd": null,
      "sga": 33827000,
      "fcf": -16640000,
      "ocf": 7556000,
      "capex": -24196000,
      "gross_margin": 0.09603866764736786,
      "op_margin": -0.4861525991083625,
      "fcf_margin": -0.24977859169306055,
      "incr_op_margin_yoy": 0.07468724715254871,
      "rev_growth_yoy": 0.3178311441683811,
      "rev_growth_yoy_accel": -0.8623269585984173,
      "op_leverage_ratio": Infinity,
      "fcf_margin_change": 0.3875360317523146
    },
    {
      "date": "2024-09-30T00:00:00",
      "quarter_label": "2024-09 (Q3)",
      "revenue": 67535000,
      "gross_profit": 6368000,
      "operating_income": -31789000,
      "net_income": -11709000,
      "opex": 38157000,
      "cogs": 61167000,
      "rd": null,
      "sga": 33114000,
      "fcf": -13734000,
      "ocf": 12101000,
      "capex": -25835000,
      "gross_margin": 0.09429184867105946,
      "op_margin": -0.4707040793662545,
      "fcf_margin": -0.2033612201080921,
      "incr_op_margin_yoy": 0.14132848155914643,
      "rev_growth_yoy": 0.9236904321075569,
      "rev_growth_yoy_accel": 0.6058592879391758,
      "op_leverage_ratio": Infinity,
      "fcf_margin_change": 0.04641737158496845
    },
    {
      "date": "2024-12-31T00:00:00",
      "quarter_label": "2024-12 (Q4)",
      "revenue": 67513000,
      "gross_profit": 9760000,
      "operating_income": -35024000,
      "net_income": -12415000,
      "opex": 44784000,
      "cogs": 57753000,
      "rd": null,
      "sga": null,
      "fcf": -36516000,
      "ocf": -12831000,
      "capex": -23685000,
      "gross_margin": 0.14456475049249773,
      "op_margin": -0.5187741620132419,
      "fcf_margin": -0.5408736095270541,
      "incr_op_margin_yoy": 0.3306124778811576,
      "rev_growth_yoy": 0.3504220506460775,
      "rev_growth_yoy_accel": -0.5732683814614794,
      "fcf_margin_change": -0.337512389418962
    },
    {
      "date": "2025-03-31T00:00:00",
      "quarter_label": "2025-03 (Q1)",
      "revenue": 75287000,
      "gross_profit": 9323000,
      "operating_income": -33400000,
      "net_income": -11362000,
      "opex": 42723000,
      "cogs": 65964000,
      "rd": null,
      "sga": 38628000,
      "fcf": -25238000,
      "ocf": -10246000,
      "capex": -14992000,
      "gross_margin": 0.12383279981935792,
      "op_margin": -0.44363568743607795,
      "fcf_margin": -0.33522387663208786,
      "incr_op_margin_yoy": -0.05116995379800288,
      "rev_growth_yoy": 0.36493346386743536,
      "rev_growth_yoy_accel": 0.01451141322135785,
      "op_leverage_ratio": Infinity,
      "fcf_margin_change": 0.20564973289496624
    },
    {
      "date": "2025-06-30T00:00:00",
      "quarter_label": "2025-06 (Q2)",
      "revenue": 98030000,
      "gross_profit": 13908000,
      "operating_income": -30812000,
      "net_income": -12998000,
      "opex": 44720000,
      "cogs": 84122000,
      "rd": null,
      "sga": 40596000,
      "fcf": -12110000,
      "ocf": 14089000,
      "capex": -26199000,
      "gross_margin": 0.14187493624400693,
      "op_margin": -0.31431194532286033,
      "fcf_margin": -0.12353361215954299,
      "incr_op_margin_yoy": 0.05014167011556461,
      "rev_growth_yoy": 0.47150212401867336,
      "rev_growth_yoy_accel": 0.106568660151238,
      "op_leverage_ratio": 6.462661895668693,
      "fcf_margin_change": 0.21169026447254485
    },
    {
      "date": "2025-09-30T00:00:00",
      "quarter_label": "2025-09 (Q3)",
      "revenue": 92299000,
      "gross_profit": 12560000,
      "operating_income": -34084000,
      "net_income": -12385000,
      "opex": 46644000,
      "cogs": 79739000,
      "rd": null,
      "sga": 43402000,
      "fcf": -48980000,
      "ocf": -22828000,
      "capex": -26152000,
      "gross_margin": 0.13607948081777702,
      "op_margin": -0.3692781070217446,
      "fcf_margin": -0.5306666377750572,
      "incr_op_margin_yoy": -0.0926748505895655,
      "rev_growth_yoy": 0.36668394165988005,
      "rev_growth_yoy_accel": -0.10481818235879331,
      "fcf_margin_change": -0.4071330256155142
    }
  ],
  "signals": [
    {
      "quarter": "2025-09 (Q3)",
      "signal": "YoY REVENUE GROWTH DECELERATION",
      "detail": "YoY growth: +36.7% vs prior quarter YoY: +47.2% (decel: -10.5%)",
      "severity": "WARNING"
    },
    {
      "quarter": "2025-06 (Q2)",
      "signal": "FCF MARGIN EXPANSION",
      "detail": "FCF margin: -33.5% -> -12.4% (+21.2%)",
      "severity": "MEDIUM"
    },
    {
      "quarter": "2025-06 (Q2)",
      "signal": "OPERATING LEVERAGE",
      "detail": "Rev growth +30.2% vs OpEx growth +4.7% (leverage: 6.5x)",
      "severity": "MEDIUM"
    },
    {
      "quarter": "2025-06 (Q2)",
      "signal": "YoY REVENUE GROWTH ACCELERATION",
      "detail": "YoY growth: +47.2% vs prior quarter YoY: +36.5% (accel: +10.7%)",
      "severity": "MEDIUM"
    },
    {
      "quarter": "2025-03 (Q1)",
      "signal": "FCF MARGIN EXPANSION",
      "detail": "FCF margin: -54.1% -> -33.5% (+20.6%)",
      "severity": "MEDIUM"
    },
    {
      "quarter": "2024-12 (Q4)",
      "signal": "GROSS MARGIN INFLECTION",
      "detail": "GM: +9.6% -> +9.4% -> +14.5% (reversal +5.0%)",
      "severity": "HIGH"
    },
    {
      "quarter": "2024-12 (Q4)",
      "signal": "YoY REVENUE GROWTH DECELERATION",
      "detail": "YoY growth: +35.0% vs prior quarter YoY: +92.4% (decel: -57.3%)",
      "severity": "WARNING"
    },
    {
      "quarter": "2024-09 (Q3)",
      "signal": "YoY REVENUE GROWTH ACCELERATION",
      "detail": "YoY growth: +92.4% vs prior quarter YoY: +31.8% (accel: +60.6%)",
      "severity": "HIGH"
    },
    {
      "quarter": "2024-06 (Q2)",
      "signal": "FCF MARGIN EXPANSION",
      "detail": "FCF margin: -63.7% -> -25.0% (+38.8%)",
      "severity": "MEDIUM"
    },
    {
      "quarter": "2024-06 (Q2)",
      "signal": "YoY REVENUE GROWTH DECELERATION",
      "detail": "YoY growth: +31.8% vs prior quarter YoY: +118.0% (decel: -86.2%)",
      "severity": "WARNING"
    },
    {
      "quarter": "2024-03 (Q1)",
      "signal": "FCF MARGIN EXPANSION",
      "detail": "FCF margin: -84.2% -> -63.7% (+20.4%)",
      "severity": "MEDIUM"
    },
    {
      "quarter": "2024-03 (Q1)",
      "signal": "YoY REVENUE GROWTH ACCELERATION",
      "detail": "YoY growth: +118.0% vs prior quarter YoY: +83.1% (accel: +34.9%)",
      "severity": "HIGH"
    },
    {
      "quarter": "2023-12 (Q4)",
      "signal": "OPERATING LEVERAGE",
      "detail": "Rev growth +42.4% vs OpEx growth +20.0% (leverage: 2.1x)",
      "severity": "MEDIUM"
    },
    {
      "quarter": "2023-12 (Q4)",
      "signal": "GROSS MARGIN INFLECTION",
      "detail": "GM: +10.9% -> +1.7% -> +7.1% (reversal +5.4%)",
      "severity": "HIGH"
    },
    {
      "quarter": "2023-12 (Q4)",
      "signal": "YoY REVENUE GROWTH DECELERATION",
      "detail": "YoY growth: +83.1% vs prior quarter YoY: +234.1% (decel: -151.0%)",
      "severity": "WARNING"
    },
    {
      "quarter": "2023-09 (Q3)",
      "signal": "YoY REVENUE GROWTH DECELERATION",
      "detail": "YoY growth: +234.1% vs prior quarter YoY: +457.0% (decel: -222.9%)",
      "severity": "WARNING"
    },
    {
      "quarter": "2023-06 (Q2)",
      "signal": "FCF MARGIN EXPANSION",
      "detail": "FCF margin: -334.3% -> -75.2% (+259.2%)",
      "severity": "MEDIUM"
    },
    {
      "quarter": "2023-06 (Q2)",
      "signal": "YoY REVENUE GROWTH ACCELERATION",
      "detail": "YoY growth: +457.0% vs prior quarter YoY: +228.6% (accel: +228.4%)",
      "severity": "HIGH"
    },
    {
      "quarter": "2023-03 (Q1)",
      "signal": "YoY REVENUE GROWTH DECELERATION",
      "detail": "YoY growth: +228.6% vs prior quarter YoY: +283.5% (decel: -55.0%)",
      "severity": "WARNING"
    },
    {
      "quarter": "2022-12 (Q4)",
      "signal": "FCF MARGIN EXPANSION",
      "detail": "FCF margin: -766.6% -> -248.4% (+518.2%)",
      "severity": "MEDIUM"
    },
    {
      "quarter": "2022-12 (Q4)",
      "signal": "OPERATING LEVERAGE",
      "detail": "Rev growth +159.8% vs OpEx growth +12.4% (leverage: 12.9x)",
      "severity": "MEDIUM"
    },
    {
      "quarter": "2022-12 (Q4)",
      "signal": "GROSS MARGIN INFLECTION",
      "detail": "GM: -8.2% -> -30.5% -> -4.0% (reversal +26.5%)",
      "severity": "HIGH"
    },
    {
      "quarter": "2022-12 (Q4)",
      "signal": "YoY REVENUE GROWTH ACCELERATION",
      "detail": "YoY growth: +283.5% vs prior quarter YoY: +70.0% (accel: +213.5%)",
      "severity": "HIGH"
    },
    {
      "quarter": "2022-09 (Q3)",
      "signal": "OPERATING LEVERAGE",
      "detail": "Rev growth +15.8% vs OpEx growth +1.5% (leverage: 10.9x)",
      "severity": "MEDIUM"
    },
    {
      "quarter": "2022-09 (Q3)",
      "signal": "YoY REVENUE GROWTH DECELERATION",
      "detail": "YoY growth: +70.0% vs prior quarter YoY: +89.8% (decel: -19.7%)",
      "severity": "WARNING"
    },
    {
      "quarter": "2022-03 (Q1)",
      "signal": "OPERATING LEVERAGE",
      "detail": "Rev growth +8.2% vs OpEx growth +3.5% (leverage: 2.3x)",
      "severity": "MEDIUM"
    },
    {
      "quarter": "2022-03 (Q1)",
      "signal": "YoY REVENUE GROWTH ACCELERATION",
      "detail": "YoY growth: +86.4% vs prior quarter YoY: +69.7% (accel: +16.7%)",
      "severity": "HIGH"
    },
    {
      "quarter": "2021-12 (Q4)",
      "signal": "FCF MARGIN EXPANSION",
      "detail": "FCF margin: -530.3% -> -521.6% (+8.7%)",
      "severity": "MEDIUM"
    },
    {
      "quarter": "2021-03 (Q1)",
      "signal": "FCF MARGIN EXPANSION",
      "detail": "FCF margin: -184.4% -> -1.1% (+183.3%)",
      "severity": "MEDIUM"
    }
  ],
  "data_quality": {
    "n_quarters": 20,
    "coverage": {
      "revenue": [
        20,
        20
      ],
      "gross_profit": [
        20,
        20
      ],
      "op_income": [
        20,
        20
      ],
      "fcf": [
        20,
        20
      ]
    },
    "gaps": [],
    "warnings": []
  },
  "market_cap": null,
  "source": "SEC EDGAR",
  "last_updated": "2026-02-02T22:03:11.869660"
}