{
  "ticker": "EVH",
  "name": "Evolent Health, Inc.",
  "quarters": [
    {
      "date": "2020-12-31T00:00:00",
      "quarter_label": "2020-12 (Q4)",
      "revenue": 246536000,
      "gross_profit": null,
      "operating_income": 53000,
      "net_income": -14625000,
      "opex": 276659000,
      "cogs": null,
      "rd": null,
      "sga": 61633000,
      "fcf": -12851000,
      "ocf": -12851000,
      "capex": null,
      "gross_margin": null,
      "op_margin": 0.00021497874549761495,
      "fcf_margin": -0.05212626147905377
    },
    {
      "date": "2021-03-31T00:00:00",
      "quarter_label": "2021-03 (Q1)",
      "revenue": 215071000,
      "gross_profit": null,
      "operating_income": -15945000,
      "net_income": -9807000,
      "opex": 231016000,
      "cogs": null,
      "rd": 3400000,
      "sga": 58591000,
      "fcf": -48163000,
      "ocf": -48163000,
      "capex": null,
      "gross_margin": null,
      "op_margin": -0.07413830781462866,
      "fcf_margin": -0.22394000120890312,
      "fcf_margin_change": -0.17181373972984934
    },
    {
      "date": "2021-06-30T00:00:00",
      "quarter_label": "2021-06 (Q2)",
      "revenue": 222057000,
      "gross_profit": 49944000,
      "operating_income": -7671000,
      "net_income": -9107000,
      "opex": 229728000,
      "cogs": 172113000,
      "rd": null,
      "sga": 42699000,
      "fcf": -24247000,
      "ocf": -24247000,
      "capex": null,
      "gross_margin": 0.224915224469393,
      "op_margin": -0.03454518434456018,
      "fcf_margin": -0.10919268476111989,
      "op_leverage_ratio": Infinity,
      "fcf_margin_change": 0.11474731644778323
    },
    {
      "date": "2021-09-30T00:00:00",
      "quarter_label": "2021-09 (Q3)",
      "revenue": 222471000,
      "gross_profit": 59345000,
      "operating_income": -6581000,
      "net_income": -13040000,
      "opex": 229052000,
      "cogs": 163126000,
      "rd": 4200000,
      "sga": 51292000,
      "fcf": 44501000,
      "ocf": 44501000,
      "capex": null,
      "gross_margin": 0.2667538690436057,
      "op_margin": -0.029581383641013884,
      "fcf_margin": 0.2000305657816075,
      "fcf_margin_change": 0.30922325054272737
    },
    {
      "date": "2021-12-31T00:00:00",
      "quarter_label": "2021-12 (Q4)",
      "revenue": 248358000,
      "gross_profit": 83878000,
      "operating_income": -12214000,
      "net_income": -5647000,
      "opex": 260572000,
      "cogs": 164480000,
      "rd": 4400000,
      "sga": 66917000,
      "fcf": 66656000,
      "ocf": 66656000,
      "capex": null,
      "gross_margin": 0.3377302120326303,
      "op_margin": -0.049179007722722844,
      "fcf_margin": 0.2683867642677103,
      "incr_op_margin_yoy": -6.732711306256861,
      "rev_growth_yoy": 0.0073904014018236685,
      "op_leverage_ratio": 0.8455829085759812,
      "fcf_margin_change": 0.0683561984861028
    },
    {
      "date": "2022-03-31T00:00:00",
      "quarter_label": "2022-03 (Q1)",
      "revenue": 297057000,
      "gross_profit": 77318000,
      "operating_income": -2798000,
      "net_income": -5350000,
      "opex": 299855000,
      "cogs": 219739000,
      "rd": 4100000,
      "sga": 58932000,
      "fcf": -57442000,
      "ocf": -57442000,
      "capex": null,
      "gross_margin": 0.26028001360008346,
      "op_margin": -0.009419067721009772,
      "fcf_margin": -0.1933702959364701,
      "incr_op_margin_yoy": 0.16035664625667798,
      "rev_growth_yoy": 0.3812043464716303,
      "rev_growth_yoy_accel": 0.37381394506980664,
      "op_leverage_ratio": 1.3006636075933324,
      "fcf_margin_change": -0.4617570602041804
    },
    {
      "date": "2022-06-30T00:00:00",
      "quarter_label": "2022-06 (Q2)",
      "revenue": 319939000,
      "gross_profit": 70234000,
      "operating_income": -4633000,
      "net_income": -4588000,
      "opex": 324572000,
      "cogs": 249705000,
      "rd": 3800000,
      "sga": 58955000,
      "fcf": 13664000,
      "ocf": 13664000,
      "capex": null,
      "gross_margin": 0.21952309659028751,
      "op_margin": -0.014480885418782955,
      "fcf_margin": 0.042708141239423764,
      "incr_op_margin_yoy": 0.03103737152898388,
      "rev_growth_yoy": 0.4407967323705175,
      "rev_growth_yoy_accel": 0.05959238589888716,
      "op_leverage_ratio": 0.9344793910099181,
      "fcf_margin_change": 0.23607843717589386
    },
    {
      "date": "2022-09-30T00:00:00",
      "quarter_label": "2022-09 (Q3)",
      "revenue": 352585000,
      "gross_profit": 85968000,
      "operating_income": 12951000,
      "net_income": 2123000,
      "opex": 339634000,
      "cogs": 266617000,
      "rd": 3800000,
      "sga": 68521000,
      "fcf": -3470000,
      "ocf": -3470000,
      "capex": null,
      "gross_margin": 0.24382205709261595,
      "op_margin": 0.03673156827431683,
      "fcf_margin": -0.009841598479799197,
      "incr_op_margin_yoy": 0.150114514963801,
      "rev_growth_yoy": 0.5848582511877952,
      "rev_growth_yoy_accel": 0.14406151881727774,
      "op_leverage_ratio": 2.1988277111526746,
      "fcf_margin_change": -0.05254973971922296
    },
    {
      "date": "2022-12-31T00:00:00",
      "quarter_label": "2022-12 (Q4)",
      "revenue": 382432000,
      "gross_profit": 83064000,
      "operating_income": -1878000,
      "net_income": -11349000,
      "opex": 384310000,
      "cogs": 299368000,
      "rd": null,
      "sga": 82861000,
      "fcf": 35695000,
      "ocf": 35695000,
      "capex": null,
      "gross_margin": 0.21719939753995482,
      "op_margin": -0.00491067693080077,
      "fcf_margin": 0.0933368546565141,
      "incr_op_margin_yoy": 0.07709175529931232,
      "rev_growth_yoy": 0.5398416801552598,
      "rev_growth_yoy_accel": -0.045016571032535424,
      "op_leverage_ratio": 0.6435373104511699,
      "fcf_margin_change": 0.1031784531363133
    },
    {
      "date": "2023-03-31T00:00:00",
      "quarter_label": "2023-03 (Q1)",
      "revenue": 427690000,
      "gross_profit": 117215000,
      "operating_income": -10355000,
      "net_income": -26258000,
      "opex": 438045000,
      "cogs": 310475000,
      "rd": null,
      "sga": 89726000,
      "fcf": -7974000,
      "ocf": -7974000,
      "capex": null,
      "gross_margin": 0.27406532769061703,
      "op_margin": -0.024211461572634384,
      "fcf_margin": -0.018644345203301455,
      "incr_op_margin_yoy": -0.05784908866825381,
      "rev_growth_yoy": 0.4397573529659291,
      "rev_growth_yoy_accel": -0.10008432718933069,
      "op_leverage_ratio": 0.846380337145886,
      "fcf_margin_change": -0.11198119985981556
    },
    {
      "date": "2023-06-30T00:00:00",
      "quarter_label": "2023-06 (Q2)",
      "revenue": 469136000,
      "gross_profit": 117198000,
      "operating_income": -21568000,
      "net_income": -34323000,
      "opex": 490704000,
      "cogs": 351938000,
      "rd": null,
      "sga": 90389000,
      "fcf": 654000,
      "ocf": 654000,
      "capex": null,
      "gross_margin": 0.24981668428771187,
      "op_margin": -0.045973875379420895,
      "fcf_margin": 0.0013940520446096654,
      "incr_op_margin_yoy": -0.11350764425558155,
      "rev_growth_yoy": 0.4663295190645717,
      "rev_growth_yoy_accel": 0.026572166098642602,
      "op_leverage_ratio": 0.8061199080183712,
      "fcf_margin_change": 0.02003839724791112
    },
    {
      "date": "2023-09-30T00:00:00",
      "quarter_label": "2023-09 (Q3)",
      "revenue": 511015000,
      "gross_profit": 124430000,
      "operating_income": -17938000,
      "net_income": -25324000,
      "opex": 528953000,
      "cogs": 386585000,
      "rd": null,
      "sga": 96567000,
      "fcf": 60521000,
      "ocf": 60521000,
      "capex": null,
      "gross_margin": 0.24349578779487882,
      "op_margin": -0.035102687788029704,
      "fcf_margin": 0.11843292271264053,
      "incr_op_margin_yoy": -0.19496938711102696,
      "rev_growth_yoy": 0.4493384573932527,
      "rev_growth_yoy_accel": -0.01699106167131903,
      "op_leverage_ratio": 1.1452414423126036,
      "fcf_margin_change": 0.11703887066803086
    },
    {
      "date": "2023-12-31T00:00:00",
      "quarter_label": "2023-12 (Q4)",
      "revenue": 556055000,
      "gross_profit": 101627000,
      "operating_income": -21350000,
      "net_income": -33411000,
      "opex": 577405000,
      "cogs": 454428000,
      "rd": null,
      "sga": 81428000,
      "fcf": 89381000,
      "ocf": 89381000,
      "capex": null,
      "gross_margin": 0.1827642948988859,
      "op_margin": -0.03839548246126732,
      "fcf_margin": 0.1607412935770742,
      "incr_op_margin_yoy": -0.11215103989678787,
      "rev_growth_yoy": 0.4539970504560288,
      "rev_growth_yoy_accel": 0.004658593062776106,
      "op_leverage_ratio": 0.9622105394611751,
      "fcf_margin_change": 0.042308370864433675
    },
    {
      "date": "2024-03-31T00:00:00",
      "quarter_label": "2024-03 (Q1)",
      "revenue": 639653000,
      "gross_profit": 104106000,
      "operating_income": -13409000,
      "net_income": -17280000,
      "opex": 653062000,
      "cogs": 535547000,
      "rd": null,
      "sga": 79104000,
      "fcf": 4909000,
      "ocf": 4909000,
      "capex": null,
      "gross_margin": 0.16275386811286743,
      "op_margin": -0.0209629283377081,
      "fcf_margin": 0.007674473503602734,
      "incr_op_margin_yoy": -0.014408175011676566,
      "rev_growth_yoy": 0.4955996165446936,
      "rev_growth_yoy_accel": 0.041602566088664805,
      "op_leverage_ratio": 1.1473860388701247,
      "fcf_margin_change": -0.15306682007347147
    },
    {
      "date": "2024-06-30T00:00:00",
      "quarter_label": "2024-06 (Q2)",
      "revenue": 647145000,
      "gross_profit": 106843000,
      "operating_income": 7788000,
      "net_income": 1596000,
      "opex": 639357000,
      "cogs": 540302000,
      "rd": null,
      "sga": 69185000,
      "fcf": 21417000,
      "ocf": 21417000,
      "capex": null,
      "gross_margin": 0.16509901181342668,
      "op_margin": 0.012034397237095242,
      "fcf_margin": 0.033094592402011916,
      "incr_op_margin_yoy": 0.16491301001634748,
      "rev_growth_yoy": 0.37944007707786226,
      "rev_growth_yoy_accel": -0.11615953946683133,
      "op_leverage_ratio": Infinity,
      "fcf_margin_change": 0.025420118898409182
    },
    {
      "date": "2024-09-30T00:00:00",
      "quarter_label": "2024-09 (Q3)",
      "revenue": 621401000,
      "gross_profit": 80693000,
      "operating_income": -16268000,
      "net_income": -23137000,
      "opex": 637669000,
      "cogs": 540708000,
      "rd": null,
      "sga": 67060000,
      "fcf": 18670000,
      "ocf": 18670000,
      "capex": null,
      "gross_margin": 0.12985656604994197,
      "op_margin": -0.026179552334161034,
      "fcf_margin": 0.030045011192450607,
      "incr_op_margin_yoy": 0.015128730092584204,
      "rev_growth_yoy": 0.2160132285745037,
      "rev_growth_yoy_accel": -0.16342684850335856,
      "fcf_margin_change": -0.0030495812095613084
    },
    {
      "date": "2024-12-31T00:00:00",
      "quarter_label": "2024-12 (Q4)",
      "revenue": 646542000,
      "gross_profit": 75711000,
      "operating_income": -18596000,
      "net_income": -22802000,
      "opex": 665138000,
      "cogs": 570831000,
      "rd": null,
      "sga": 47701000,
      "fcf": -26231000,
      "ocf": -26231000,
      "capex": null,
      "gross_margin": 0.11710144120567573,
      "op_margin": -0.028762245917511933,
      "fcf_margin": -0.04057122352453514,
      "incr_op_margin_yoy": 0.03043531114966791,
      "rev_growth_yoy": 0.1627303054553956,
      "rev_growth_yoy_accel": -0.053282923119108094,
      "op_leverage_ratio": 0.9392107512189429,
      "fcf_margin_change": -0.07061623471698575
    },
    {
      "date": "2025-03-31T00:00:00",
      "quarter_label": "2025-03 (Q1)",
      "revenue": 483649000,
      "gross_profit": 102471000,
      "operating_income": -1622000,
      "net_income": -64618000,
      "opex": 485271000,
      "cogs": 381178000,
      "rd": null,
      "sga": 78409000,
      "fcf": 4565000,
      "ocf": 4565000,
      "capex": null,
      "gross_margin": 0.2118705921029507,
      "op_margin": -0.003353671774365294,
      "fcf_margin": 0.009438663162748192,
      "incr_op_margin_yoy": -0.07555575498064152,
      "rev_growth_yoy": -0.2438884832870322,
      "rev_growth_yoy_accel": -0.4066187887424278,
      "fcf_margin_change": 0.05000988668728333
    },
    {
      "date": "2025-06-30T00:00:00",
      "quarter_label": "2025-06 (Q2)",
      "revenue": 444328000,
      "gross_profit": 100385000,
      "operating_income": -1171000,
      "net_income": -19897000,
      "opex": 445499000,
      "cogs": 343943000,
      "rd": null,
      "sga": 75209000,
      "fcf": -30334000,
      "ocf": -30334000,
      "capex": null,
      "gross_margin": 0.22592544246592608,
      "op_margin": -0.002635440485407177,
      "fcf_margin": -0.06826938657928378,
      "incr_op_margin_yoy": 0.04417282574932082,
      "rev_growth_yoy": -0.31340271500204747,
      "rev_growth_yoy_accel": -0.06951423171501528,
      "fcf_margin_change": -0.07770804974203196
    },
    {
      "date": "2025-09-30T00:00:00",
      "quarter_label": "2025-09 (Q3)",
      "revenue": 479533000,
      "gross_profit": 99774000,
      "operating_income": 886000,
      "net_income": -20864000,
      "opex": 478647000,
      "cogs": 379759000,
      "rd": null,
      "sga": 77592000,
      "fcf": 15812000,
      "ocf": 15812000,
      "capex": null,
      "gross_margin": 0.20806492983798822,
      "op_margin": 0.0018476309242533883,
      "fcf_margin": 0.03297374737505031,
      "incr_op_margin_yoy": -0.1209152169622466,
      "rev_growth_yoy": -0.22830346265937776,
      "rev_growth_yoy_accel": 0.08509925234266971,
      "op_leverage_ratio": 1.064854008757354,
      "fcf_margin_change": 0.10124313395433408
    }
  ],
  "signals": [
    {
      "quarter": "2025-09 (Q3)",
      "signal": "FCF TURNED POSITIVE",
      "detail": "FCF margin: -6.8% -> +3.3%",
      "severity": "HIGH"
    },
    {
      "quarter": "2025-09 (Q3)",
      "signal": "YoY REVENUE GROWTH ACCELERATION",
      "detail": "YoY growth: -22.8% vs prior quarter YoY: -31.3% (accel: +8.5%)",
      "severity": "MEDIUM"
    },
    {
      "quarter": "2025-09 (Q3)",
      "signal": "OP MARGIN TURNED POSITIVE (YoY)",
      "detail": "Op margin: -2.6% (year-ago) -> +0.2%",
      "severity": "HIGH"
    },
    {
      "quarter": "2025-09 (Q3)",
      "signal": "OP MARGIN TURNED POSITIVE (QoQ)",
      "detail": "Op margin: -0.3% -> +0.2%",
      "severity": "HIGH"
    },
    {
      "quarter": "2025-06 (Q2)",
      "signal": "YoY REVENUE GROWTH DECELERATION",
      "detail": "YoY growth: -31.3% vs prior quarter YoY: -24.4% (decel: -7.0%)",
      "severity": "WARNING"
    },
    {
      "quarter": "2025-03 (Q1)",
      "signal": "FCF TURNED POSITIVE",
      "detail": "FCF margin: -4.1% -> +0.9%",
      "severity": "HIGH"
    },
    {
      "quarter": "2025-03 (Q1)",
      "signal": "GROSS MARGIN INFLECTION",
      "detail": "GM: +13.0% -> +11.7% -> +21.2% (reversal +9.5%)",
      "severity": "HIGH"
    },
    {
      "quarter": "2025-03 (Q1)",
      "signal": "YoY REVENUE GROWTH DECELERATION",
      "detail": "YoY growth: -24.4% vs prior quarter YoY: +16.3% (decel: -40.7%)",
      "severity": "WARNING"
    },
    {
      "quarter": "2024-12 (Q4)",
      "signal": "YoY REVENUE GROWTH DECELERATION",
      "detail": "YoY growth: +16.3% vs prior quarter YoY: +21.6% (decel: -5.3%)",
      "severity": "WARNING"
    },
    {
      "quarter": "2024-09 (Q3)",
      "signal": "YoY REVENUE GROWTH DECELERATION",
      "detail": "YoY growth: +21.6% vs prior quarter YoY: +37.9% (decel: -16.3%)",
      "severity": "WARNING"
    },
    {
      "quarter": "2024-06 (Q2)",
      "signal": "YoY REVENUE GROWTH DECELERATION",
      "detail": "YoY growth: +37.9% vs prior quarter YoY: +49.6% (decel: -11.6%)",
      "severity": "WARNING"
    },
    {
      "quarter": "2024-06 (Q2)",
      "signal": "OP MARGIN TURNED POSITIVE (YoY)",
      "detail": "Op margin: -4.6% (year-ago) -> +1.2%",
      "severity": "HIGH"
    },
    {
      "quarter": "2024-06 (Q2)",
      "signal": "OP MARGIN TURNED POSITIVE (QoQ)",
      "detail": "Op margin: -2.1% -> +1.2%",
      "severity": "HIGH"
    },
    {
      "quarter": "2023-09 (Q3)",
      "signal": "FCF MARGIN EXPANSION",
      "detail": "FCF margin: +0.1% -> +11.8% (+11.7%)",
      "severity": "MEDIUM"
    },
    {
      "quarter": "2023-06 (Q2)",
      "signal": "FCF TURNED POSITIVE",
      "detail": "FCF margin: -1.9% -> +0.1%",
      "severity": "HIGH"
    },
    {
      "quarter": "2023-03 (Q1)",
      "signal": "GROSS MARGIN INFLECTION",
      "detail": "GM: +24.4% -> +21.7% -> +27.4% (reversal +5.7%)",
      "severity": "HIGH"
    },
    {
      "quarter": "2023-03 (Q1)",
      "signal": "YoY REVENUE GROWTH DECELERATION",
      "detail": "YoY growth: +44.0% vs prior quarter YoY: +54.0% (decel: -10.0%)",
      "severity": "WARNING"
    },
    {
      "quarter": "2022-12 (Q4)",
      "signal": "FCF TURNED POSITIVE",
      "detail": "FCF margin: -1.0% -> +9.3%",
      "severity": "HIGH"
    },
    {
      "quarter": "2022-09 (Q3)",
      "signal": "OPERATING LEVERAGE",
      "detail": "Rev growth +10.2% vs OpEx growth +4.6% (leverage: 2.2x)",
      "severity": "MEDIUM"
    },
    {
      "quarter": "2022-09 (Q3)",
      "signal": "GROSS MARGIN INFLECTION",
      "detail": "GM: +26.0% -> +22.0% -> +24.4% (reversal +2.4%)",
      "severity": "MEDIUM"
    },
    {
      "quarter": "2022-09 (Q3)",
      "signal": "YoY REVENUE GROWTH ACCELERATION",
      "detail": "YoY growth: +58.5% vs prior quarter YoY: +44.1% (accel: +14.4%)",
      "severity": "MEDIUM"
    },
    {
      "quarter": "2022-09 (Q3)",
      "signal": "OP MARGIN TURNED POSITIVE (YoY)",
      "detail": "Op margin: -3.0% (year-ago) -> +3.7%",
      "severity": "HIGH"
    },
    {
      "quarter": "2022-09 (Q3)",
      "signal": "OP MARGIN TURNED POSITIVE (QoQ)",
      "detail": "Op margin: -1.4% -> +3.7%",
      "severity": "HIGH"
    },
    {
      "quarter": "2022-06 (Q2)",
      "signal": "FCF TURNED POSITIVE",
      "detail": "FCF margin: -19.3% -> +4.3%",
      "severity": "HIGH"
    },
    {
      "quarter": "2022-06 (Q2)",
      "signal": "YoY REVENUE GROWTH ACCELERATION",
      "detail": "YoY growth: +44.1% vs prior quarter YoY: +38.1% (accel: +6.0%)",
      "severity": "MEDIUM"
    },
    {
      "quarter": "2022-03 (Q1)",
      "signal": "YoY REVENUE GROWTH ACCELERATION",
      "detail": "YoY growth: +38.1% vs prior quarter YoY: +0.7% (accel: +37.4%)",
      "severity": "HIGH"
    },
    {
      "quarter": "2021-12 (Q4)",
      "signal": "FCF MARGIN EXPANSION",
      "detail": "FCF margin: +20.0% -> +26.8% (+6.8%)",
      "severity": "MEDIUM"
    },
    {
      "quarter": "2021-09 (Q3)",
      "signal": "FCF TURNED POSITIVE",
      "detail": "FCF margin: -10.9% -> +20.0%",
      "severity": "HIGH"
    },
    {
      "quarter": "2021-06 (Q2)",
      "signal": "FCF MARGIN EXPANSION",
      "detail": "FCF margin: -22.4% -> -10.9% (+11.5%)",
      "severity": "MEDIUM"
    }
  ],
  "data_quality": {
    "n_quarters": 20,
    "coverage": {
      "revenue": [
        20,
        20
      ],
      "gross_profit": [
        18,
        20
      ],
      "op_income": [
        20,
        20
      ],
      "fcf": [
        20,
        20
      ]
    },
    "gaps": [],
    "warnings": []
  },
  "market_cap": null,
  "source": "SEC EDGAR",
  "last_updated": "2026-02-02T22:35:07.509184",
  "sector": "Healthcare",
  "industry": "Health Information Services"
}