{
  "ticker": "EVI",
  "name": "EVI Industries, Inc.",
  "quarters": [
    {
      "date": "2020-12-31T00:00:00",
      "quarter_label": "2020-12 (Q4)",
      "revenue": 57165000,
      "gross_profit": 14380000,
      "operating_income": 512000,
      "net_income": 461000,
      "opex": 13868000,
      "cogs": 42785000,
      "rd": null,
      "sga": 13868000,
      "fcf": 3106000,
      "ocf": 3106000,
      "capex": null,
      "gross_margin": 0.2515525233971836,
      "op_margin": 0.00895652934487886,
      "fcf_margin": 0.05433394559608152
    },
    {
      "date": "2021-03-31T00:00:00",
      "quarter_label": "2021-03 (Q1)",
      "revenue": 62413000,
      "gross_profit": 15754000,
      "operating_income": 729000,
      "net_income": 625000,
      "opex": 15025000,
      "cogs": 46659000,
      "rd": null,
      "sga": 15025000,
      "fcf": -1935000,
      "ocf": -1935000,
      "capex": null,
      "gross_margin": 0.25241536218416033,
      "op_margin": 0.01168025892041722,
      "fcf_margin": -0.03100315639370003,
      "op_leverage_ratio": 1.1003835581560026,
      "fcf_margin_change": -0.08533710198978155
    },
    {
      "date": "2021-06-30T00:00:00",
      "quarter_label": "2021-06 (Q2)",
      "revenue": 64549000,
      "gross_profit": 16373000,
      "operating_income": 1109000,
      "net_income": 6780000,
      "opex": 15264000,
      "cogs": 48176000,
      "rd": null,
      "sga": 15264000,
      "fcf": 8204000,
      "ocf": 8204000,
      "capex": null,
      "gross_margin": 0.2536522641714047,
      "op_margin": 0.017180746409704257,
      "fcf_margin": 0.12709724395420532,
      "op_leverage_ratio": 2.151507031679311,
      "fcf_margin_change": 0.15810040034790535
    },
    {
      "date": "2021-09-30T00:00:00",
      "quarter_label": "2021-09 (Q3)",
      "revenue": 63741000,
      "gross_profit": 17639000,
      "operating_income": 2669000,
      "net_income": 2019000,
      "opex": 14970000,
      "cogs": 46102000,
      "rd": null,
      "sga": 14970000,
      "fcf": -10436000,
      "ocf": -10436000,
      "capex": null,
      "gross_margin": 0.27672926373919454,
      "op_margin": 0.04187257808945577,
      "fcf_margin": -0.16372507491253668,
      "fcf_margin_change": -0.29082231886674204
    },
    {
      "date": "2021-12-31T00:00:00",
      "quarter_label": "2021-12 (Q4)",
      "revenue": 60702000,
      "gross_profit": 16807000,
      "operating_income": 971000,
      "net_income": 528000,
      "opex": 15836000,
      "cogs": 43895000,
      "rd": null,
      "sga": 15836000,
      "fcf": 9439000,
      "ocf": 9439000,
      "capex": null,
      "gross_margin": 0.2768772033870383,
      "op_margin": 0.01599617805014662,
      "fcf_margin": 0.15549734769859314,
      "incr_op_margin_yoy": 0.1297709923664122,
      "rev_growth_yoy": 0.06187352400944634,
      "fcf_margin_change": 0.3192224226111298
    },
    {
      "date": "2022-03-31T00:00:00",
      "quarter_label": "2022-03 (Q1)",
      "revenue": 60042000,
      "gross_profit": 17062000,
      "operating_income": 188000,
      "net_income": 40000,
      "opex": 16874000,
      "cogs": 42980000,
      "rd": null,
      "sga": 16874000,
      "fcf": -5057000,
      "ocf": -5057000,
      "capex": null,
      "gross_margin": 0.2841677492421971,
      "op_margin": 0.0031311415342593516,
      "fcf_margin": -0.08422437626994438,
      "incr_op_margin_yoy": 0.22817376634331504,
      "rev_growth_yoy": -0.03798888052168619,
      "rev_growth_yoy_accel": -0.09986240453113253,
      "fcf_margin_change": -0.23972172396853753
    },
    {
      "date": "2022-06-30T00:00:00",
      "quarter_label": "2022-06 (Q2)",
      "revenue": 82831000,
      "gross_profit": 22199000,
      "operating_income": 2561000,
      "net_income": 1508000,
      "opex": 19638000,
      "cogs": 60632000,
      "rd": null,
      "sga": 19638000,
      "fcf": 4156000,
      "ocf": 4156000,
      "capex": null,
      "gross_margin": 0.26800352525020826,
      "op_margin": 0.030918375970349264,
      "fcf_margin": 0.0501744515942099,
      "incr_op_margin_yoy": 0.07942238267148015,
      "rev_growth_yoy": 0.28322669599838884,
      "rev_growth_yoy_accel": 0.32121557652007504,
      "op_leverage_ratio": 2.317128528602096,
      "fcf_margin_change": 0.13439882786415427
    },
    {
      "date": "2022-09-30T00:00:00",
      "quarter_label": "2022-09 (Q3)",
      "revenue": 83428000,
      "gross_profit": 24505000,
      "operating_income": 4383000,
      "net_income": 2847000,
      "opex": 20122000,
      "cogs": 58923000,
      "rd": null,
      "sga": 20122000,
      "fcf": -6205000,
      "ocf": -6205000,
      "capex": null,
      "gross_margin": 0.29372632689264994,
      "op_margin": 0.05253631874190919,
      "fcf_margin": -0.0743755094212974,
      "incr_op_margin_yoy": 0.08706252857215421,
      "rev_growth_yoy": 0.30885928993897177,
      "rev_growth_yoy_accel": 0.025632593940582926,
      "fcf_margin_change": -0.1245499610155073
    },
    {
      "date": "2022-12-31T00:00:00",
      "quarter_label": "2022-12 (Q4)",
      "revenue": 82638000,
      "gross_profit": 24812000,
      "operating_income": 3644000,
      "net_income": 2224000,
      "opex": 21168000,
      "cogs": 57826000,
      "rd": null,
      "sga": 21168000,
      "fcf": 1333000,
      "ocf": 1333000,
      "capex": null,
      "gross_margin": 0.30024927999225537,
      "op_margin": 0.04409593649410683,
      "fcf_margin": 0.016130593673612623,
      "incr_op_margin_yoy": 0.12185448577680526,
      "rev_growth_yoy": 0.36137194820598995,
      "rev_growth_yoy_accel": 0.052512658267018175,
      "fcf_margin_change": 0.09050610309491003
    },
    {
      "date": "2023-03-31T00:00:00",
      "quarter_label": "2023-03 (Q1)",
      "revenue": 94066000,
      "gross_profit": 26578000,
      "operating_income": 4465000,
      "net_income": 2750000,
      "opex": 22113000,
      "cogs": 67488000,
      "rd": null,
      "sga": 22113000,
      "fcf": -1776000,
      "ocf": -1776000,
      "capex": null,
      "gross_margin": 0.28254629728063274,
      "op_margin": 0.047466672336444624,
      "fcf_margin": -0.018880360597878086,
      "incr_op_margin_yoy": 0.12570538443451681,
      "rev_growth_yoy": 0.5666699976682988,
      "rev_growth_yoy_accel": 0.2052980494623089,
      "op_leverage_ratio": 3.097693555023113,
      "fcf_margin_change": -0.03501095427149071
    },
    {
      "date": "2023-06-30T00:00:00",
      "quarter_label": "2023-06 (Q2)",
      "revenue": 94041000,
      "gross_profit": 27788000,
      "operating_income": 4014000,
      "net_income": 1898000,
      "opex": 23774000,
      "cogs": 66253000,
      "rd": null,
      "sga": 23774000,
      "fcf": 7588000,
      "ocf": 7588000,
      "capex": null,
      "gross_margin": 0.29548813815250796,
      "op_margin": 0.04268351038376878,
      "fcf_margin": 0.0806882104613945,
      "incr_op_margin_yoy": 0.1296164139161463,
      "rev_growth_yoy": 0.1353358042278857,
      "rev_growth_yoy_accel": -0.4313341934404131,
      "fcf_margin_change": 0.09956857105927258
    },
    {
      "date": "2023-09-30T00:00:00",
      "quarter_label": "2023-09 (Q3)",
      "revenue": 88074000,
      "gross_profit": 25692000,
      "operating_income": 2617000,
      "net_income": 1282000,
      "opex": 23075000,
      "cogs": 62382000,
      "rd": null,
      "sga": 23075000,
      "fcf": 1540000,
      "ocf": 1540000,
      "capex": null,
      "gross_margin": 0.2917092444989441,
      "op_margin": 0.029713649885323705,
      "fcf_margin": 0.017485296455253537,
      "incr_op_margin_yoy": -0.38011192423590184,
      "rev_growth_yoy": 0.05568873759409311,
      "rev_growth_yoy_accel": -0.07964706663379258,
      "fcf_margin_change": -0.06320291400614096
    },
    {
      "date": "2023-12-31T00:00:00",
      "quarter_label": "2023-12 (Q4)",
      "revenue": 91364000,
      "gross_profit": 26406000,
      "operating_income": 2951000,
      "net_income": 1341000,
      "opex": 23455000,
      "cogs": 64958000,
      "rd": null,
      "sga": 23455000,
      "fcf": 9318000,
      "ocf": 9318000,
      "capex": null,
      "gross_margin": 0.289019745195044,
      "op_margin": 0.03229937393284007,
      "fcf_margin": 0.10198765378048247,
      "incr_op_margin_yoy": -0.07941783176713271,
      "rev_growth_yoy": 0.10559306856409884,
      "rev_growth_yoy_accel": 0.049904330970005725,
      "op_leverage_ratio": 2.2683302796810816,
      "fcf_margin_change": 0.08450235732522893
    },
    {
      "date": "2024-03-31T00:00:00",
      "quarter_label": "2024-03 (Q1)",
      "revenue": 83979000,
      "gross_profit": 25786000,
      "operating_income": 2408000,
      "net_income": 956000,
      "opex": 23378000,
      "cogs": 58193000,
      "rd": null,
      "sga": 23378000,
      "fcf": 9418000,
      "ocf": 9418000,
      "capex": null,
      "gross_margin": 0.3070529537146191,
      "op_margin": 0.02867383512544803,
      "fcf_margin": 0.11214708439014516,
      "incr_op_margin_yoy": 0.2039258451472192,
      "rev_growth_yoy": -0.10723321922905195,
      "rev_growth_yoy_accel": -0.21282628779315077,
      "fcf_margin_change": 0.010159430609662692
    },
    {
      "date": "2024-06-30T00:00:00",
      "quarter_label": "2024-06 (Q2)",
      "revenue": 90146000,
      "gross_profit": 27369000,
      "operating_income": 3652000,
      "net_income": 2067000,
      "opex": 23717000,
      "cogs": 62777000,
      "rd": null,
      "sga": 23717000,
      "fcf": 12376000,
      "ocf": 12376000,
      "capex": null,
      "gross_margin": 0.303607481197169,
      "op_margin": 0.040512058216670734,
      "fcf_margin": 0.1372883988196925,
      "incr_op_margin_yoy": 0.09293966623876765,
      "rev_growth_yoy": -0.041418104869152816,
      "rev_growth_yoy_accel": 0.06581511435989913,
      "op_leverage_ratio": 5.064200661768195,
      "fcf_margin_change": 0.025141314429547326
    },
    {
      "date": "2024-09-30T00:00:00",
      "quarter_label": "2024-09 (Q3)",
      "revenue": 93625000,
      "gross_profit": 28855000,
      "operating_income": 4989000,
      "net_income": 3231000,
      "opex": 23866000,
      "cogs": 64770000,
      "rd": null,
      "sga": 23866000,
      "fcf": 207000,
      "ocf": 207000,
      "capex": null,
      "gross_margin": 0.3081975967957276,
      "op_margin": 0.053287049399198934,
      "fcf_margin": 0.0022109479305740987,
      "incr_op_margin_yoy": 0.4273103945235093,
      "rev_growth_yoy": 0.06302654585916388,
      "rev_growth_yoy_accel": 0.1044446507283167,
      "op_leverage_ratio": 6.14301326543056,
      "fcf_margin_change": -0.13507745088911838
    },
    {
      "date": "2024-12-31T00:00:00",
      "quarter_label": "2024-12 (Q4)",
      "revenue": 92711000,
      "gross_profit": 27522000,
      "operating_income": 2390000,
      "net_income": 1129000,
      "opex": 25132000,
      "cogs": 65189000,
      "rd": null,
      "sga": 25132000,
      "fcf": 1969000,
      "ocf": 1969000,
      "capex": null,
      "gross_margin": 0.29685797801771097,
      "op_margin": 0.02577903377161286,
      "fcf_margin": 0.021238040793433357,
      "incr_op_margin_yoy": -0.41648106904231624,
      "rev_growth_yoy": 0.014743224902587452,
      "rev_growth_yoy_accel": -0.048283320956576434,
      "fcf_margin_change": 0.01902709286285926
    },
    {
      "date": "2025-03-31T00:00:00",
      "quarter_label": "2025-03 (Q1)",
      "revenue": 93538000,
      "gross_profit": 28055000,
      "operating_income": 2275000,
      "net_income": 1041000,
      "opex": 25780000,
      "cogs": 65483000,
      "rd": null,
      "sga": 25780000,
      "fcf": 9149000,
      "ocf": 9149000,
      "capex": null,
      "gross_margin": 0.2999315786097629,
      "op_margin": 0.024321666060852273,
      "fcf_margin": 0.09781051551241207,
      "incr_op_margin_yoy": -0.013913589287582384,
      "rev_growth_yoy": 0.11382607556651067,
      "rev_growth_yoy_accel": 0.09908285066392322,
      "fcf_margin_change": 0.07657247471897871
    },
    {
      "date": "2025-06-30T00:00:00",
      "quarter_label": "2025-06 (Q2)",
      "revenue": 109956000,
      "gross_profit": 33916000,
      "operating_income": 4114000,
      "net_income": 2097000,
      "opex": 29802000,
      "cogs": 76040000,
      "rd": null,
      "sga": 29802000,
      "fcf": 9940000,
      "ocf": 9940000,
      "capex": null,
      "gross_margin": 0.30845065298846813,
      "op_margin": 0.03741496598639456,
      "fcf_margin": 0.09039979628214923,
      "incr_op_margin_yoy": 0.023321554770318022,
      "rev_growth_yoy": 0.21975462028265258,
      "rev_growth_yoy_accel": 0.10592854471614191,
      "op_leverage_ratio": 1.125053094039785,
      "fcf_margin_change": -0.007410719230262847
    },
    {
      "date": "2025-09-30T00:00:00",
      "quarter_label": "2025-09 (Q3)",
      "revenue": 108269000,
      "gross_profit": 33892000,
      "operating_income": 3562000,
      "net_income": 1847000,
      "opex": 30330000,
      "cogs": 74377000,
      "rd": null,
      "sga": 30330000,
      "fcf": 1023000,
      "ocf": 1023000,
      "capex": null,
      "gross_margin": 0.31303512547451257,
      "op_margin": 0.032899537263667344,
      "fcf_margin": 0.009448687990098736,
      "incr_op_margin_yoy": -0.09744605299098608,
      "rev_growth_yoy": 0.15641121495327104,
      "rev_growth_yoy_accel": -0.06334340532938154,
      "fcf_margin_change": -0.08095110829205049
    }
  ],
  "signals": [
    {
      "quarter": "2025-09 (Q3)",
      "signal": "YoY REVENUE GROWTH DECELERATION",
      "detail": "YoY growth: +15.6% vs prior quarter YoY: +22.0% (decel: -6.3%)",
      "severity": "WARNING"
    },
    {
      "quarter": "2025-06 (Q2)",
      "signal": "YoY REVENUE GROWTH ACCELERATION",
      "detail": "YoY growth: +22.0% vs prior quarter YoY: +11.4% (accel: +10.6%)",
      "severity": "MEDIUM"
    },
    {
      "quarter": "2025-03 (Q1)",
      "signal": "FCF MARGIN EXPANSION",
      "detail": "FCF margin: +2.1% -> +9.8% (+7.7%)",
      "severity": "MEDIUM"
    },
    {
      "quarter": "2025-03 (Q1)",
      "signal": "YoY REVENUE GROWTH ACCELERATION",
      "detail": "YoY growth: +11.4% vs prior quarter YoY: +1.5% (accel: +9.9%)",
      "severity": "MEDIUM"
    },
    {
      "quarter": "2024-09 (Q3)",
      "signal": "OPERATING LEVERAGE",
      "detail": "Rev growth +3.9% vs OpEx growth +0.6% (leverage: 6.1x)",
      "severity": "MEDIUM"
    },
    {
      "quarter": "2024-09 (Q3)",
      "signal": "YoY REVENUE GROWTH ACCELERATION",
      "detail": "YoY growth: +6.3% vs prior quarter YoY: -4.1% (accel: +10.4%)",
      "severity": "MEDIUM"
    },
    {
      "quarter": "2024-09 (Q3)",
      "signal": "INCREMENTAL MARGIN (YoY)",
      "detail": "YoY Incr OPM: +42.7% vs year-ago OPM: +3.0%",
      "severity": "HIGH"
    },
    {
      "quarter": "2024-06 (Q2)",
      "signal": "OPERATING LEVERAGE",
      "detail": "Rev growth +7.3% vs OpEx growth +1.5% (leverage: 5.1x)",
      "severity": "MEDIUM"
    },
    {
      "quarter": "2024-06 (Q2)",
      "signal": "YoY REVENUE GROWTH ACCELERATION",
      "detail": "YoY growth: -4.1% vs prior quarter YoY: -10.7% (accel: +6.6%)",
      "severity": "MEDIUM"
    },
    {
      "quarter": "2024-03 (Q1)",
      "signal": "YoY REVENUE GROWTH DECELERATION",
      "detail": "YoY growth: -10.7% vs prior quarter YoY: +10.6% (decel: -21.3%)",
      "severity": "WARNING"
    },
    {
      "quarter": "2024-03 (Q1)",
      "signal": "INCREMENTAL MARGIN (YoY)",
      "detail": "YoY Incr OPM: +20.4% vs year-ago OPM: +4.7%",
      "severity": "MEDIUM"
    },
    {
      "quarter": "2023-12 (Q4)",
      "signal": "FCF MARGIN EXPANSION",
      "detail": "FCF margin: +1.7% -> +10.2% (+8.5%)",
      "severity": "MEDIUM"
    },
    {
      "quarter": "2023-12 (Q4)",
      "signal": "OPERATING LEVERAGE",
      "detail": "Rev growth +3.7% vs OpEx growth +1.6% (leverage: 2.3x)",
      "severity": "MEDIUM"
    },
    {
      "quarter": "2023-09 (Q3)",
      "signal": "YoY REVENUE GROWTH DECELERATION",
      "detail": "YoY growth: +5.6% vs prior quarter YoY: +13.5% (decel: -8.0%)",
      "severity": "WARNING"
    },
    {
      "quarter": "2023-06 (Q2)",
      "signal": "FCF TURNED POSITIVE",
      "detail": "FCF margin: -1.9% -> +8.1%",
      "severity": "HIGH"
    },
    {
      "quarter": "2023-06 (Q2)",
      "signal": "YoY REVENUE GROWTH DECELERATION",
      "detail": "YoY growth: +13.5% vs prior quarter YoY: +56.7% (decel: -43.1%)",
      "severity": "WARNING"
    },
    {
      "quarter": "2023-03 (Q1)",
      "signal": "OPERATING LEVERAGE",
      "detail": "Rev growth +13.8% vs OpEx growth +4.5% (leverage: 3.1x)",
      "severity": "MEDIUM"
    },
    {
      "quarter": "2023-03 (Q1)",
      "signal": "YoY REVENUE GROWTH ACCELERATION",
      "detail": "YoY growth: +56.7% vs prior quarter YoY: +36.1% (accel: +20.5%)",
      "severity": "HIGH"
    },
    {
      "quarter": "2023-03 (Q1)",
      "signal": "INCREMENTAL MARGIN (YoY)",
      "detail": "YoY Incr OPM: +12.6% vs year-ago OPM: +0.3%",
      "severity": "MEDIUM"
    },
    {
      "quarter": "2022-12 (Q4)",
      "signal": "FCF TURNED POSITIVE",
      "detail": "FCF margin: -7.4% -> +1.6%",
      "severity": "HIGH"
    },
    {
      "quarter": "2022-12 (Q4)",
      "signal": "YoY REVENUE GROWTH ACCELERATION",
      "detail": "YoY growth: +36.1% vs prior quarter YoY: +30.9% (accel: +5.3%)",
      "severity": "MEDIUM"
    },
    {
      "quarter": "2022-12 (Q4)",
      "signal": "INCREMENTAL MARGIN (YoY)",
      "detail": "YoY Incr OPM: +12.2% vs year-ago OPM: +1.6%",
      "severity": "MEDIUM"
    },
    {
      "quarter": "2022-09 (Q3)",
      "signal": "GROSS MARGIN INFLECTION",
      "detail": "GM: +28.4% -> +26.8% -> +29.4% (reversal +2.6%)",
      "severity": "MEDIUM"
    },
    {
      "quarter": "2022-06 (Q2)",
      "signal": "FCF TURNED POSITIVE",
      "detail": "FCF margin: -8.4% -> +5.0%",
      "severity": "HIGH"
    },
    {
      "quarter": "2022-06 (Q2)",
      "signal": "OPERATING LEVERAGE",
      "detail": "Rev growth +38.0% vs OpEx growth +16.4% (leverage: 2.3x)",
      "severity": "MEDIUM"
    },
    {
      "quarter": "2022-06 (Q2)",
      "signal": "YoY REVENUE GROWTH ACCELERATION",
      "detail": "YoY growth: +28.3% vs prior quarter YoY: -3.8% (accel: +32.1%)",
      "severity": "HIGH"
    },
    {
      "quarter": "2022-03 (Q1)",
      "signal": "YoY REVENUE GROWTH DECELERATION",
      "detail": "YoY growth: -3.8% vs prior quarter YoY: +6.2% (decel: -10.0%)",
      "severity": "WARNING"
    },
    {
      "quarter": "2022-03 (Q1)",
      "signal": "INCREMENTAL MARGIN (YoY)",
      "detail": "YoY Incr OPM: +22.8% vs year-ago OPM: +1.2%",
      "severity": "HIGH"
    },
    {
      "quarter": "2021-12 (Q4)",
      "signal": "FCF TURNED POSITIVE",
      "detail": "FCF margin: -16.4% -> +15.5%",
      "severity": "HIGH"
    },
    {
      "quarter": "2021-12 (Q4)",
      "signal": "INCREMENTAL MARGIN (YoY)",
      "detail": "YoY Incr OPM: +13.0% vs year-ago OPM: +0.9%",
      "severity": "MEDIUM"
    },
    {
      "quarter": "2021-06 (Q2)",
      "signal": "FCF TURNED POSITIVE",
      "detail": "FCF margin: -3.1% -> +12.7%",
      "severity": "HIGH"
    },
    {
      "quarter": "2021-06 (Q2)",
      "signal": "OPERATING LEVERAGE",
      "detail": "Rev growth +3.4% vs OpEx growth +1.6% (leverage: 2.2x)",
      "severity": "MEDIUM"
    }
  ],
  "data_quality": {
    "n_quarters": 20,
    "coverage": {
      "revenue": [
        20,
        20
      ],
      "gross_profit": [
        20,
        20
      ],
      "op_income": [
        20,
        20
      ],
      "fcf": [
        20,
        20
      ]
    },
    "gaps": [],
    "warnings": []
  },
  "market_cap": null,
  "source": "SEC EDGAR",
  "last_updated": "2026-02-02T22:42:32.104785"
}