{
  "ticker": "EVLVW",
  "name": "Evolv Technologies Holdings, Inc.",
  "quarters": [
    {
      "date": "2020-12-31T00:00:00",
      "quarter_label": "2020-12 (Q4)",
      "revenue": 2035000,
      "gross_profit": 468000,
      "operating_income": -9307000,
      "net_income": null,
      "opex": 9775000,
      "cogs": 1567000,
      "rd": 5081000,
      "sga": null,
      "fcf": -7162000,
      "ocf": -5205000,
      "capex": -1957000,
      "gross_margin": 0.22997542997542997,
      "op_margin": -4.573464373464374,
      "fcf_margin": -3.5194103194103192
    },
    {
      "date": "2021-03-31T00:00:00",
      "quarter_label": "2021-03 (Q1)",
      "revenue": 3999000,
      "gross_profit": 1048000,
      "operating_income": -1455000,
      "net_income": -4082000,
      "opex": 10195000,
      "cogs": 2951000,
      "rd": 3612000,
      "sga": null,
      "fcf": -14560000,
      "ocf": -12439000,
      "capex": -2121000,
      "gross_margin": 0.26206551637909475,
      "op_margin": -0.36384096024006,
      "fcf_margin": -3.640910227556889,
      "op_leverage_ratio": 22.461799461799462,
      "fcf_margin_change": -0.12149990814656997
    },
    {
      "date": "2021-06-30T00:00:00",
      "quarter_label": "2021-06 (Q2)",
      "revenue": 4678000,
      "gross_profit": 728000,
      "operating_income": -6677000,
      "net_income": -7626000,
      "opex": 7642000,
      "cogs": 3950000,
      "rd": 1047000,
      "sga": null,
      "fcf": -11686000,
      "ocf": -5853000,
      "capex": -5833000,
      "gross_margin": 0.155622060709705,
      "op_margin": -1.4273193672509619,
      "fcf_margin": -2.4980761008978196,
      "op_leverage_ratio": Infinity,
      "fcf_margin_change": 1.1428341266590696
    },
    {
      "date": "2021-09-30T00:00:00",
      "quarter_label": "2021-09 (Q3)",
      "revenue": 8367000,
      "gross_profit": 4156000,
      "operating_income": -16634000,
      "net_income": 22751000,
      "opex": 20790000,
      "cogs": 4211000,
      "rd": 3641000,
      "sga": null,
      "fcf": -27313000,
      "ocf": -24273000,
      "capex": -3040000,
      "gross_margin": 0.496713278355444,
      "op_margin": -1.9880482849288872,
      "fcf_margin": -3.264371937373013,
      "op_leverage_ratio": 0.45834845914431205,
      "fcf_margin_change": -0.7662958364751935
    },
    {
      "date": "2021-12-31T00:00:00",
      "quarter_label": "2021-12 (Q4)",
      "revenue": 6598000,
      "gross_profit": -615000,
      "operating_income": -21964000,
      "net_income": 4788000,
      "opex": 22270000,
      "cogs": 6540000,
      "rd": 3086000,
      "sga": null,
      "fcf": -19779000,
      "ocf": -14216000,
      "capex": -5563000,
      "gross_margin": -0.09321006365565322,
      "op_margin": -3.328887541679297,
      "fcf_margin": -2.997726583813277,
      "incr_op_margin_yoy": -2.7738330046022353,
      "rev_growth_yoy": 2.2422604422604424,
      "fcf_margin_change": 0.2666453535597362
    },
    {
      "date": "2022-03-31T00:00:00",
      "quarter_label": "2022-03 (Q1)",
      "revenue": 8715000,
      "gross_profit": 1626000,
      "operating_income": -25902000,
      "net_income": -14551000,
      "opex": 27528000,
      "cogs": 7089000,
      "rd": 4286000,
      "sga": null,
      "fcf": -36119000,
      "ocf": -29430000,
      "capex": -6689000,
      "gross_margin": 0.1865748709122203,
      "op_margin": -2.972117039586919,
      "fcf_margin": -4.144463568559954,
      "incr_op_margin_yoy": -5.183842239185751,
      "rev_growth_yoy": 1.1792948237059264,
      "rev_growth_yoy_accel": -1.062965618554516,
      "op_leverage_ratio": 1.3589647196477466,
      "fcf_margin_change": -1.1467369847466768
    },
    {
      "date": "2022-06-30T00:00:00",
      "quarter_label": "2022-06 (Q2)",
      "revenue": 9070000,
      "gross_profit": 553000,
      "operating_income": -25282000,
      "net_income": -25686000,
      "opex": 25835000,
      "cogs": 8517000,
      "rd": 4156000,
      "sga": null,
      "fcf": -27797000,
      "ocf": -23107000,
      "capex": -4690000,
      "gross_margin": 0.06097023153252481,
      "op_margin": -2.787431091510474,
      "fcf_margin": -3.0647188533627343,
      "incr_op_margin_yoy": -4.236111111111111,
      "rev_growth_yoy": 0.9388627618640445,
      "rev_growth_yoy_accel": -0.24043206184188193,
      "op_leverage_ratio": Infinity,
      "fcf_margin_change": 1.0797447151972195
    },
    {
      "date": "2022-09-30T00:00:00",
      "quarter_label": "2022-09 (Q3)",
      "revenue": 16530000,
      "gross_profit": 225000,
      "operating_income": -26602000,
      "net_income": -18615000,
      "opex": 26827000,
      "cogs": 16305000,
      "rd": 5616000,
      "sga": null,
      "fcf": -16896000,
      "ocf": -16896000,
      "capex": null,
      "gross_margin": 0.013611615245009074,
      "op_margin": -1.6093163944343618,
      "fcf_margin": -1.022141560798548,
      "incr_op_margin_yoy": -1.2211196863898077,
      "rev_growth_yoy": 0.9756185012549301,
      "rev_growth_yoy_accel": 0.03675573939088561,
      "op_leverage_ratio": 21.420437368851587,
      "fcf_margin_change": 2.0425772925641863
    },
    {
      "date": "2022-12-31T00:00:00",
      "quarter_label": "2022-12 (Q4)",
      "revenue": 20885000,
      "gross_profit": 54000,
      "operating_income": -26814000,
      "net_income": -28304000,
      "opex": 26868000,
      "cogs": 20831000,
      "rd": 4824000,
      "sga": null,
      "fcf": -5307000,
      "ocf": -5307000,
      "capex": null,
      "gross_margin": 0.002585587742398851,
      "op_margin": -1.283887957864496,
      "fcf_margin": -0.2541058175724204,
      "incr_op_margin_yoy": -0.3394694477497025,
      "rev_growth_yoy": 2.1653531373143378,
      "rev_growth_yoy_accel": 1.1897346360594077,
      "op_leverage_ratio": 172.38662151594292,
      "fcf_margin_change": 0.7680357432261276
    },
    {
      "date": "2023-03-31T00:00:00",
      "quarter_label": "2023-03 (Q1)",
      "revenue": 18581000,
      "gross_profit": 4765000,
      "operating_income": -22491000,
      "net_income": -28609000,
      "opex": 27256000,
      "cogs": 13816000,
      "rd": 5389000,
      "sga": null,
      "fcf": -3434000,
      "ocf": -3434000,
      "capex": null,
      "gross_margin": 0.25644475539529626,
      "op_margin": -1.210430009149131,
      "fcf_margin": -0.1848124428179323,
      "incr_op_margin_yoy": 0.3457328197851206,
      "rev_growth_yoy": 1.132071141709696,
      "rev_growth_yoy_accel": -1.0332819956046417,
      "fcf_margin_change": 0.0692933747544881
    },
    {
      "date": "2023-06-30T00:00:00",
      "quarter_label": "2023-06 (Q2)",
      "revenue": 19825000,
      "gross_profit": 7413000,
      "operating_income": -23626000,
      "net_income": -66754000,
      "opex": 31039000,
      "cogs": 12412000,
      "rd": 6395000,
      "sga": null,
      "fcf": -5321000,
      "ocf": -5321000,
      "capex": null,
      "gross_margin": 0.373921815889029,
      "op_margin": -1.1917276166456494,
      "fcf_margin": -0.2683984867591425,
      "incr_op_margin_yoy": 0.15397489539748954,
      "rev_growth_yoy": 1.1857772877618522,
      "rev_growth_yoy_accel": 0.05370614605215618,
      "op_leverage_ratio": 0.48236643063528084,
      "fcf_margin_change": -0.08358604394121022
    },
    {
      "date": "2023-09-30T00:00:00",
      "quarter_label": "2023-09 (Q3)",
      "revenue": 20191000,
      "gross_profit": 11390000,
      "operating_income": -20239000,
      "net_income": 5999000,
      "opex": 31629000,
      "cogs": 8801000,
      "rd": 6409000,
      "sga": null,
      "fcf": 2097000,
      "ocf": 2097000,
      "capex": null,
      "gross_margin": 0.5641127234906641,
      "op_margin": -1.0023772968154128,
      "fcf_margin": 0.10385815462334703,
      "incr_op_margin_yoy": 1.7380497131931167,
      "rev_growth_yoy": 0.22147610405323653,
      "rev_growth_yoy_accel": -0.9643011837086157,
      "op_leverage_ratio": 0.9712333767926988,
      "fcf_margin_change": 0.37225664138248954
    },
    {
      "date": "2023-12-31T00:00:00",
      "quarter_label": "2023-12 (Q4)",
      "revenue": 20580000,
      "gross_profit": 9561000,
      "operating_income": -22214000,
      "net_income": -17198000,
      "opex": 31775000,
      "cogs": 11019000,
      "rd": 6303000,
      "sga": null,
      "fcf": -3143000,
      "ocf": -3143000,
      "capex": null,
      "gross_margin": 0.46457725947521866,
      "op_margin": -1.0793974732750242,
      "fcf_margin": -0.15272108843537416,
      "rev_growth_yoy": -0.014603782619104621,
      "rev_growth_yoy_accel": -0.23607988667234114,
      "op_leverage_ratio": 4.17373025958263,
      "fcf_margin_change": -0.2565792430587212
    },
    {
      "date": "2024-03-31T00:00:00",
      "quarter_label": "2024-03 (Q1)",
      "revenue": 21668000,
      "gross_profit": 11772000,
      "operating_income": -22278000,
      "net_income": -11644000,
      "opex": 34050000,
      "cogs": 9896000,
      "rd": 6205000,
      "sga": null,
      "fcf": -16151000,
      "ocf": -16151000,
      "capex": null,
      "gross_margin": 0.5432896437142329,
      "op_margin": -1.028152113716079,
      "fcf_margin": -0.7453848993908068,
      "incr_op_margin_yoy": 0.06899902818270165,
      "rev_growth_yoy": 0.16613745223615523,
      "rev_growth_yoy_accel": 0.18074123485525984,
      "op_leverage_ratio": 0.7383931908713249,
      "fcf_margin_change": -0.5926638109554326
    },
    {
      "date": "2024-06-30T00:00:00",
      "quarter_label": "2024-06 (Q2)",
      "revenue": 25540000,
      "gross_profit": 14472000,
      "operating_income": -22327000,
      "net_income": 3462000,
      "opex": 36799000,
      "cogs": 11068000,
      "rd": 5722000,
      "sga": null,
      "fcf": -21581000,
      "ocf": -21581000,
      "capex": null,
      "gross_margin": 0.5666405638214566,
      "op_margin": -0.8741973375097886,
      "fcf_margin": -0.8449882537196555,
      "incr_op_margin_yoy": 0.2272965879265092,
      "rev_growth_yoy": 0.28827238335435057,
      "rev_growth_yoy_accel": 0.12213493111819534,
      "op_leverage_ratio": 2.2133948653219964,
      "fcf_margin_change": -0.0996033543288487
    },
    {
      "date": "2024-09-30T00:00:00",
      "quarter_label": "2024-09 (Q3)",
      "revenue": 27360000,
      "gross_profit": 15809000,
      "operating_income": -19152000,
      "net_income": -30443000,
      "opex": 34961000,
      "cogs": 11551000,
      "rd": 5810000,
      "sga": null,
      "fcf": 3675000,
      "ocf": 3675000,
      "capex": null,
      "gross_margin": 0.5778143274853801,
      "op_margin": -0.7,
      "fcf_margin": 0.13432017543859648,
      "incr_op_margin_yoy": 0.1516250523085507,
      "rev_growth_yoy": 0.3550591847853004,
      "rev_growth_yoy_accel": 0.06678680143094984,
      "op_leverage_ratio": Infinity,
      "fcf_margin_change": 0.9793084291582519
    },
    {
      "date": "2024-12-31T00:00:00",
      "quarter_label": "2024-12 (Q4)",
      "revenue": 29100000,
      "gross_profit": 16741000,
      "operating_income": -18878000,
      "net_income": -15720000,
      "opex": 35619000,
      "cogs": 12359000,
      "rd": 5390000,
      "sga": null,
      "fcf": 3204000,
      "ocf": 3204000,
      "capex": null,
      "gross_margin": 0.5752920962199313,
      "op_margin": -0.6487285223367698,
      "fcf_margin": 0.11010309278350515,
      "incr_op_margin_yoy": 0.39154929577464787,
      "rev_growth_yoy": 0.4139941690962099,
      "rev_growth_yoy_accel": 0.05893498431090949,
      "op_leverage_ratio": 3.379022689702981,
      "fcf_margin_change": -0.02421708265509133
    },
    {
      "date": "2025-03-31T00:00:00",
      "quarter_label": "2025-03 (Q1)",
      "revenue": 32007000,
      "gross_profit": 19150000,
      "operating_income": -14389000,
      "net_income": -1689000,
      "opex": 33539000,
      "cogs": 12857000,
      "rd": 4862000,
      "sga": null,
      "fcf": -2539000,
      "ocf": -2539000,
      "capex": null,
      "gross_margin": 0.5983066204267816,
      "op_margin": -0.4495579092073609,
      "fcf_margin": -0.07932639735057956,
      "incr_op_margin_yoy": 0.7630331753554502,
      "rev_growth_yoy": 0.47715525198449327,
      "rev_growth_yoy_accel": 0.06316108288828337,
      "op_leverage_ratio": Infinity,
      "fcf_margin_change": -0.18942949013408472
    },
    {
      "date": "2025-06-30T00:00:00",
      "quarter_label": "2025-06 (Q2)",
      "revenue": 32544000,
      "gross_profit": 16218000,
      "operating_income": -17493000,
      "net_income": -40535000,
      "opex": 33711000,
      "cogs": 16326000,
      "rd": 4737000,
      "sga": null,
      "fcf": 2113000,
      "ocf": 2113000,
      "capex": null,
      "gross_margin": 0.4983407079646018,
      "op_margin": -0.5375184365781711,
      "fcf_margin": 0.06492748279252704,
      "incr_op_margin_yoy": 0.6901770416904626,
      "rev_growth_yoy": 0.2742364917776038,
      "rev_growth_yoy_accel": -0.20291876020688948,
      "op_leverage_ratio": 3.2715305372879917,
      "fcf_margin_change": 0.14425388014310658
    },
    {
      "date": "2025-09-30T00:00:00",
      "quarter_label": "2025-09 (Q3)",
      "revenue": 42850000,
      "gross_profit": 21306000,
      "operating_income": -8596000,
      "net_income": -1796000,
      "opex": 29902000,
      "cogs": 21544000,
      "rd": 5608000,
      "sga": null,
      "fcf": 3524000,
      "ocf": 3524000,
      "capex": null,
      "gross_margin": 0.49722287047841307,
      "op_margin": -0.20060676779463243,
      "fcf_margin": 0.08224037339556593,
      "incr_op_margin_yoy": 0.6814719173660426,
      "rev_growth_yoy": 0.5661549707602339,
      "rev_growth_yoy_accel": 0.2919184789826301,
      "op_leverage_ratio": Infinity,
      "fcf_margin_change": 0.017312890603038894
    }
  ],
  "signals": [
    {
      "quarter": "2025-09 (Q3)",
      "signal": "YoY REVENUE GROWTH ACCELERATION",
      "detail": "YoY growth: +56.6% vs prior quarter YoY: +27.4% (accel: +29.2%)",
      "severity": "HIGH"
    },
    {
      "quarter": "2025-06 (Q2)",
      "signal": "FCF TURNED POSITIVE",
      "detail": "FCF margin: -7.9% -> +6.5%",
      "severity": "HIGH"
    },
    {
      "quarter": "2025-06 (Q2)",
      "signal": "OPERATING LEVERAGE",
      "detail": "Rev growth +1.7% vs OpEx growth +0.5% (leverage: 3.3x)",
      "severity": "MEDIUM"
    },
    {
      "quarter": "2025-06 (Q2)",
      "signal": "YoY REVENUE GROWTH DECELERATION",
      "detail": "YoY growth: +27.4% vs prior quarter YoY: +47.7% (decel: -20.3%)",
      "severity": "WARNING"
    },
    {
      "quarter": "2025-03 (Q1)",
      "signal": "GROSS MARGIN INFLECTION",
      "detail": "GM: +57.8% -> +57.5% -> +59.8% (reversal +2.3%)",
      "severity": "MEDIUM"
    },
    {
      "quarter": "2025-03 (Q1)",
      "signal": "YoY REVENUE GROWTH ACCELERATION",
      "detail": "YoY growth: +47.7% vs prior quarter YoY: +41.4% (accel: +6.3%)",
      "severity": "MEDIUM"
    },
    {
      "quarter": "2024-12 (Q4)",
      "signal": "OPERATING LEVERAGE",
      "detail": "Rev growth +6.4% vs OpEx growth +1.9% (leverage: 3.4x)",
      "severity": "MEDIUM"
    },
    {
      "quarter": "2024-12 (Q4)",
      "signal": "YoY REVENUE GROWTH ACCELERATION",
      "detail": "YoY growth: +41.4% vs prior quarter YoY: +35.5% (accel: +5.9%)",
      "severity": "MEDIUM"
    },
    {
      "quarter": "2024-09 (Q3)",
      "signal": "FCF TURNED POSITIVE",
      "detail": "FCF margin: -84.5% -> +13.4%",
      "severity": "HIGH"
    },
    {
      "quarter": "2024-09 (Q3)",
      "signal": "YoY REVENUE GROWTH ACCELERATION",
      "detail": "YoY growth: +35.5% vs prior quarter YoY: +28.8% (accel: +6.7%)",
      "severity": "MEDIUM"
    },
    {
      "quarter": "2024-06 (Q2)",
      "signal": "OPERATING LEVERAGE",
      "detail": "Rev growth +17.9% vs OpEx growth +8.1% (leverage: 2.2x)",
      "severity": "MEDIUM"
    },
    {
      "quarter": "2024-06 (Q2)",
      "signal": "YoY REVENUE GROWTH ACCELERATION",
      "detail": "YoY growth: +28.8% vs prior quarter YoY: +16.6% (accel: +12.2%)",
      "severity": "MEDIUM"
    },
    {
      "quarter": "2024-03 (Q1)",
      "signal": "GROSS MARGIN INFLECTION",
      "detail": "GM: +56.4% -> +46.5% -> +54.3% (reversal +7.9%)",
      "severity": "HIGH"
    },
    {
      "quarter": "2024-03 (Q1)",
      "signal": "YoY REVENUE GROWTH ACCELERATION",
      "detail": "YoY growth: +16.6% vs prior quarter YoY: -1.5% (accel: +18.1%)",
      "severity": "HIGH"
    },
    {
      "quarter": "2023-12 (Q4)",
      "signal": "OPERATING LEVERAGE",
      "detail": "Rev growth +1.9% vs OpEx growth +0.5% (leverage: 4.2x)",
      "severity": "MEDIUM"
    },
    {
      "quarter": "2023-12 (Q4)",
      "signal": "YoY REVENUE GROWTH DECELERATION",
      "detail": "YoY growth: -1.5% vs prior quarter YoY: +22.1% (decel: -23.6%)",
      "severity": "WARNING"
    },
    {
      "quarter": "2023-09 (Q3)",
      "signal": "FCF TURNED POSITIVE",
      "detail": "FCF margin: -26.8% -> +10.4%",
      "severity": "HIGH"
    },
    {
      "quarter": "2023-09 (Q3)",
      "signal": "YoY REVENUE GROWTH DECELERATION",
      "detail": "YoY growth: +22.1% vs prior quarter YoY: +118.6% (decel: -96.4%)",
      "severity": "WARNING"
    },
    {
      "quarter": "2023-06 (Q2)",
      "signal": "YoY REVENUE GROWTH ACCELERATION",
      "detail": "YoY growth: +118.6% vs prior quarter YoY: +113.2% (accel: +5.4%)",
      "severity": "MEDIUM"
    },
    {
      "quarter": "2023-03 (Q1)",
      "signal": "FCF MARGIN EXPANSION",
      "detail": "FCF margin: -25.4% -> -18.5% (+6.9%)",
      "severity": "MEDIUM"
    },
    {
      "quarter": "2023-03 (Q1)",
      "signal": "GROSS MARGIN INFLECTION",
      "detail": "GM: +1.4% -> +0.3% -> +25.6% (reversal +25.4%)",
      "severity": "HIGH"
    },
    {
      "quarter": "2023-03 (Q1)",
      "signal": "YoY REVENUE GROWTH DECELERATION",
      "detail": "YoY growth: +113.2% vs prior quarter YoY: +216.5% (decel: -103.3%)",
      "severity": "WARNING"
    },
    {
      "quarter": "2022-12 (Q4)",
      "signal": "FCF MARGIN EXPANSION",
      "detail": "FCF margin: -102.2% -> -25.4% (+76.8%)",
      "severity": "MEDIUM"
    },
    {
      "quarter": "2022-12 (Q4)",
      "signal": "OPERATING LEVERAGE",
      "detail": "Rev growth +26.3% vs OpEx growth +0.2% (leverage: 172.4x)",
      "severity": "MEDIUM"
    },
    {
      "quarter": "2022-12 (Q4)",
      "signal": "YoY REVENUE GROWTH ACCELERATION",
      "detail": "YoY growth: +216.5% vs prior quarter YoY: +97.6% (accel: +119.0%)",
      "severity": "HIGH"
    },
    {
      "quarter": "2022-09 (Q3)",
      "signal": "FCF MARGIN EXPANSION",
      "detail": "FCF margin: -306.5% -> -102.2% (+204.3%)",
      "severity": "MEDIUM"
    },
    {
      "quarter": "2022-09 (Q3)",
      "signal": "OPERATING LEVERAGE",
      "detail": "Rev growth +82.2% vs OpEx growth +3.8% (leverage: 21.4x)",
      "severity": "MEDIUM"
    },
    {
      "quarter": "2022-06 (Q2)",
      "signal": "FCF MARGIN EXPANSION",
      "detail": "FCF margin: -414.4% -> -306.5% (+108.0%)",
      "severity": "MEDIUM"
    },
    {
      "quarter": "2022-06 (Q2)",
      "signal": "YoY REVENUE GROWTH DECELERATION",
      "detail": "YoY growth: +93.9% vs prior quarter YoY: +117.9% (decel: -24.0%)",
      "severity": "WARNING"
    },
    {
      "quarter": "2022-03 (Q1)",
      "signal": "GROSS MARGIN INFLECTION",
      "detail": "GM: +49.7% -> -9.3% -> +18.7% (reversal +28.0%)",
      "severity": "HIGH"
    },
    {
      "quarter": "2022-03 (Q1)",
      "signal": "YoY REVENUE GROWTH DECELERATION",
      "detail": "YoY growth: +117.9% vs prior quarter YoY: +224.2% (decel: -106.3%)",
      "severity": "WARNING"
    },
    {
      "quarter": "2021-12 (Q4)",
      "signal": "FCF MARGIN EXPANSION",
      "detail": "FCF margin: -326.4% -> -299.8% (+26.7%)",
      "severity": "MEDIUM"
    },
    {
      "quarter": "2021-09 (Q3)",
      "signal": "GROSS MARGIN INFLECTION",
      "detail": "GM: +26.2% -> +15.6% -> +49.7% (reversal +34.1%)",
      "severity": "HIGH"
    },
    {
      "quarter": "2021-06 (Q2)",
      "signal": "FCF MARGIN EXPANSION",
      "detail": "FCF margin: -364.1% -> -249.8% (+114.3%)",
      "severity": "MEDIUM"
    },
    {
      "quarter": "2021-03 (Q1)",
      "signal": "OPERATING LEVERAGE",
      "detail": "Rev growth +96.5% vs OpEx growth +4.3% (leverage: 22.5x)",
      "severity": "MEDIUM"
    }
  ],
  "data_quality": {
    "n_quarters": 20,
    "coverage": {
      "revenue": [
        20,
        20
      ],
      "gross_profit": [
        20,
        20
      ],
      "op_income": [
        20,
        20
      ],
      "fcf": [
        20,
        20
      ]
    },
    "gaps": [],
    "warnings": []
  },
  "market_cap": null,
  "source": "SEC EDGAR",
  "last_updated": "2026-02-03T01:11:57.187700"
}