{
  "ticker": "EW",
  "name": "EDWARDS LIFESCIENCES CORPORATION",
  "quarters": [
    {
      "date": "2020-12-31T00:00:00",
      "quarter_label": "2020-12 (Q4)",
      "revenue": 1191700000,
      "gross_profit": 895400000,
      "operating_income": 351400000,
      "net_income": null,
      "opex": 544000000,
      "cogs": 296300000,
      "rd": 195700000,
      "sga": 338500000,
      "fcf": 286600000,
      "ocf": 399800000,
      "capex": -113200000,
      "gross_margin": 0.7513635982210288,
      "op_margin": 0.29487287068893175,
      "fcf_margin": 0.24049676932113787
    },
    {
      "date": "2021-03-31T00:00:00",
      "quarter_label": "2021-03 (Q1)",
      "revenue": 1216600000,
      "gross_profit": 923200000,
      "operating_income": 383500000,
      "net_income": null,
      "opex": 539700000,
      "cogs": 293400000,
      "rd": 207000000,
      "sga": 330800000,
      "fcf": 194500000,
      "ocf": 300500000,
      "capex": -106000000,
      "gross_margin": 0.7588361006082525,
      "op_margin": 0.3152227519316127,
      "fcf_margin": 0.15987177379582443,
      "op_leverage_ratio": Infinity,
      "fcf_margin_change": -0.08062499552531344
    },
    {
      "date": "2021-06-30T00:00:00",
      "quarter_label": "2021-06 (Q2)",
      "revenue": 1376000000,
      "gross_profit": 1041700000,
      "operating_income": 542100000,
      "net_income": null,
      "opex": 499600000,
      "cogs": 334300000,
      "rd": 225300000,
      "sga": 374500000,
      "fcf": 456800000,
      "ocf": 526100000,
      "capex": -69300000,
      "gross_margin": 0.7570494186046511,
      "op_margin": 0.3939680232558139,
      "fcf_margin": 0.3319767441860465,
      "op_leverage_ratio": Infinity,
      "fcf_margin_change": 0.17210497039022207
    },
    {
      "date": "2021-09-30T00:00:00",
      "quarter_label": "2021-09 (Q3)",
      "revenue": 1310200000,
      "gross_profit": 998500000,
      "operating_income": 390300000,
      "net_income": null,
      "opex": 608200000,
      "cogs": 311700000,
      "rd": 238000000,
      "sga": 364400000,
      "fcf": 471200000,
      "ocf": 531900000,
      "capex": -60700000,
      "gross_margin": 0.7620973897114944,
      "op_margin": 0.2978934513814685,
      "fcf_margin": 0.359639749656541,
      "fcf_margin_change": 0.027663005470494495
    },
    {
      "date": "2021-12-31T00:00:00",
      "quarter_label": "2021-12 (Q4)",
      "revenue": 1329700000,
      "gross_profit": 1020200000,
      "operating_income": 374400000,
      "net_income": null,
      "opex": 645800000,
      "cogs": 309500000,
      "rd": 232800000,
      "sga": 424000000,
      "fcf": 283800000,
      "ocf": 373600000,
      "capex": -89800000,
      "gross_margin": 0.7672407309919531,
      "op_margin": 0.28156727081296534,
      "fcf_margin": 0.21343160111303303,
      "incr_op_margin_yoy": 0.16666666666666666,
      "rev_growth_yoy": 0.11580095661659813,
      "op_leverage_ratio": 0.24074406376158258,
      "fcf_margin_change": -0.14620814854350797
    },
    {
      "date": "2022-03-31T00:00:00",
      "quarter_label": "2022-03 (Q1)",
      "revenue": 1341200000,
      "gross_profit": 1041900000,
      "operating_income": 438800000,
      "net_income": null,
      "opex": 603100000,
      "cogs": 299300000,
      "rd": 228600000,
      "sga": 370300000,
      "fcf": 220600000,
      "ocf": 293300000,
      "capex": -72700000,
      "gross_margin": 0.776841634357292,
      "op_margin": 0.3271696987772144,
      "fcf_margin": 0.1644795705338503,
      "incr_op_margin_yoy": 0.4438202247191011,
      "rev_growth_yoy": 0.10241657077100115,
      "rev_growth_yoy_accel": -0.01338438584559698,
      "fcf_margin_change": -0.04895203057918274
    },
    {
      "date": "2022-06-30T00:00:00",
      "quarter_label": "2022-06 (Q2)",
      "revenue": 1373900000,
      "gross_profit": 1104500000,
      "operating_income": 459500000,
      "net_income": 406400000,
      "opex": 645000000,
      "cogs": 269400000,
      "rd": 250800000,
      "sga": 409000000,
      "fcf": 289100000,
      "ocf": 332200000,
      "capex": -43100000,
      "gross_margin": 0.8039158599606958,
      "op_margin": 0.3344493776839654,
      "fcf_margin": 0.21042288376155469,
      "incr_op_margin_yoy": 39.333333333333336,
      "rev_growth_yoy": -0.0015261627906976744,
      "rev_growth_yoy_accel": -0.10394273356169882,
      "op_leverage_ratio": 0.35093728624029913,
      "fcf_margin_change": 0.045943313227704397
    },
    {
      "date": "2022-09-30T00:00:00",
      "quarter_label": "2022-09 (Q3)",
      "revenue": 1319000000,
      "gross_profit": 1065200000,
      "operating_income": 402400000,
      "net_income": 343500000,
      "opex": 662800000,
      "cogs": 253800000,
      "rd": 233600000,
      "sga": 377300000,
      "fcf": 250000000,
      "ocf": 309900000,
      "capex": -59900000,
      "gross_margin": 0.8075815011372252,
      "op_margin": 0.3050796057619409,
      "fcf_margin": 0.18953752843062927,
      "incr_op_margin_yoy": 1.375,
      "rev_growth_yoy": 0.006716531827201954,
      "rev_growth_yoy_accel": 0.008242694617899629,
      "fcf_margin_change": -0.02088535533092542
    },
    {
      "date": "2022-12-31T00:00:00",
      "quarter_label": "2022-12 (Q4)",
      "revenue": 1348300000,
      "gross_profit": 1090400000,
      "operating_income": 447800000,
      "net_income": 398400000,
      "opex": 642600000,
      "cogs": 257900000,
      "rd": 232200000,
      "sga": 411000000,
      "fcf": 213900000,
      "ocf": 282800000,
      "capex": -68900000,
      "gross_margin": 0.808722094489357,
      "op_margin": 0.33212193132092266,
      "fcf_margin": 0.158644218645702,
      "incr_op_margin_yoy": 3.946236559139785,
      "rev_growth_yoy": 0.013988117620515906,
      "rev_growth_yoy_accel": 0.0072715857933139515,
      "op_leverage_ratio": Infinity,
      "fcf_margin_change": -0.03089330978492727
    },
    {
      "date": "2023-03-31T00:00:00",
      "quarter_label": "2023-03 (Q1)",
      "revenue": 1459600000,
      "gross_profit": 1130100000,
      "operating_income": 388400000,
      "net_income": 340500000,
      "opex": 741700000,
      "cogs": 329500000,
      "rd": 261200000,
      "sga": 436300000,
      "fcf": 252600000,
      "ocf": 314100000,
      "capex": -61500000,
      "gross_margin": 0.7742532200602905,
      "op_margin": 0.2661003014524527,
      "fcf_margin": 0.17306111263359825,
      "incr_op_margin_yoy": -0.42567567567567566,
      "rev_growth_yoy": 0.08827915299731584,
      "rev_growth_yoy_accel": 0.07429103537679993,
      "op_leverage_ratio": 0.5352734425897754,
      "fcf_margin_change": 0.014416893987896251
    },
    {
      "date": "2023-06-30T00:00:00",
      "quarter_label": "2023-06 (Q2)",
      "revenue": 1530200000,
      "gross_profit": 1187200000,
      "operating_income": 327200000,
      "net_income": 307100000,
      "opex": 860000000,
      "cogs": 343000000,
      "rd": 270300000,
      "sga": 468700000,
      "fcf": -14300000,
      "ocf": 33600000,
      "capex": -47900000,
      "gross_margin": 0.7758462946020128,
      "op_margin": 0.21382825774408573,
      "fcf_margin": -0.009345183636125997,
      "incr_op_margin_yoy": -0.8464491362763915,
      "rev_growth_yoy": 0.11376373826333794,
      "rev_growth_yoy_accel": 0.025484585266022097,
      "op_leverage_ratio": 0.3032594763627502,
      "fcf_margin_change": -0.18240629626972424
    },
    {
      "date": "2023-09-30T00:00:00",
      "quarter_label": "2023-09 (Q3)",
      "revenue": 1480900000,
      "gross_profit": 1130500000,
      "operating_income": 418400000,
      "net_income": 384900000,
      "opex": 712100000,
      "cogs": 350400000,
      "rd": 270300000,
      "sga": 439600000,
      "fcf": 356200000,
      "ocf": 411500000,
      "capex": -55300000,
      "gross_margin": 0.7633871294483084,
      "op_margin": 0.28253089337564996,
      "fcf_margin": 0.24052940779255857,
      "incr_op_margin_yoy": 0.09882643607164916,
      "rev_growth_yoy": 0.12274450341167552,
      "rev_growth_yoy_accel": 0.00898076514833758,
      "fcf_margin_change": 0.24987459142868457
    },
    {
      "date": "2023-12-31T00:00:00",
      "quarter_label": "2023-12 (Q4)",
      "revenue": 1266400000,
      "gross_profit": 1015400000,
      "operating_income": 400100000,
      "net_income": 369900000,
      "opex": 615300000,
      "cogs": 356900000,
      "rd": 270000000,
      "sga": 480000000,
      "fcf": 48300000,
      "ocf": 136600000,
      "capex": -88300000,
      "gross_margin": 0.8018003790271636,
      "op_margin": 0.3159349336702464,
      "fcf_margin": 0.0381396083385976,
      "incr_op_margin_yoy": 0.5824175824175825,
      "rev_growth_yoy": -0.06074315805087888,
      "rev_growth_yoy_accel": -0.1834876614625544,
      "fcf_margin_change": -0.20238979945396096
    },
    {
      "date": "2024-03-31T00:00:00",
      "quarter_label": "2024-03 (Q1)",
      "revenue": 1598200000,
      "gross_profit": 1212600000,
      "operating_income": 387500000,
      "net_income": 351900000,
      "opex": 825100000,
      "cogs": 385600000,
      "rd": 285200000,
      "sga": 489700000,
      "fcf": -118800000,
      "ocf": -53500000,
      "capex": -65300000,
      "gross_margin": 0.758728569640846,
      "op_margin": 0.24246026780127644,
      "fcf_margin": -0.07433362532849455,
      "incr_op_margin_yoy": -0.006493506493506494,
      "rev_growth_yoy": 0.09495752260893396,
      "rev_growth_yoy_accel": 0.15570068065981285,
      "op_leverage_ratio": 0.7683992124376795,
      "fcf_margin_change": -0.11247323366709215
    },
    {
      "date": "2024-06-30T00:00:00",
      "quarter_label": "2024-06 (Q2)",
      "revenue": 1385900000,
      "gross_profit": 1100600000,
      "operating_income": 369100000,
      "net_income": 366300000,
      "opex": 731500000,
      "cogs": 285300000,
      "rd": 272600000,
      "sga": 450800000,
      "fcf": 286100000,
      "ocf": 371500000,
      "capex": -85400000,
      "gross_margin": 0.7941409914135219,
      "op_margin": 0.2663251316833826,
      "fcf_margin": 0.20643625081174688,
      "incr_op_margin_yoy": -0.29036729036729036,
      "rev_growth_yoy": -0.09430139850999869,
      "rev_growth_yoy_accel": -0.18925892111893267,
      "fcf_margin_change": 0.2807698761402414
    },
    {
      "date": "2024-09-30T00:00:00",
      "quarter_label": "2024-09 (Q3)",
      "revenue": 1354400000,
      "gross_profit": 1091500000,
      "operating_income": 350600000,
      "net_income": 3070800000,
      "opex": 740900000,
      "cogs": 262900000,
      "rd": 253400000,
      "sga": 421400000,
      "fcf": 299900000,
      "ocf": 351800000,
      "capex": -51900000,
      "gross_margin": 0.8058919078558772,
      "op_margin": 0.2588600118133491,
      "fcf_margin": 0.2214264619019492,
      "incr_op_margin_yoy": 0.5359683794466403,
      "rev_growth_yoy": -0.0854210277533932,
      "rev_growth_yoy_accel": 0.008880370756605485,
      "fcf_margin_change": 0.014990211090202321
    },
    {
      "date": "2024-12-31T00:00:00",
      "quarter_label": "2024-12 (Q4)",
      "revenue": 1385800000,
      "gross_profit": 1093600000,
      "operating_income": 312600000,
      "net_income": 385600000,
      "opex": 781000000,
      "cogs": 292200000,
      "rd": 271100000,
      "sga": 491900000,
      "fcf": -177300000,
      "ocf": -127500000,
      "capex": -49800000,
      "gross_margin": 0.7891470630682638,
      "op_margin": 0.22557367585510174,
      "fcf_margin": -0.12794053976042719,
      "incr_op_margin_yoy": -0.7328308207705193,
      "rev_growth_yoy": 0.09428300694883134,
      "rev_growth_yoy_accel": 0.17970403470222454,
      "op_leverage_ratio": 0.4283491654796853,
      "fcf_margin_change": -0.3493670016623764
    },
    {
      "date": "2025-03-31T00:00:00",
      "quarter_label": "2025-03 (Q1)",
      "revenue": 1412700000,
      "gross_profit": 1111100000,
      "operating_income": 394800000,
      "net_income": 358000000,
      "opex": 716300000,
      "cogs": 301600000,
      "rd": 254600000,
      "sga": 465700000,
      "fcf": 224400000,
      "ocf": 280400000,
      "capex": -56000000,
      "gross_margin": 0.786508105047073,
      "op_margin": 0.2794648545338713,
      "fcf_margin": 0.1588447653429603,
      "incr_op_margin_yoy": -0.039353099730458224,
      "rev_growth_yoy": -0.11606807658615943,
      "rev_growth_yoy_accel": -0.21035108353499077,
      "op_leverage_ratio": Infinity,
      "fcf_margin_change": 0.2867853051033875
    },
    {
      "date": "2025-06-30T00:00:00",
      "quarter_label": "2025-06 (Q2)",
      "revenue": 1532200000,
      "gross_profit": 1187800000,
      "operating_income": 411200000,
      "net_income": 333200000,
      "opex": 776600000,
      "cogs": 344400000,
      "rd": 276200000,
      "sga": 502000000,
      "fcf": 240900000,
      "ocf": 290200000,
      "capex": -49300000,
      "gross_margin": 0.7752251664273594,
      "op_margin": 0.2683722751599008,
      "fcf_margin": 0.15722490536483488,
      "incr_op_margin_yoy": 0.2877648667122351,
      "rev_growth_yoy": 0.10556317194602785,
      "rev_growth_yoy_accel": 0.2216312485321873,
      "op_leverage_ratio": 1.0048369558263284,
      "fcf_margin_change": -0.0016198599781254153
    },
    {
      "date": "2025-09-30T00:00:00",
      "quarter_label": "2025-09 (Q3)",
      "revenue": 1553100000,
      "gross_profit": 1207900000,
      "operating_income": 307100000,
      "net_income": 291100000,
      "opex": 900800000,
      "cogs": 345200000,
      "rd": 280700000,
      "sga": 514600000,
      "fcf": 516200000,
      "ocf": 573700000,
      "capex": -57500000,
      "gross_margin": 0.7777348528748954,
      "op_margin": 0.1977335651278089,
      "fcf_margin": 0.33236752301847916,
      "incr_op_margin_yoy": -0.21892299949672875,
      "rev_growth_yoy": 0.14670702894270526,
      "rev_growth_yoy_accel": 0.041143856996677414,
      "op_leverage_ratio": 0.0852916701086142,
      "fcf_margin_change": 0.17514261765364428
    }
  ],
  "signals": [
    {
      "quarter": "2025-09 (Q3)",
      "signal": "FCF MARGIN EXPANSION",
      "detail": "FCF margin: +15.7% -> +33.2% (+17.5%)",
      "severity": "MEDIUM"
    },
    {
      "quarter": "2025-06 (Q2)",
      "signal": "YoY REVENUE GROWTH ACCELERATION",
      "detail": "YoY growth: +10.6% vs prior quarter YoY: -11.6% (accel: +22.2%)",
      "severity": "HIGH"
    },
    {
      "quarter": "2025-03 (Q1)",
      "signal": "FCF TURNED POSITIVE",
      "detail": "FCF margin: -12.8% -> +15.9%",
      "severity": "HIGH"
    },
    {
      "quarter": "2025-03 (Q1)",
      "signal": "YoY REVENUE GROWTH DECELERATION",
      "detail": "YoY growth: -11.6% vs prior quarter YoY: +9.4% (decel: -21.0%)",
      "severity": "WARNING"
    },
    {
      "quarter": "2024-12 (Q4)",
      "signal": "YoY REVENUE GROWTH ACCELERATION",
      "detail": "YoY growth: +9.4% vs prior quarter YoY: -8.5% (accel: +18.0%)",
      "severity": "HIGH"
    },
    {
      "quarter": "2024-09 (Q3)",
      "signal": "INCREMENTAL MARGIN (YoY)",
      "detail": "YoY Incr OPM: +53.6% vs year-ago OPM: +28.3%",
      "severity": "HIGH"
    },
    {
      "quarter": "2024-06 (Q2)",
      "signal": "FCF TURNED POSITIVE",
      "detail": "FCF margin: -7.4% -> +20.6%",
      "severity": "HIGH"
    },
    {
      "quarter": "2024-06 (Q2)",
      "signal": "GROSS MARGIN INFLECTION",
      "detail": "GM: +80.2% -> +75.9% -> +79.4% (reversal +3.5%)",
      "severity": "MEDIUM"
    },
    {
      "quarter": "2024-06 (Q2)",
      "signal": "YoY REVENUE GROWTH DECELERATION",
      "detail": "YoY growth: -9.4% vs prior quarter YoY: +9.5% (decel: -18.9%)",
      "severity": "WARNING"
    },
    {
      "quarter": "2024-03 (Q1)",
      "signal": "YoY REVENUE GROWTH ACCELERATION",
      "detail": "YoY growth: +9.5% vs prior quarter YoY: -6.1% (accel: +15.6%)",
      "severity": "HIGH"
    },
    {
      "quarter": "2023-12 (Q4)",
      "signal": "GROSS MARGIN INFLECTION",
      "detail": "GM: +77.6% -> +76.3% -> +80.2% (reversal +3.8%)",
      "severity": "MEDIUM"
    },
    {
      "quarter": "2023-12 (Q4)",
      "signal": "YoY REVENUE GROWTH DECELERATION",
      "detail": "YoY growth: -6.1% vs prior quarter YoY: +12.3% (decel: -18.3%)",
      "severity": "WARNING"
    },
    {
      "quarter": "2023-12 (Q4)",
      "signal": "INCREMENTAL MARGIN (YoY)",
      "detail": "YoY Incr OPM: +58.2% vs year-ago OPM: +33.2%",
      "severity": "HIGH"
    },
    {
      "quarter": "2023-09 (Q3)",
      "signal": "FCF TURNED POSITIVE",
      "detail": "FCF margin: -0.9% -> +24.1%",
      "severity": "HIGH"
    },
    {
      "quarter": "2023-03 (Q1)",
      "signal": "YoY REVENUE GROWTH ACCELERATION",
      "detail": "YoY growth: +8.8% vs prior quarter YoY: +1.4% (accel: +7.4%)",
      "severity": "MEDIUM"
    },
    {
      "quarter": "2022-12 (Q4)",
      "signal": "INCREMENTAL MARGIN (YoY)",
      "detail": "YoY Incr OPM: +394.6% vs year-ago OPM: +28.2%",
      "severity": "HIGH"
    },
    {
      "quarter": "2022-09 (Q3)",
      "signal": "INCREMENTAL MARGIN (YoY)",
      "detail": "YoY Incr OPM: +137.5% vs year-ago OPM: +29.8%",
      "severity": "HIGH"
    },
    {
      "quarter": "2022-06 (Q2)",
      "signal": "YoY REVENUE GROWTH DECELERATION",
      "detail": "YoY growth: -0.2% vs prior quarter YoY: +10.2% (decel: -10.4%)",
      "severity": "WARNING"
    },
    {
      "quarter": "2022-06 (Q2)",
      "signal": "INCREMENTAL MARGIN (YoY)",
      "detail": "YoY Incr OPM: +3933.3% vs year-ago OPM: +39.4%",
      "severity": "HIGH"
    },
    {
      "quarter": "2022-03 (Q1)",
      "signal": "INCREMENTAL MARGIN (YoY)",
      "detail": "YoY Incr OPM: +44.4% vs year-ago OPM: +31.5%",
      "severity": "MEDIUM"
    },
    {
      "quarter": "2021-06 (Q2)",
      "signal": "FCF MARGIN EXPANSION",
      "detail": "FCF margin: +16.0% -> +33.2% (+17.2%)",
      "severity": "MEDIUM"
    }
  ],
  "data_quality": {
    "n_quarters": 20,
    "coverage": {
      "revenue": [
        20,
        20
      ],
      "gross_profit": [
        20,
        20
      ],
      "op_income": [
        20,
        20
      ],
      "fcf": [
        20,
        20
      ]
    },
    "gaps": [],
    "warnings": []
  },
  "market_cap": null,
  "source": "SEC EDGAR",
  "last_updated": "2026-02-02T20:00:09.984294"
}