{
  "ticker": "EXAS",
  "name": "EXACT SCIENCES CORPORATION",
  "quarters": [
    {
      "date": "2020-12-31T00:00:00",
      "quarter_label": "2020-12 (Q4)",
      "revenue": 466339000,
      "gross_profit": 346021000,
      "operating_income": -415302000,
      "net_income": -436810000,
      "opex": 761323000,
      "cogs": 99765000,
      "rd": 446399000,
      "sga": null,
      "fcf": 94697000,
      "ocf": 111404000,
      "capex": -16707000,
      "gross_margin": 0.7419945576072342,
      "op_margin": -0.890558156191097,
      "fcf_margin": 0.20306472330214714
    },
    {
      "date": "2021-03-31T00:00:00",
      "quarter_label": "2021-03 (Q1)",
      "revenue": 402077000,
      "gross_profit": 271529000,
      "operating_income": -300541000,
      "net_income": -31164000,
      "opex": 572070000,
      "cogs": 109993000,
      "rd": 115567000,
      "sga": null,
      "fcf": -90147000,
      "ocf": -77227000,
      "capex": -12920000,
      "gross_margin": 0.6753159220746275,
      "op_margin": -0.7474712555057862,
      "fcf_margin": -0.22420332423888956,
      "fcf_margin_change": -0.4272680475410367
    },
    {
      "date": "2021-06-30T00:00:00",
      "quarter_label": "2021-06 (Q2)",
      "revenue": 434819000,
      "gross_profit": 299663000,
      "operating_income": -171664000,
      "net_income": -176912000,
      "opex": 471327000,
      "cogs": 113968000,
      "rd": 106235000,
      "sga": null,
      "fcf": 15753000,
      "ocf": 40337000,
      "capex": -24584000,
      "gross_margin": 0.6891672167039619,
      "op_margin": -0.3947941557291655,
      "fcf_margin": 0.036228867643778216,
      "op_leverage_ratio": Infinity,
      "fcf_margin_change": 0.26043219188266775
    },
    {
      "date": "2021-09-30T00:00:00",
      "quarter_label": "2021-09 (Q3)",
      "revenue": 456379000,
      "gross_profit": 319427000,
      "operating_income": -162023000,
      "net_income": -166938000,
      "opex": 481450000,
      "cogs": 115738000,
      "rd": 75356000,
      "sga": null,
      "fcf": -79644000,
      "ocf": -40774000,
      "capex": -38870000,
      "gross_margin": 0.6999160785224561,
      "op_margin": -0.35501852626873714,
      "fcf_margin": -0.17451285006540618,
      "op_leverage_ratio": 2.308624635943715,
      "fcf_margin_change": -0.2107417177091844
    },
    {
      "date": "2021-12-31T00:00:00",
      "quarter_label": "2021-12 (Q4)",
      "revenue": 473812000,
      "gross_profit": 333538000,
      "operating_income": -221450000,
      "net_income": -220611000,
      "opex": 554988000,
      "cogs": 119058000,
      "rd": 88488000,
      "sga": null,
      "fcf": -83964000,
      "ocf": -24572000,
      "capex": -59392000,
      "gross_margin": 0.7039458688256102,
      "op_margin": -0.4673794669615797,
      "fcf_margin": -0.17720952614116992,
      "incr_op_margin_yoy": 25.94031847986083,
      "rev_growth_yoy": 0.01602482314367874,
      "op_leverage_ratio": 0.25008396972075486,
      "fcf_margin_change": -0.0026966760757637376
    },
    {
      "date": "2022-03-31T00:00:00",
      "quarter_label": "2022-03 (Q1)",
      "revenue": 486571000,
      "gross_profit": 351866000,
      "operating_income": -176987000,
      "net_income": -180937000,
      "opex": 663558000,
      "cogs": 134705000,
      "rd": 102248000,
      "sga": null,
      "fcf": -207377000,
      "ocf": -173754000,
      "capex": -33623000,
      "gross_margin": 0.7231544831072958,
      "op_margin": -0.36374342079573174,
      "fcf_margin": -0.42620090387630993,
      "incr_op_margin_yoy": 1.4622813454209767,
      "rev_growth_yoy": 0.21014382817221577,
      "rev_growth_yoy_accel": 0.19411900502853704,
      "op_leverage_ratio": 0.1376525740011859,
      "fcf_margin_change": -0.24899137773514002
    },
    {
      "date": "2022-06-30T00:00:00",
      "quarter_label": "2022-06 (Q2)",
      "revenue": 521640000,
      "gross_profit": 377040000,
      "operating_income": -159584000,
      "net_income": -166063000,
      "opex": 681224000,
      "cogs": 144600000,
      "rd": 106083000,
      "sga": null,
      "fcf": -124242000,
      "ocf": -60916000,
      "capex": -63326000,
      "gross_margin": 0.7227973314929836,
      "op_margin": -0.30592745955064793,
      "fcf_margin": -0.2381757533931447,
      "incr_op_margin_yoy": 0.13913684477257807,
      "rev_growth_yoy": 0.19967158748812724,
      "rev_growth_yoy_accel": -0.01047224068408853,
      "op_leverage_ratio": 2.7071843101939046,
      "fcf_margin_change": 0.18802515048316523
    },
    {
      "date": "2022-09-30T00:00:00",
      "quarter_label": "2022-09 (Q3)",
      "revenue": 523073000,
      "gross_profit": 375136000,
      "operating_income": -138058000,
      "net_income": -148761000,
      "opex": 647887000,
      "cogs": 147937000,
      "rd": 90813000,
      "sga": null,
      "fcf": -85563000,
      "ocf": -40926000,
      "capex": -44637000,
      "gross_margin": 0.7171771435344588,
      "op_margin": -0.2639363912876405,
      "fcf_margin": -0.16357755036103946,
      "incr_op_margin_yoy": 0.3593276756529823,
      "rev_growth_yoy": 0.14613731131362312,
      "rev_growth_yoy_accel": -0.053534276174504125,
      "fcf_margin_change": 0.07459820303210524
    },
    {
      "date": "2022-12-31T00:00:00",
      "quarter_label": "2022-12 (Q4)",
      "revenue": 552995000,
      "gross_profit": 405843000,
      "operating_income": -118882000,
      "net_income": -127745000,
      "opex": 10516000,
      "cogs": 147152000,
      "rd": 94274000,
      "sga": null,
      "fcf": -20839000,
      "ocf": 52037000,
      "capex": -72876000,
      "gross_margin": 0.7338999448457942,
      "op_margin": -0.2149784356097252,
      "fcf_margin": -0.037683885026085225,
      "incr_op_margin_yoy": 1.2953285427427605,
      "rev_growth_yoy": 0.16711902611162233,
      "rev_growth_yoy_accel": 0.020981714797999207,
      "op_leverage_ratio": Infinity,
      "fcf_margin_change": 0.12589366533495425
    },
    {
      "date": "2023-03-31T00:00:00",
      "quarter_label": "2023-03 (Q1)",
      "revenue": 602450000,
      "gross_profit": 424866000,
      "operating_income": -77091000,
      "net_income": -74151000,
      "opex": 679541000,
      "cogs": 156866000,
      "rd": 95419000,
      "sga": null,
      "fcf": -67575000,
      "ocf": -38215000,
      "capex": -29360000,
      "gross_margin": 0.7052303095692588,
      "op_margin": -0.1279624865134036,
      "fcf_margin": -0.11216698481201759,
      "incr_op_margin_yoy": 0.8620716436973049,
      "rev_growth_yoy": 0.23815434951939182,
      "rev_growth_yoy_accel": 0.0710353234077695,
      "op_leverage_ratio": 0.0014057148487097145,
      "fcf_margin_change": -0.07448309978593237
    },
    {
      "date": "2023-06-30T00:00:00",
      "quarter_label": "2023-06 (Q2)",
      "revenue": 622093000,
      "gross_profit": 444384000,
      "operating_income": -76929000,
      "net_income": -81026000,
      "opex": 699022000,
      "cogs": 156991000,
      "rd": 104095000,
      "sga": null,
      "fcf": 65703000,
      "ocf": 100424000,
      "capex": -34721000,
      "gross_margin": 0.7143369239004458,
      "op_margin": -0.12366157471632055,
      "fcf_margin": 0.1056160413314408,
      "incr_op_margin_yoy": 0.8228226135605706,
      "rev_growth_yoy": 0.19257150525266467,
      "rev_growth_yoy_accel": -0.04558284426672715,
      "op_leverage_ratio": 1.1373423911802674,
      "fcf_margin_change": 0.2177830261434584
    },
    {
      "date": "2023-09-30T00:00:00",
      "quarter_label": "2023-09 (Q3)",
      "revenue": 628338000,
      "gross_profit": 439031000,
      "operating_income": 6849000,
      "net_income": 794000,
      "opex": 693516000,
      "cogs": 168526000,
      "rd": 111446000,
      "sga": null,
      "fcf": -826000,
      "ocf": 24361000,
      "capex": -25187000,
      "gross_margin": 0.6987178875064057,
      "op_margin": 0.010900184295713454,
      "fcf_margin": -0.001314579095964274,
      "incr_op_margin_yoy": 1.3765924096328315,
      "rev_growth_yoy": 0.20124342109036406,
      "rev_growth_yoy_accel": 0.008671915837699384,
      "op_leverage_ratio": Infinity,
      "fcf_margin_change": -0.10693062042740507
    },
    {
      "date": "2023-12-31T00:00:00",
      "quarter_label": "2023-12 (Q4)",
      "revenue": 646885000,
      "gross_profit": 453921000,
      "operating_income": -67841000,
      "net_income": -49766000,
      "opex": -16438000,
      "cogs": 192964000,
      "rd": 115184000,
      "sga": null,
      "fcf": 34627000,
      "ocf": 69549000,
      "capex": -34922000,
      "gross_margin": 0.701702775609266,
      "op_margin": -0.10487335461480789,
      "fcf_margin": 0.053528834336860495,
      "incr_op_margin_yoy": 0.5436255192246245,
      "rev_growth_yoy": 0.16978453693071366,
      "rev_growth_yoy_accel": -0.031458884159650397,
      "op_leverage_ratio": Infinity,
      "fcf_margin_change": 0.05484341343282477
    },
    {
      "date": "2024-03-31T00:00:00",
      "quarter_label": "2024-03 (Q1)",
      "revenue": 637524000,
      "gross_profit": 446323000,
      "operating_income": -106692000,
      "net_income": -110228000,
      "opex": 552747000,
      "cogs": 170101000,
      "rd": 110608000,
      "sga": null,
      "fcf": -119960000,
      "ocf": -82311000,
      "capex": -37649000,
      "gross_margin": 0.7000881535440234,
      "op_margin": -0.16735369962542587,
      "fcf_margin": -0.18816546514327304,
      "incr_op_margin_yoy": -0.8439584877687175,
      "rev_growth_yoy": 0.05821893933106482,
      "rev_growth_yoy_accel": -0.11156559759964885,
      "fcf_margin_change": -0.24169429948013355
    },
    {
      "date": "2024-06-30T00:00:00",
      "quarter_label": "2024-06 (Q2)",
      "revenue": 699264000,
      "gross_profit": 488316000,
      "operating_income": -26257000,
      "net_income": -15808000,
      "opex": 518373000,
      "cogs": 189848000,
      "rd": 120884000,
      "sga": null,
      "fcf": 71199000,
      "ocf": 107065000,
      "capex": -35866000,
      "gross_margin": 0.6983285282811642,
      "op_margin": -0.037549480596741715,
      "fcf_margin": 0.10181991350906096,
      "incr_op_margin_yoy": 0.656619714659652,
      "rev_growth_yoy": 0.12405058407665735,
      "rev_growth_yoy_accel": 0.06583164474559253,
      "op_leverage_ratio": Infinity,
      "fcf_margin_change": 0.289985378652334
    },
    {
      "date": "2024-09-30T00:00:00",
      "quarter_label": "2024-09 (Q3)",
      "revenue": 708655000,
      "gross_profit": 491485000,
      "operating_income": -39403000,
      "net_income": -38236000,
      "opex": 533988000,
      "cogs": 196070000,
      "rd": 100101000,
      "sga": null,
      "fcf": 112561000,
      "ocf": 138719000,
      "capex": -26158000,
      "gross_margin": 0.6935462248908143,
      "op_margin": -0.055602514622771305,
      "fcf_margin": 0.1588375161397295,
      "incr_op_margin_yoy": -0.5758681225643388,
      "rev_growth_yoy": 0.1278245148311896,
      "rev_growth_yoy_accel": 0.003773930754532237,
      "op_leverage_ratio": 0.4458318125907006,
      "fcf_margin_change": 0.05701760263066853
    },
    {
      "date": "2024-12-31T00:00:00",
      "quarter_label": "2024-12 (Q4)",
      "revenue": 713424000,
      "gross_profit": 492593000,
      "operating_income": -876351000,
      "net_income": -864585000,
      "opex": 1371512000,
      "cogs": 220831000,
      "rd": 97709000,
      "sga": null,
      "fcf": 10747000,
      "ocf": 47063000,
      "capex": -36316000,
      "gross_margin": 0.6904631747740474,
      "op_margin": -1.228373309560654,
      "fcf_margin": 0.015063973177241024,
      "incr_op_margin_yoy": -12.150919009903966,
      "rev_growth_yoy": 0.10286063210617034,
      "rev_growth_yoy_accel": -0.024963882725019246,
      "fcf_margin_change": -0.14377354296248845
    },
    {
      "date": "2025-03-31T00:00:00",
      "quarter_label": "2025-03 (Q1)",
      "revenue": 706785000,
      "gross_profit": 500547000,
      "operating_income": -96010000,
      "net_income": -101215000,
      "opex": 596557000,
      "cogs": 206238000,
      "rd": 105310000,
      "sga": null,
      "fcf": -365000,
      "ocf": 30809000,
      "capex": -31174000,
      "gross_margin": 0.7082026358793693,
      "op_margin": -0.13584046067757521,
      "fcf_margin": -0.0005164229574764603,
      "incr_op_margin_yoy": 0.15422820923752184,
      "rev_growth_yoy": 0.10864061588269618,
      "rev_growth_yoy_accel": 0.005779983776525832,
      "fcf_margin_change": -0.015580396134717484
    },
    {
      "date": "2025-06-30T00:00:00",
      "quarter_label": "2025-06 (Q2)",
      "revenue": 811085000,
      "gross_profit": 562453000,
      "operating_income": -2148000,
      "net_income": -1185000,
      "opex": 564601000,
      "cogs": 248632000,
      "rd": 108901000,
      "sga": null,
      "fcf": 46675000,
      "ocf": 89017000,
      "capex": -42342000,
      "gross_margin": 0.6934575291122386,
      "op_margin": -0.0026483044317180075,
      "fcf_margin": 0.05754637306817411,
      "incr_op_margin_yoy": 0.21560350917984994,
      "rev_growth_yoy": 0.15991242220391727,
      "rev_growth_yoy_accel": 0.051271806321221094,
      "op_leverage_ratio": Infinity,
      "fcf_margin_change": 0.05806279602565057
    },
    {
      "date": "2025-09-30T00:00:00",
      "quarter_label": "2025-09 (Q3)",
      "revenue": 850739000,
      "gross_profit": 583929000,
      "operating_income": -25545000,
      "net_income": -19594000,
      "opex": 609474000,
      "cogs": 266810000,
      "rd": 117290000,
      "sga": null,
      "fcf": 190026000,
      "ocf": 219923000,
      "capex": -29897000,
      "gross_margin": 0.6863785485325111,
      "op_margin": -0.030026835492436576,
      "fcf_margin": 0.22336580314291457,
      "incr_op_margin_yoy": 0.09753385321359195,
      "rev_growth_yoy": 0.20049812673303652,
      "rev_growth_yoy_accel": 0.04058570452911925,
      "op_leverage_ratio": 0.6151445350957604,
      "fcf_margin_change": 0.16581943007474045
    }
  ],
  "signals": [
    {
      "quarter": "2025-09 (Q3)",
      "signal": "FCF MARGIN EXPANSION",
      "detail": "FCF margin: +5.8% -> +22.3% (+16.6%)",
      "severity": "MEDIUM"
    },
    {
      "quarter": "2025-06 (Q2)",
      "signal": "FCF TURNED POSITIVE",
      "detail": "FCF margin: -0.1% -> +5.8%",
      "severity": "HIGH"
    },
    {
      "quarter": "2025-06 (Q2)",
      "signal": "YoY REVENUE GROWTH ACCELERATION",
      "detail": "YoY growth: +16.0% vs prior quarter YoY: +10.9% (accel: +5.1%)",
      "severity": "MEDIUM"
    },
    {
      "quarter": "2024-09 (Q3)",
      "signal": "FCF MARGIN EXPANSION",
      "detail": "FCF margin: +10.2% -> +15.9% (+5.7%)",
      "severity": "MEDIUM"
    },
    {
      "quarter": "2024-06 (Q2)",
      "signal": "FCF TURNED POSITIVE",
      "detail": "FCF margin: -18.8% -> +10.2%",
      "severity": "HIGH"
    },
    {
      "quarter": "2024-06 (Q2)",
      "signal": "YoY REVENUE GROWTH ACCELERATION",
      "detail": "YoY growth: +12.4% vs prior quarter YoY: +5.8% (accel: +6.6%)",
      "severity": "MEDIUM"
    },
    {
      "quarter": "2024-03 (Q1)",
      "signal": "YoY REVENUE GROWTH DECELERATION",
      "detail": "YoY growth: +5.8% vs prior quarter YoY: +17.0% (decel: -11.2%)",
      "severity": "WARNING"
    },
    {
      "quarter": "2023-12 (Q4)",
      "signal": "FCF TURNED POSITIVE",
      "detail": "FCF margin: -0.1% -> +5.4%",
      "severity": "HIGH"
    },
    {
      "quarter": "2023-09 (Q3)",
      "signal": "OP MARGIN TURNED POSITIVE (YoY)",
      "detail": "Op margin: -26.4% (year-ago) -> +1.1%",
      "severity": "HIGH"
    },
    {
      "quarter": "2023-09 (Q3)",
      "signal": "OP MARGIN TURNED POSITIVE (QoQ)",
      "detail": "Op margin: -12.4% -> +1.1%",
      "severity": "HIGH"
    },
    {
      "quarter": "2023-06 (Q2)",
      "signal": "FCF TURNED POSITIVE",
      "detail": "FCF margin: -11.2% -> +10.6%",
      "severity": "HIGH"
    },
    {
      "quarter": "2023-03 (Q1)",
      "signal": "YoY REVENUE GROWTH ACCELERATION",
      "detail": "YoY growth: +23.8% vs prior quarter YoY: +16.7% (accel: +7.1%)",
      "severity": "MEDIUM"
    },
    {
      "quarter": "2022-12 (Q4)",
      "signal": "FCF MARGIN EXPANSION",
      "detail": "FCF margin: -16.4% -> -3.8% (+12.6%)",
      "severity": "MEDIUM"
    },
    {
      "quarter": "2022-09 (Q3)",
      "signal": "FCF MARGIN EXPANSION",
      "detail": "FCF margin: -23.8% -> -16.4% (+7.5%)",
      "severity": "MEDIUM"
    },
    {
      "quarter": "2022-09 (Q3)",
      "signal": "YoY REVENUE GROWTH DECELERATION",
      "detail": "YoY growth: +14.6% vs prior quarter YoY: +20.0% (decel: -5.4%)",
      "severity": "WARNING"
    },
    {
      "quarter": "2022-06 (Q2)",
      "signal": "FCF MARGIN EXPANSION",
      "detail": "FCF margin: -42.6% -> -23.8% (+18.8%)",
      "severity": "MEDIUM"
    },
    {
      "quarter": "2022-06 (Q2)",
      "signal": "OPERATING LEVERAGE",
      "detail": "Rev growth +7.2% vs OpEx growth +2.7% (leverage: 2.7x)",
      "severity": "MEDIUM"
    },
    {
      "quarter": "2022-03 (Q1)",
      "signal": "YoY REVENUE GROWTH ACCELERATION",
      "detail": "YoY growth: +21.0% vs prior quarter YoY: +1.6% (accel: +19.4%)",
      "severity": "HIGH"
    },
    {
      "quarter": "2021-09 (Q3)",
      "signal": "OPERATING LEVERAGE",
      "detail": "Rev growth +5.0% vs OpEx growth +2.1% (leverage: 2.3x)",
      "severity": "MEDIUM"
    },
    {
      "quarter": "2021-06 (Q2)",
      "signal": "FCF TURNED POSITIVE",
      "detail": "FCF margin: -22.4% -> +3.6%",
      "severity": "HIGH"
    }
  ],
  "data_quality": {
    "n_quarters": 20,
    "coverage": {
      "revenue": [
        20,
        20
      ],
      "gross_profit": [
        20,
        20
      ],
      "op_income": [
        20,
        20
      ],
      "fcf": [
        20,
        20
      ]
    },
    "gaps": [],
    "warnings": []
  },
  "market_cap": null,
  "source": "SEC EDGAR",
  "last_updated": "2026-02-02T20:19:12.301330",
  "sector": "Healthcare",
  "industry": "Diagnostics & Research"
}