{
  "ticker": "EXEL",
  "name": "EXELIXIS, INC.",
  "quarters": [
    {
      "date": "2021-01-01T00:00:00",
      "quarter_label": "2021-01 (Q1)",
      "revenue": 270052000,
      "gross_profit": 191316000,
      "operating_income": 24297000,
      "net_income": 28388000,
      "opex": 245755000,
      "cogs": 9037000,
      "rd": 154279000,
      "sga": 82439000,
      "fcf": 19003000,
      "ocf": 33293000,
      "capex": -14290000,
      "gross_margin": 0.7084413372239421,
      "op_margin": 0.08997156103269,
      "fcf_margin": 0.07036792913957311
    },
    {
      "date": "2021-04-02T00:00:00",
      "quarter_label": "2021-04 (Q2)",
      "revenue": 270230000,
      "gross_profit": 257032000,
      "operating_income": -4607000,
      "net_income": 1601000,
      "opex": 274837000,
      "cogs": 13198000,
      "rd": 159288000,
      "sga": 102351000,
      "fcf": 25987000,
      "ocf": 39544000,
      "capex": -13557000,
      "gross_margin": 0.9511601228583059,
      "op_margin": -0.01704844021759242,
      "fcf_margin": 0.09616622876808645,
      "fcf_margin_change": 0.025798299628513335
    },
    {
      "date": "2021-07-02T00:00:00",
      "quarter_label": "2021-07 (Q3)",
      "revenue": 385177000,
      "gross_profit": 370293000,
      "operating_income": 123008000,
      "net_income": 96092000,
      "opex": 262169000,
      "cogs": 14884000,
      "rd": 148790000,
      "sga": 98495000,
      "fcf": 161290000,
      "ocf": 181501000,
      "capex": -20211000,
      "gross_margin": 0.9613580250118776,
      "op_margin": 0.31935447859036237,
      "fcf_margin": 0.4187425521253865,
      "op_leverage_ratio": Infinity,
      "fcf_margin_change": 0.3225763233573001
    },
    {
      "date": "2021-10-01T00:00:00",
      "quarter_label": "2021-10 (Q4)",
      "revenue": 328423000,
      "gross_profit": 316549000,
      "operating_income": 51621000,
      "net_income": 38204000,
      "opex": 276802000,
      "cogs": 11874000,
      "rd": 163370000,
      "sga": 101558000,
      "fcf": 68810000,
      "ocf": 83307000,
      "capex": -14497000,
      "gross_margin": 0.9638454066858898,
      "op_margin": 0.15717839493579927,
      "fcf_margin": 0.20951638588040422,
      "fcf_margin_change": -0.2092261662449823
    },
    {
      "date": "2021-12-31T00:00:00",
      "quarter_label": "2021-12 (Q4)",
      "revenue": 451140000,
      "gross_profit": 438223000,
      "operating_income": 116644000,
      "net_income": 95166000,
      "opex": 334496000,
      "cogs": 12917000,
      "rd": 222268000,
      "sga": 99311000,
      "fcf": 90492000,
      "ocf": 96452000,
      "capex": -5960000,
      "gross_margin": 0.971368089728244,
      "op_margin": 0.2585538857117525,
      "fcf_margin": 0.2005851842000266,
      "incr_op_margin_yoy": 0.5099564852447429,
      "rev_growth_yoy": 0.6705671500303645,
      "op_leverage_ratio": 1.792708754960022,
      "fcf_margin_change": -0.008931201680377615
    },
    {
      "date": "2022-04-01T00:00:00",
      "quarter_label": "2022-04 (Q2)",
      "revenue": 355980000,
      "gross_profit": 342777000,
      "operating_income": 83243000,
      "net_income": 68573000,
      "opex": 272737000,
      "cogs": 13203000,
      "rd": 156671000,
      "sga": 102863000,
      "fcf": 142110000,
      "ocf": 147719000,
      "capex": -5609000,
      "gross_margin": 0.9629108376875105,
      "op_margin": 0.23384178886454296,
      "fcf_margin": 0.3992078206640822,
      "incr_op_margin_yoy": 1.0244897959183674,
      "rev_growth_yoy": 0.317322281019872,
      "rev_growth_yoy_accel": -0.3532448690104925,
      "fcf_margin_change": 0.19862263646405562
    },
    {
      "date": "2022-07-01T00:00:00",
      "quarter_label": "2022-07 (Q3)",
      "revenue": 419427000,
      "gross_profit": 405946000,
      "operating_income": 83706000,
      "net_income": 70672000,
      "opex": 335721000,
      "cogs": 13481000,
      "rd": 199481000,
      "sga": 122759000,
      "fcf": 23793000,
      "ocf": 31130000,
      "capex": -7337000,
      "gross_margin": 0.9678585308051222,
      "op_margin": 0.19957227360184251,
      "fcf_margin": 0.056727392371020466,
      "incr_op_margin_yoy": -1.1475036496350366,
      "rev_growth_yoy": 0.08892015878414339,
      "rev_growth_yoy_accel": -0.2284021222357286,
      "op_leverage_ratio": 0.7717902962960648,
      "fcf_margin_change": -0.34248042829306174
    },
    {
      "date": "2022-09-30T00:00:00",
      "quarter_label": "2022-09 (Q3)",
      "revenue": 411738000,
      "gross_profit": 396433000,
      "operating_income": 82613000,
      "net_income": 73210000,
      "opex": 329125000,
      "cogs": 15305000,
      "rd": 198837000,
      "sga": 114983000,
      "fcf": 105028000,
      "ocf": 110071000,
      "capex": -5043000,
      "gross_margin": 0.9628283034356799,
      "op_margin": 0.20064458466306243,
      "fcf_margin": 0.2550845440547144,
      "incr_op_margin_yoy": 0.3719858368841145,
      "rev_growth_yoy": 0.25368198938563985,
      "rev_growth_yoy_accel": 0.16476183060149646,
      "fcf_margin_change": 0.19835715168369394
    },
    {
      "date": "2022-12-30T00:00:00",
      "quarter_label": "2022-12 (Q4)",
      "revenue": 423917000,
      "gross_profit": 407997000,
      "operating_income": -48078000,
      "net_income": -30173000,
      "opex": 471995000,
      "cogs": 15920000,
      "rd": 336824000,
      "sga": 119251000,
      "fcf": 63977000,
      "ocf": 73694000,
      "capex": -9717000,
      "gross_margin": 0.9624454787139936,
      "op_margin": -0.11341371070280268,
      "fcf_margin": 0.15091869398962532,
      "incr_op_margin_yoy": 6.05083936377328,
      "rev_growth_yoy": -0.060342687414106484,
      "rev_growth_yoy_accel": -0.3140246767997463,
      "op_leverage_ratio": 0.06814131450541445,
      "fcf_margin_change": -0.1041658500650891
    },
    {
      "date": "2023-03-31T00:00:00",
      "quarter_label": "2023-03 (Q1)",
      "revenue": 408788000,
      "gross_profit": 394473000,
      "operating_income": 28830000,
      "net_income": 40028000,
      "opex": 379958000,
      "cogs": 14315000,
      "rd": 234246000,
      "sga": 131397000,
      "fcf": 72384000,
      "ocf": 84408000,
      "capex": -12024000,
      "gross_margin": 0.9649818487822539,
      "op_margin": 0.0705255535876787,
      "fcf_margin": 0.17706977699932483,
      "incr_op_margin_yoy": -1.030393122254204,
      "rev_growth_yoy": 0.1483454126636328,
      "rev_growth_yoy_accel": 0.20868810007773927,
      "fcf_margin_change": 0.02615108300969951
    },
    {
      "date": "2023-06-30T00:00:00",
      "quarter_label": "2023-06 (Q2)",
      "revenue": 469848000,
      "gross_profit": 452143000,
      "operating_income": 77850000,
      "net_income": 81178000,
      "opex": 391998000,
      "cogs": 17705000,
      "rd": 232570000,
      "sga": 141723000,
      "fcf": 115041000,
      "ocf": 120978000,
      "capex": -5937000,
      "gross_margin": 0.9623176005857214,
      "op_margin": 0.165691883332482,
      "fcf_margin": 0.24484726975532511,
      "incr_op_margin_yoy": -0.11614208365561968,
      "rev_growth_yoy": 0.12021400625138581,
      "rev_growth_yoy_accel": -0.028131406412246984,
      "op_leverage_ratio": 4.713763263948201,
      "fcf_margin_change": 0.06777749275600028
    },
    {
      "date": "2023-09-29T00:00:00",
      "quarter_label": "2023-09 (Q3)",
      "revenue": 471920000,
      "gross_profit": 453146000,
      "operating_income": -17583000,
      "net_income": 1041000,
      "opex": 489503000,
      "cogs": 18774000,
      "rd": 332585000,
      "sga": 138144000,
      "fcf": 107994000,
      "ocf": 117367000,
      "capex": -9373000,
      "gross_margin": 0.960217833531107,
      "op_margin": -0.037258433632819124,
      "fcf_margin": 0.22883963383624342,
      "incr_op_margin_yoy": -1.6648831876640857,
      "rev_growth_yoy": 0.14616576560822658,
      "rev_growth_yoy_accel": 0.02595175935684077,
      "fcf_margin_change": -0.016007635919081692
    },
    {
      "date": "2023-12-29T00:00:00",
      "quarter_label": "2023-12 (Q4)",
      "revenue": 479652000,
      "gross_profit": 457899000,
      "operating_income": 81788000,
      "net_income": 85518000,
      "opex": 397864000,
      "cogs": 21753000,
      "rd": 244670000,
      "sga": 131441000,
      "fcf": -2564000,
      "ocf": 10571000,
      "capex": -13135000,
      "gross_margin": 0.9546483700682995,
      "op_margin": 0.17051529025209944,
      "fcf_margin": -0.005345542184750611,
      "incr_op_margin_yoy": 2.3300619000627973,
      "rev_growth_yoy": 0.1314762087861539,
      "rev_growth_yoy_accel": -0.01468955682207268,
      "op_leverage_ratio": Infinity,
      "fcf_margin_change": -0.23418517602099403
    },
    {
      "date": "2024-03-29T00:00:00",
      "quarter_label": "2024-03 (Q1)",
      "revenue": 425226000,
      "gross_profit": 403970000,
      "operating_income": 29462000,
      "net_income": 37317000,
      "opex": 395764000,
      "cogs": 21256000,
      "rd": 227689000,
      "sga": 113984000,
      "fcf": 59131000,
      "ocf": 68822000,
      "capex": -9691000,
      "gross_margin": 0.9500124639603411,
      "op_margin": 0.06928550935267364,
      "fcf_margin": 0.13905781866583888,
      "incr_op_margin_yoy": 0.03844749969582674,
      "rev_growth_yoy": 0.04021155219820543,
      "rev_growth_yoy_accel": -0.09126465658794847,
      "fcf_margin_change": 0.1444033608505895
    },
    {
      "date": "2024-06-28T00:00:00",
      "quarter_label": "2024-06 (Q2)",
      "revenue": 637178000,
      "gross_profit": 619511000,
      "operating_income": 275874000,
      "net_income": 226116000,
      "opex": 361304000,
      "cogs": 17667000,
      "rd": 211147000,
      "sga": 132015000,
      "fcf": 112978000,
      "ocf": 119548000,
      "capex": -6570000,
      "gross_margin": 0.9722730539974701,
      "op_margin": 0.4329622177790194,
      "fcf_margin": 0.17730995106547934,
      "incr_op_margin_yoy": 1.1834339329468715,
      "rev_growth_yoy": 0.3561364526400027,
      "rev_growth_yoy_accel": 0.3159249004417973,
      "op_leverage_ratio": Infinity,
      "fcf_margin_change": 0.038252132399640454
    },
    {
      "date": "2024-09-27T00:00:00",
      "quarter_label": "2024-09 (Q3)",
      "revenue": 539542000,
      "gross_profit": 522214000,
      "operating_income": 136075000,
      "net_income": 117973000,
      "opex": 403467000,
      "cogs": 17328000,
      "rd": 222570000,
      "sga": 111801000,
      "fcf": 263141000,
      "ocf": 271338000,
      "capex": -8197000,
      "gross_margin": 0.9678838718765175,
      "op_margin": 0.2522046476455957,
      "fcf_margin": 0.48771180000815506,
      "incr_op_margin_yoy": 2.272307828813108,
      "rev_growth_yoy": 0.1432912358026784,
      "rev_growth_yoy_accel": -0.2128452168373243,
      "fcf_margin_change": 0.31040184894267575
    },
    {
      "date": "2025-01-03T00:00:00",
      "quarter_label": "2025-01 (Q1)",
      "revenue": 566755000,
      "gross_profit": 546790000,
      "operating_income": 163206000,
      "net_income": 139861000,
      "opex": 403549000,
      "cogs": 19965000,
      "rd": 249002000,
      "sga": 134328000,
      "fcf": 236286000,
      "ocf": 240263000,
      "capex": -3977000,
      "gross_margin": 0.9647731383049113,
      "op_margin": 0.28796569946449524,
      "fcf_margin": 0.41691030515831357,
      "incr_op_margin_yoy": 0.9347324431994306,
      "rev_growth_yoy": 0.18159624060777396,
      "rev_growth_yoy_accel": 0.03830500480509555,
      "op_leverage_ratio": Infinity,
      "fcf_margin_change": -0.0708014948498415
    },
    {
      "date": "2025-04-04T00:00:00",
      "quarter_label": "2025-04 (Q2)",
      "revenue": 555447000,
      "gross_profit": 536275000,
      "operating_income": 186859000,
      "net_income": 159616000,
      "opex": 368588000,
      "cogs": 19172000,
      "rd": 212233000,
      "sga": 137183000,
      "fcf": 208485000,
      "ocf": 211437000,
      "capex": -2952000,
      "gross_margin": 0.9654836555062859,
      "op_margin": 0.33641193489207794,
      "fcf_margin": 0.37534634267535877,
      "incr_op_margin_yoy": 1.2086913785026994,
      "rev_growth_yoy": 0.30623950558056184,
      "rev_growth_yoy_accel": 0.12464326497278788,
      "fcf_margin_change": -0.0415639624829548
    },
    {
      "date": "2025-07-04T00:00:00",
      "quarter_label": "2025-07 (Q3)",
      "revenue": 568261000,
      "gross_profit": 548791000,
      "operating_income": 213576000,
      "net_income": 184848000,
      "opex": 354685000,
      "cogs": 19470000,
      "rd": 200356000,
      "sga": 134859000,
      "fcf": 46155000,
      "ocf": 48993000,
      "capex": -2838000,
      "gross_margin": 0.9657375748115743,
      "op_margin": 0.3758413827449007,
      "fcf_margin": 0.08122148097441141,
      "incr_op_margin_yoy": 0.90395693370286,
      "rev_growth_yoy": -0.10815972930641045,
      "rev_growth_yoy_accel": -0.4143992348869723,
      "op_leverage_ratio": Infinity,
      "fcf_margin_change": -0.29412486170094737
    },
    {
      "date": "2025-10-03T00:00:00",
      "quarter_label": "2025-10 (Q4)",
      "revenue": 597755000,
      "gross_profit": 579181000,
      "operating_income": 236540000,
      "net_income": 193578000,
      "opex": 361215000,
      "cogs": 18574000,
      "rd": 199164000,
      "sga": 123661000,
      "fcf": 288840000,
      "ocf": 290322000,
      "capex": -1482000,
      "gross_margin": 0.9689270687823607,
      "op_margin": 0.3957139630785188,
      "fcf_margin": 0.48320800327893537,
      "incr_op_margin_yoy": 1.7258172573136585,
      "rev_growth_yoy": 0.10789336140652628,
      "rev_growth_yoy_accel": 0.2160530907129367,
      "op_leverage_ratio": 2.8191323518103983,
      "fcf_margin_change": 0.401986522304524
    }
  ],
  "signals": [
    {
      "quarter": "2025-10 (Q4)",
      "signal": "FCF MARGIN EXPANSION",
      "detail": "FCF margin: +8.1% -> +48.3% (+40.2%)",
      "severity": "MEDIUM"
    },
    {
      "quarter": "2025-10 (Q4)",
      "signal": "OPERATING LEVERAGE",
      "detail": "Rev growth +5.2% vs OpEx growth +1.8% (leverage: 2.8x)",
      "severity": "MEDIUM"
    },
    {
      "quarter": "2025-10 (Q4)",
      "signal": "YoY REVENUE GROWTH ACCELERATION",
      "detail": "YoY growth: +10.8% vs prior quarter YoY: -10.8% (accel: +21.6%)",
      "severity": "HIGH"
    },
    {
      "quarter": "2025-10 (Q4)",
      "signal": "INCREMENTAL MARGIN (YoY)",
      "detail": "YoY Incr OPM: +172.6% vs year-ago OPM: +25.2%",
      "severity": "HIGH"
    },
    {
      "quarter": "2025-07 (Q3)",
      "signal": "YoY REVENUE GROWTH DECELERATION",
      "detail": "YoY growth: -10.8% vs prior quarter YoY: +30.6% (decel: -41.4%)",
      "severity": "WARNING"
    },
    {
      "quarter": "2025-07 (Q3)",
      "signal": "INCREMENTAL MARGIN (YoY)",
      "detail": "YoY Incr OPM: +90.4% vs year-ago OPM: +43.3%",
      "severity": "HIGH"
    },
    {
      "quarter": "2025-04 (Q2)",
      "signal": "YoY REVENUE GROWTH ACCELERATION",
      "detail": "YoY growth: +30.6% vs prior quarter YoY: +18.2% (accel: +12.5%)",
      "severity": "MEDIUM"
    },
    {
      "quarter": "2025-04 (Q2)",
      "signal": "INCREMENTAL MARGIN (YoY)",
      "detail": "YoY Incr OPM: +120.9% vs year-ago OPM: +6.9%",
      "severity": "HIGH"
    },
    {
      "quarter": "2025-01 (Q1)",
      "signal": "OPERATING LEVERAGE",
      "detail": "Rev growth +5.0% vs OpEx growth +0.0% (leverage: 248.2x)",
      "severity": "MEDIUM"
    },
    {
      "quarter": "2025-01 (Q1)",
      "signal": "INCREMENTAL MARGIN (YoY)",
      "detail": "YoY Incr OPM: +93.5% vs year-ago OPM: +17.1%",
      "severity": "HIGH"
    },
    {
      "quarter": "2024-09 (Q3)",
      "signal": "FCF MARGIN EXPANSION",
      "detail": "FCF margin: +17.7% -> +48.8% (+31.0%)",
      "severity": "MEDIUM"
    },
    {
      "quarter": "2024-09 (Q3)",
      "signal": "YoY REVENUE GROWTH DECELERATION",
      "detail": "YoY growth: +14.3% vs prior quarter YoY: +35.6% (decel: -21.3%)",
      "severity": "WARNING"
    },
    {
      "quarter": "2024-09 (Q3)",
      "signal": "OP MARGIN TURNED POSITIVE (YoY)",
      "detail": "Op margin: -3.7% (year-ago) -> +25.2%",
      "severity": "HIGH"
    },
    {
      "quarter": "2024-06 (Q2)",
      "signal": "GROSS MARGIN INFLECTION",
      "detail": "GM: +95.5% -> +95.0% -> +97.2% (reversal +2.2%)",
      "severity": "MEDIUM"
    },
    {
      "quarter": "2024-06 (Q2)",
      "signal": "YoY REVENUE GROWTH ACCELERATION",
      "detail": "YoY growth: +35.6% vs prior quarter YoY: +4.0% (accel: +31.6%)",
      "severity": "HIGH"
    },
    {
      "quarter": "2024-06 (Q2)",
      "signal": "INCREMENTAL MARGIN (YoY)",
      "detail": "YoY Incr OPM: +118.3% vs year-ago OPM: +16.6%",
      "severity": "HIGH"
    },
    {
      "quarter": "2024-03 (Q1)",
      "signal": "FCF TURNED POSITIVE",
      "detail": "FCF margin: -0.5% -> +13.9%",
      "severity": "HIGH"
    },
    {
      "quarter": "2024-03 (Q1)",
      "signal": "YoY REVENUE GROWTH DECELERATION",
      "detail": "YoY growth: +4.0% vs prior quarter YoY: +13.1% (decel: -9.1%)",
      "severity": "WARNING"
    },
    {
      "quarter": "2023-12 (Q4)",
      "signal": "OP MARGIN TURNED POSITIVE (YoY)",
      "detail": "Op margin: -11.3% (year-ago) -> +17.1%",
      "severity": "HIGH"
    },
    {
      "quarter": "2023-12 (Q4)",
      "signal": "OP MARGIN TURNED POSITIVE (QoQ)",
      "detail": "Op margin: -3.7% -> +17.1%",
      "severity": "HIGH"
    },
    {
      "quarter": "2023-06 (Q2)",
      "signal": "FCF MARGIN EXPANSION",
      "detail": "FCF margin: +17.7% -> +24.5% (+6.8%)",
      "severity": "MEDIUM"
    },
    {
      "quarter": "2023-06 (Q2)",
      "signal": "OPERATING LEVERAGE",
      "detail": "Rev growth +14.9% vs OpEx growth +3.2% (leverage: 4.7x)",
      "severity": "MEDIUM"
    },
    {
      "quarter": "2023-03 (Q1)",
      "signal": "YoY REVENUE GROWTH ACCELERATION",
      "detail": "YoY growth: +14.8% vs prior quarter YoY: -6.0% (accel: +20.9%)",
      "severity": "HIGH"
    },
    {
      "quarter": "2023-03 (Q1)",
      "signal": "OP MARGIN TURNED POSITIVE (QoQ)",
      "detail": "Op margin: -11.3% -> +7.1%",
      "severity": "HIGH"
    },
    {
      "quarter": "2022-12 (Q4)",
      "signal": "YoY REVENUE GROWTH DECELERATION",
      "detail": "YoY growth: -6.0% vs prior quarter YoY: +25.4% (decel: -31.4%)",
      "severity": "WARNING"
    },
    {
      "quarter": "2022-09 (Q3)",
      "signal": "FCF MARGIN EXPANSION",
      "detail": "FCF margin: +5.7% -> +25.5% (+19.8%)",
      "severity": "MEDIUM"
    },
    {
      "quarter": "2022-09 (Q3)",
      "signal": "YoY REVENUE GROWTH ACCELERATION",
      "detail": "YoY growth: +25.4% vs prior quarter YoY: +8.9% (accel: +16.5%)",
      "severity": "HIGH"
    },
    {
      "quarter": "2022-09 (Q3)",
      "signal": "INCREMENTAL MARGIN (YoY)",
      "detail": "YoY Incr OPM: +37.2% vs year-ago OPM: +15.7%",
      "severity": "HIGH"
    },
    {
      "quarter": "2022-07 (Q3)",
      "signal": "YoY REVENUE GROWTH DECELERATION",
      "detail": "YoY growth: +8.9% vs prior quarter YoY: +31.7% (decel: -22.8%)",
      "severity": "WARNING"
    },
    {
      "quarter": "2022-04 (Q2)",
      "signal": "FCF MARGIN EXPANSION",
      "detail": "FCF margin: +20.1% -> +39.9% (+19.9%)",
      "severity": "MEDIUM"
    },
    {
      "quarter": "2022-04 (Q2)",
      "signal": "YoY REVENUE GROWTH DECELERATION",
      "detail": "YoY growth: +31.7% vs prior quarter YoY: +67.1% (decel: -35.3%)",
      "severity": "WARNING"
    },
    {
      "quarter": "2022-04 (Q2)",
      "signal": "OP MARGIN TURNED POSITIVE (YoY)",
      "detail": "Op margin: -1.7% (year-ago) -> +23.4%",
      "severity": "HIGH"
    },
    {
      "quarter": "2021-12 (Q4)",
      "signal": "OPERATING LEVERAGE",
      "detail": "Rev growth +37.4% vs OpEx growth +20.8% (leverage: 1.8x)",
      "severity": "MEDIUM"
    },
    {
      "quarter": "2021-12 (Q4)",
      "signal": "INCREMENTAL MARGIN (YoY)",
      "detail": "YoY Incr OPM: +51.0% vs year-ago OPM: +9.0%",
      "severity": "HIGH"
    },
    {
      "quarter": "2021-07 (Q3)",
      "signal": "FCF MARGIN EXPANSION",
      "detail": "FCF margin: +9.6% -> +41.9% (+32.3%)",
      "severity": "MEDIUM"
    },
    {
      "quarter": "2021-07 (Q3)",
      "signal": "OP MARGIN TURNED POSITIVE (QoQ)",
      "detail": "Op margin: -1.7% -> +31.9%",
      "severity": "HIGH"
    }
  ],
  "data_quality": {
    "n_quarters": 20,
    "coverage": {
      "revenue": [
        20,
        20
      ],
      "gross_profit": [
        20,
        20
      ],
      "op_income": [
        20,
        20
      ],
      "fcf": [
        20,
        20
      ]
    },
    "gaps": [],
    "warnings": []
  },
  "market_cap": null,
  "source": "SEC EDGAR",
  "last_updated": "2026-02-02T20:33:41.836729",
  "sector": "Healthcare",
  "industry": "Biotechnology"
}