{
  "ticker": "EXFY",
  "name": "EXPENSIFY, INC.",
  "quarters": [
    {
      "date": "2020-12-31T00:00:00",
      "quarter_label": "2020-12 (Q4)",
      "revenue": 25737000,
      "gross_profit": 17204000,
      "operating_income": 4392000,
      "net_income": 1742000,
      "opex": 12812000,
      "cogs": 8533000,
      "rd": 2083000,
      "sga": null,
      "fcf": 11346000,
      "ocf": 11977000,
      "capex": -631000,
      "gross_margin": 0.6684539767649688,
      "op_margin": 0.1706492598204919,
      "fcf_margin": 0.4408439212029374
    },
    {
      "date": "2021-03-31T00:00:00",
      "quarter_label": "2021-03 (Q1)",
      "revenue": 29720000,
      "gross_profit": 22083000,
      "operating_income": 11542000,
      "net_income": 8043000,
      "opex": 10541000,
      "cogs": 7637000,
      "rd": 1097000,
      "sga": null,
      "fcf": 9625000,
      "ocf": 9909000,
      "capex": -284000,
      "gross_margin": 0.7430349932705249,
      "op_margin": 0.38835800807537013,
      "fcf_margin": 0.3238559892328398,
      "op_leverage_ratio": Infinity,
      "fcf_margin_change": -0.1169879319700976
    },
    {
      "date": "2021-06-30T00:00:00",
      "quarter_label": "2021-06 (Q2)",
      "revenue": 35304000,
      "gross_profit": 27370000,
      "operating_income": 7499000,
      "net_income": 6631000,
      "opex": 19871000,
      "cogs": 7934000,
      "rd": 4874000,
      "sga": null,
      "fcf": 12648000,
      "ocf": 14304000,
      "capex": -1656000,
      "gross_margin": 0.7752662587808747,
      "op_margin": 0.2124121912531158,
      "fcf_margin": 0.35825968728755947,
      "op_leverage_ratio": 0.212273985565889,
      "fcf_margin_change": 0.034403698054719656
    },
    {
      "date": "2021-09-30T00:00:00",
      "quarter_label": "2021-09 (Q3)",
      "revenue": 37447000,
      "gross_profit": 19250000,
      "operating_income": -8858000,
      "net_income": -6345000,
      "opex": 28108000,
      "cogs": 18197000,
      "rd": 2167000,
      "sga": null,
      "fcf": 9705000,
      "ocf": 10367000,
      "capex": -662000,
      "gross_margin": 0.5140598712847491,
      "op_margin": -0.23654765401767833,
      "fcf_margin": 0.2591662883542073,
      "op_leverage_ratio": 0.14643635628408247,
      "fcf_margin_change": -0.09909339893335217
    },
    {
      "date": "2021-12-31T00:00:00",
      "quarter_label": "2021-12 (Q4)",
      "revenue": 40364000,
      "gross_profit": 20439000,
      "operating_income": -20435000,
      "net_income": -21887000,
      "opex": 40874000,
      "cogs": 19925000,
      "rd": 2850000,
      "sga": null,
      "fcf": -29198000,
      "ocf": -29094000,
      "capex": -104000,
      "gross_margin": 0.5063670597562184,
      "op_margin": -0.506267961549896,
      "fcf_margin": -0.7233673570508374,
      "incr_op_margin_yoy": -1.6973405346277433,
      "rev_growth_yoy": 0.5683257566926992,
      "op_leverage_ratio": 0.17151199681240648,
      "fcf_margin_change": -0.9825336454050447
    },
    {
      "date": "2022-03-31T00:00:00",
      "quarter_label": "2022-03 (Q1)",
      "revenue": 40370000,
      "gross_profit": 26237000,
      "operating_income": -4842000,
      "net_income": -7376000,
      "opex": 31079000,
      "cogs": 14133000,
      "rd": 3701000,
      "sga": null,
      "fcf": 11044000,
      "ocf": 11223000,
      "capex": -179000,
      "gross_margin": 0.6499133019568987,
      "op_margin": -0.11994054991330196,
      "fcf_margin": 0.2735694822888283,
      "incr_op_margin_yoy": -1.5384037558685446,
      "rev_growth_yoy": 0.3583445491251682,
      "rev_growth_yoy_accel": -0.20998120756753103,
      "fcf_margin_change": 0.9969368393396658
    },
    {
      "date": "2022-06-30T00:00:00",
      "quarter_label": "2022-06 (Q2)",
      "revenue": 43162000,
      "gross_profit": 27286000,
      "operating_income": -3974000,
      "net_income": -7994000,
      "opex": 31260000,
      "cogs": 15876000,
      "rd": 3584000,
      "sga": null,
      "fcf": 15847000,
      "ocf": 15935000,
      "capex": -88000,
      "gross_margin": 0.6321764515082712,
      "op_margin": -0.0920717297622909,
      "fcf_margin": 0.3671516611834484,
      "incr_op_margin_yoy": -1.4600407228302368,
      "rev_growth_yoy": 0.22258101065035124,
      "rev_growth_yoy_accel": -0.13576353847481698,
      "op_leverage_ratio": 11.87531466531271,
      "fcf_margin_change": 0.09358217889462006
    },
    {
      "date": "2022-09-30T00:00:00",
      "quarter_label": "2022-09 (Q3)",
      "revenue": 42493000,
      "gross_profit": 25939000,
      "operating_income": -5717000,
      "net_income": -8242000,
      "opex": 31656000,
      "cogs": 16554000,
      "rd": 3416000,
      "sga": null,
      "fcf": -1129000,
      "ocf": -929000,
      "capex": -200000,
      "gross_margin": 0.6104299531687573,
      "op_margin": -0.134539806556374,
      "fcf_margin": -0.026569081966441532,
      "incr_op_margin_yoy": 0.6224732461355529,
      "rev_growth_yoy": 0.13475044729884905,
      "rev_growth_yoy_accel": -0.08783056335150219,
      "fcf_margin_change": -0.3937207431498899
    },
    {
      "date": "2022-12-31T00:00:00",
      "quarter_label": "2022-12 (Q4)",
      "revenue": 43469000,
      "gross_profit": 27364000,
      "operating_income": -700000,
      "net_income": -3397000,
      "opex": 28064000,
      "cogs": 16105000,
      "rd": 2991000,
      "sga": null,
      "fcf": 6529000,
      "ocf": 6647000,
      "capex": -118000,
      "gross_margin": 0.6295060847960615,
      "op_margin": -0.016103430030596517,
      "fcf_margin": 0.1501989923853781,
      "incr_op_margin_yoy": 6.355877616747182,
      "rev_growth_yoy": 0.07692498265781389,
      "rev_growth_yoy_accel": -0.05782546464103516,
      "op_leverage_ratio": Infinity,
      "fcf_margin_change": 0.17676807435181963
    },
    {
      "date": "2023-03-31T00:00:00",
      "quarter_label": "2023-03 (Q1)",
      "revenue": 40101000,
      "gross_profit": 24326000,
      "operating_income": -2704000,
      "net_income": -5945000,
      "opex": 27030000,
      "cogs": 15775000,
      "rd": 5418000,
      "sga": null,
      "fcf": 7614000,
      "ocf": 7642000,
      "capex": -28000,
      "gross_margin": 0.6066182888207277,
      "op_margin": -0.0674297399067355,
      "fcf_margin": 0.18987057679359617,
      "rev_growth_yoy": -0.006663363884072331,
      "rev_growth_yoy_accel": -0.08358834654188622,
      "fcf_margin_change": 0.03967158440821808
    },
    {
      "date": "2023-06-30T00:00:00",
      "quarter_label": "2023-06 (Q2)",
      "revenue": 38884000,
      "gross_profit": 21959000,
      "operating_income": -9561000,
      "net_income": -11304000,
      "opex": 31520000,
      "cogs": 16925000,
      "rd": 5094000,
      "sga": null,
      "fcf": -885000,
      "ocf": -434000,
      "capex": -451000,
      "gross_margin": 0.5647309947536262,
      "op_margin": -0.2458851969961938,
      "fcf_margin": -0.022760004114803004,
      "incr_op_margin_yoy": 1.3059841047218326,
      "rev_growth_yoy": -0.09911496223529957,
      "rev_growth_yoy_accel": -0.09245159835122724,
      "fcf_margin_change": -0.21263058090839917
    },
    {
      "date": "2023-09-30T00:00:00",
      "quarter_label": "2023-09 (Q3)",
      "revenue": 36494000,
      "gross_profit": 18814000,
      "operating_income": -14898000,
      "net_income": -17003000,
      "opex": 33712000,
      "cogs": 17680000,
      "rd": 6607000,
      "sga": null,
      "fcf": -5730000,
      "ocf": -5106000,
      "capex": -624000,
      "gross_margin": 0.5155368005699567,
      "op_margin": -0.40823149010796295,
      "fcf_margin": -0.15701211157998576,
      "incr_op_margin_yoy": 1.5304217369561595,
      "rev_growth_yoy": -0.14117619372602547,
      "rev_growth_yoy_accel": -0.042061231490725895,
      "fcf_margin_change": -0.13425210746518276
    },
    {
      "date": "2023-12-31T00:00:00",
      "quarter_label": "2023-12 (Q4)",
      "revenue": 35208000,
      "gross_profit": 18700000,
      "operating_income": -5986000,
      "net_income": -7204000,
      "opex": 24686000,
      "cogs": 16508000,
      "rd": 6249000,
      "sga": null,
      "fcf": -824000,
      "ocf": -543000,
      "capex": -281000,
      "gross_margin": 0.5311292887980005,
      "op_margin": -0.17001817768688934,
      "fcf_margin": -0.02340377187002954,
      "incr_op_margin_yoy": 0.6398741072509382,
      "rev_growth_yoy": -0.19004347926108262,
      "rev_growth_yoy_accel": -0.04886728553505715,
      "fcf_margin_change": 0.13360833970995623
    },
    {
      "date": "2024-03-31T00:00:00",
      "quarter_label": "2024-03 (Q1)",
      "revenue": 33535000,
      "gross_profit": 18951000,
      "operating_income": -1793000,
      "net_income": -3781000,
      "opex": 20744000,
      "cogs": 14584000,
      "rd": 5929000,
      "sga": null,
      "fcf": 3471000,
      "ocf": 3471000,
      "capex": null,
      "gross_margin": 0.5651110779782317,
      "op_margin": -0.053466527508573135,
      "fcf_margin": 0.10350380199791263,
      "incr_op_margin_yoy": -0.13874505025890954,
      "rev_growth_yoy": -0.16373656517293833,
      "rev_growth_yoy_accel": 0.026306914088144284,
      "fcf_margin_change": 0.12690757386794216
    },
    {
      "date": "2024-06-30T00:00:00",
      "quarter_label": "2024-06 (Q2)",
      "revenue": 33288000,
      "gross_profit": 18925000,
      "operating_income": 219000,
      "net_income": -2764000,
      "opex": 18706000,
      "cogs": 14363000,
      "rd": 6389000,
      "sga": null,
      "fcf": 9317000,
      "ocf": 9317000,
      "capex": null,
      "gross_margin": 0.568523191540495,
      "op_margin": 0.006578947368421052,
      "fcf_margin": 0.27989065128574864,
      "incr_op_margin_yoy": -1.7476769120800573,
      "rev_growth_yoy": -0.1439152350581216,
      "rev_growth_yoy_accel": 0.019821330114816738,
      "fcf_margin_change": 0.176386849287836
    },
    {
      "date": "2024-09-30T00:00:00",
      "quarter_label": "2024-09 (Q3)",
      "revenue": 35409000,
      "gross_profit": 18264000,
      "operating_income": 288000,
      "net_income": -2198000,
      "opex": 17976000,
      "cogs": 17145000,
      "rd": 5618000,
      "sga": null,
      "fcf": 3687000,
      "ocf": 3687000,
      "capex": null,
      "gross_margin": 0.5158010675252055,
      "op_margin": 0.008133525374904685,
      "fcf_margin": 0.10412606964331102,
      "incr_op_margin_yoy": -13.9963133640553,
      "rev_growth_yoy": -0.029730914670904805,
      "rev_growth_yoy_accel": 0.11418432038721679,
      "op_leverage_ratio": Infinity,
      "fcf_margin_change": -0.17576458164243763
    },
    {
      "date": "2024-12-31T00:00:00",
      "quarter_label": "2024-12 (Q4)",
      "revenue": 37004000,
      "gross_profit": 18856000,
      "operating_income": 465000,
      "net_income": -1312000,
      "opex": 18391000,
      "cogs": 18148000,
      "rd": 6702000,
      "sga": null,
      "fcf": 7402000,
      "ocf": 7402000,
      "capex": null,
      "gross_margin": 0.5095665333477462,
      "op_margin": 0.012566209058480163,
      "fcf_margin": 0.20003242892660253,
      "incr_op_margin_yoy": 3.5918708240534523,
      "rev_growth_yoy": 0.05101113383321972,
      "rev_growth_yoy_accel": 0.08074204850412453,
      "op_leverage_ratio": 1.9511559752523606,
      "fcf_margin_change": 0.09590635928329151
    },
    {
      "date": "2025-03-31T00:00:00",
      "quarter_label": "2025-03 (Q1)",
      "revenue": 36074000,
      "gross_profit": 18242000,
      "operating_income": -1487000,
      "net_income": -3169000,
      "opex": 19729000,
      "cogs": 17832000,
      "rd": 5358000,
      "sga": null,
      "fcf": 4805000,
      "ocf": 4805000,
      "capex": null,
      "gross_margin": 0.5056827632089593,
      "op_margin": -0.04122082386206132,
      "fcf_margin": 0.13319842545877916,
      "incr_op_margin_yoy": 0.12051988972036234,
      "rev_growth_yoy": 0.07571194274638438,
      "rev_growth_yoy_accel": 0.024700808913164653,
      "fcf_margin_change": -0.06683400346782337
    },
    {
      "date": "2025-06-30T00:00:00",
      "quarter_label": "2025-06 (Q2)",
      "revenue": 35764000,
      "gross_profit": 18577000,
      "operating_income": -10338000,
      "net_income": -8788000,
      "opex": 28915000,
      "cogs": 17187000,
      "rd": 5158000,
      "sga": null,
      "fcf": 8916000,
      "ocf": 8916000,
      "capex": null,
      "gross_margin": 0.5194329493345263,
      "op_margin": -0.2890616262163069,
      "fcf_margin": 0.24930097304552062,
      "incr_op_margin_yoy": -4.26373182552504,
      "rev_growth_yoy": 0.07438115837539053,
      "rev_growth_yoy_accel": -0.0013307843709938483,
      "fcf_margin_change": 0.11610254758674146
    },
    {
      "date": "2025-09-30T00:00:00",
      "quarter_label": "2025-09 (Q3)",
      "revenue": 35065000,
      "gross_profit": 17398000,
      "operating_income": -2257000,
      "net_income": -2315000,
      "opex": 19655000,
      "cogs": 17667000,
      "rd": 4905000,
      "sga": null,
      "fcf": 4166000,
      "ocf": 4166000,
      "capex": null,
      "gross_margin": 0.4961642663624697,
      "op_margin": -0.06436617709967203,
      "fcf_margin": 0.11880792813346643,
      "rev_growth_yoy": -0.009715044197802818,
      "rev_growth_yoy_accel": -0.08409620257319335,
      "fcf_margin_change": -0.1304930449120542
    }
  ],
  "signals": [
    {
      "quarter": "2025-09 (Q3)",
      "signal": "YoY REVENUE GROWTH DECELERATION",
      "detail": "YoY growth: -1.0% vs prior quarter YoY: +7.4% (decel: -8.4%)",
      "severity": "WARNING"
    },
    {
      "quarter": "2025-06 (Q2)",
      "signal": "FCF MARGIN EXPANSION",
      "detail": "FCF margin: +13.3% -> +24.9% (+11.6%)",
      "severity": "MEDIUM"
    },
    {
      "quarter": "2024-12 (Q4)",
      "signal": "FCF MARGIN EXPANSION",
      "detail": "FCF margin: +10.4% -> +20.0% (+9.6%)",
      "severity": "MEDIUM"
    },
    {
      "quarter": "2024-12 (Q4)",
      "signal": "OPERATING LEVERAGE",
      "detail": "Rev growth +4.5% vs OpEx growth +2.3% (leverage: 2.0x)",
      "severity": "MEDIUM"
    },
    {
      "quarter": "2024-12 (Q4)",
      "signal": "YoY REVENUE GROWTH ACCELERATION",
      "detail": "YoY growth: +5.1% vs prior quarter YoY: -3.0% (accel: +8.1%)",
      "severity": "MEDIUM"
    },
    {
      "quarter": "2024-12 (Q4)",
      "signal": "OP MARGIN TURNED POSITIVE (YoY)",
      "detail": "Op margin: -17.0% (year-ago) -> +1.3%",
      "severity": "HIGH"
    },
    {
      "quarter": "2024-09 (Q3)",
      "signal": "YoY REVENUE GROWTH ACCELERATION",
      "detail": "YoY growth: -3.0% vs prior quarter YoY: -14.4% (accel: +11.4%)",
      "severity": "MEDIUM"
    },
    {
      "quarter": "2024-09 (Q3)",
      "signal": "OP MARGIN TURNED POSITIVE (YoY)",
      "detail": "Op margin: -40.8% (year-ago) -> +0.8%",
      "severity": "HIGH"
    },
    {
      "quarter": "2024-06 (Q2)",
      "signal": "FCF MARGIN EXPANSION",
      "detail": "FCF margin: +10.4% -> +28.0% (+17.6%)",
      "severity": "MEDIUM"
    },
    {
      "quarter": "2024-06 (Q2)",
      "signal": "OP MARGIN TURNED POSITIVE (YoY)",
      "detail": "Op margin: -24.6% (year-ago) -> +0.7%",
      "severity": "HIGH"
    },
    {
      "quarter": "2024-06 (Q2)",
      "signal": "OP MARGIN TURNED POSITIVE (QoQ)",
      "detail": "Op margin: -5.3% -> +0.7%",
      "severity": "HIGH"
    },
    {
      "quarter": "2024-03 (Q1)",
      "signal": "FCF TURNED POSITIVE",
      "detail": "FCF margin: -2.3% -> +10.4%",
      "severity": "HIGH"
    },
    {
      "quarter": "2023-12 (Q4)",
      "signal": "FCF MARGIN EXPANSION",
      "detail": "FCF margin: -15.7% -> -2.3% (+13.4%)",
      "severity": "MEDIUM"
    },
    {
      "quarter": "2023-06 (Q2)",
      "signal": "YoY REVENUE GROWTH DECELERATION",
      "detail": "YoY growth: -9.9% vs prior quarter YoY: -0.7% (decel: -9.2%)",
      "severity": "WARNING"
    },
    {
      "quarter": "2023-03 (Q1)",
      "signal": "YoY REVENUE GROWTH DECELERATION",
      "detail": "YoY growth: -0.7% vs prior quarter YoY: +7.7% (decel: -8.4%)",
      "severity": "WARNING"
    },
    {
      "quarter": "2022-12 (Q4)",
      "signal": "FCF TURNED POSITIVE",
      "detail": "FCF margin: -2.7% -> +15.0%",
      "severity": "HIGH"
    },
    {
      "quarter": "2022-12 (Q4)",
      "signal": "YoY REVENUE GROWTH DECELERATION",
      "detail": "YoY growth: +7.7% vs prior quarter YoY: +13.5% (decel: -5.8%)",
      "severity": "WARNING"
    },
    {
      "quarter": "2022-09 (Q3)",
      "signal": "YoY REVENUE GROWTH DECELERATION",
      "detail": "YoY growth: +13.5% vs prior quarter YoY: +22.3% (decel: -8.8%)",
      "severity": "WARNING"
    },
    {
      "quarter": "2022-06 (Q2)",
      "signal": "FCF MARGIN EXPANSION",
      "detail": "FCF margin: +27.4% -> +36.7% (+9.4%)",
      "severity": "MEDIUM"
    },
    {
      "quarter": "2022-06 (Q2)",
      "signal": "OPERATING LEVERAGE",
      "detail": "Rev growth +6.9% vs OpEx growth +0.6% (leverage: 11.9x)",
      "severity": "MEDIUM"
    },
    {
      "quarter": "2022-06 (Q2)",
      "signal": "YoY REVENUE GROWTH DECELERATION",
      "detail": "YoY growth: +22.3% vs prior quarter YoY: +35.8% (decel: -13.6%)",
      "severity": "WARNING"
    },
    {
      "quarter": "2022-03 (Q1)",
      "signal": "FCF TURNED POSITIVE",
      "detail": "FCF margin: -72.3% -> +27.4%",
      "severity": "HIGH"
    },
    {
      "quarter": "2022-03 (Q1)",
      "signal": "GROSS MARGIN INFLECTION",
      "detail": "GM: +51.4% -> +50.6% -> +65.0% (reversal +14.4%)",
      "severity": "HIGH"
    },
    {
      "quarter": "2022-03 (Q1)",
      "signal": "YoY REVENUE GROWTH DECELERATION",
      "detail": "YoY growth: +35.8% vs prior quarter YoY: +56.8% (decel: -21.0%)",
      "severity": "WARNING"
    }
  ],
  "data_quality": {
    "n_quarters": 20,
    "coverage": {
      "revenue": [
        20,
        20
      ],
      "gross_profit": [
        20,
        20
      ],
      "op_income": [
        20,
        20
      ],
      "fcf": [
        20,
        20
      ]
    },
    "gaps": [],
    "warnings": []
  },
  "market_cap": null,
  "source": "SEC EDGAR",
  "last_updated": "2026-02-02T23:11:46.412951",
  "sector": "Technology",
  "industry": "Software - Application"
}