{
  "ticker": "EXPE",
  "name": "EXPEDIA GROUP, INC.",
  "quarters": [
    {
      "date": "2020-12-31T00:00:00",
      "quarter_label": "2020-12 (Q4)",
      "revenue": 920000000,
      "gross_profit": 633000000,
      "operating_income": -463000000,
      "net_income": -383000000,
      "opex": 1096000000,
      "cogs": 287000000,
      "rd": null,
      "sga": null,
      "fcf": -513000000,
      "ocf": -385000000,
      "capex": -128000000,
      "gross_margin": 0.6880434782608695,
      "op_margin": -0.5032608695652174,
      "fcf_margin": -0.5576086956521739
    },
    {
      "date": "2021-03-31T00:00:00",
      "quarter_label": "2021-03 (Q1)",
      "revenue": 1246000000,
      "gross_profit": 935000000,
      "operating_income": -369000000,
      "net_income": -578000000,
      "opex": 1304000000,
      "cogs": 311000000,
      "rd": null,
      "sga": null,
      "fcf": 2002000000,
      "ocf": 2170000000,
      "capex": -168000000,
      "gross_margin": 0.7504012841091493,
      "op_margin": -0.29614767255216695,
      "fcf_margin": 1.6067415730337078,
      "op_leverage_ratio": 1.8671404682274249,
      "fcf_margin_change": 2.1643502686858818
    },
    {
      "date": "2021-06-30T00:00:00",
      "quarter_label": "2021-06 (Q2)",
      "revenue": 2111000000,
      "gross_profit": 1737000000,
      "operating_income": -132000000,
      "net_income": -172000000,
      "opex": 1869000000,
      "cogs": 374000000,
      "rd": null,
      "sga": null,
      "fcf": 2331000000,
      "ocf": 2514000000,
      "capex": -183000000,
      "gross_margin": 0.822832780672667,
      "op_margin": -0.06252960682141165,
      "fcf_margin": 1.1042160113690194,
      "op_leverage_ratio": 1.6022386681629,
      "fcf_margin_change": -0.5025255616646884
    },
    {
      "date": "2021-09-30T00:00:00",
      "quarter_label": "2021-09 (Q3)",
      "revenue": 2962000000,
      "gross_profit": 2520000000,
      "operating_income": 524000000,
      "net_income": 376000000,
      "opex": 1996000000,
      "cogs": 442000000,
      "rd": null,
      "sga": null,
      "fcf": -1400000000,
      "ocf": -1221000000,
      "capex": -179000000,
      "gross_margin": 0.8507765023632681,
      "op_margin": 0.17690749493585414,
      "fcf_margin": -0.4726536124240378,
      "op_leverage_ratio": 5.932625131948511,
      "fcf_margin_change": -1.576869623793057
    },
    {
      "date": "2021-12-31T00:00:00",
      "quarter_label": "2021-12 (Q4)",
      "revenue": 2279000000,
      "gross_profit": 1884000000,
      "operating_income": 163000000,
      "net_income": 386000000,
      "opex": 1721000000,
      "cogs": 395000000,
      "rd": null,
      "sga": null,
      "fcf": 142000000,
      "ocf": 285000000,
      "capex": -143000000,
      "gross_margin": 0.8266783677051338,
      "op_margin": 0.07152259763053971,
      "fcf_margin": 0.06230802983764809,
      "incr_op_margin_yoy": 0.4606328182487123,
      "rev_growth_yoy": 1.4771739130434782,
      "fcf_margin_change": 0.5349616422616859
    },
    {
      "date": "2022-03-31T00:00:00",
      "quarter_label": "2022-03 (Q1)",
      "revenue": 2249000000,
      "gross_profit": 1878000000,
      "operating_income": -135000000,
      "net_income": -122000000,
      "opex": 2013000000,
      "cogs": 371000000,
      "rd": null,
      "sga": null,
      "fcf": 2835000000,
      "ocf": 2991000000,
      "capex": -156000000,
      "gross_margin": 0.8350377945753669,
      "op_margin": -0.06002667852378835,
      "fcf_margin": 1.2605602489995553,
      "incr_op_margin_yoy": 0.2333000997008973,
      "rev_growth_yoy": 0.804975922953451,
      "rev_growth_yoy_accel": -0.6721979900900272,
      "fcf_margin_change": 1.1982522191619072
    },
    {
      "date": "2022-06-30T00:00:00",
      "quarter_label": "2022-06 (Q2)",
      "revenue": 3181000000,
      "gross_profit": 2762000000,
      "operating_income": 345000000,
      "net_income": -185000000,
      "opex": 2417000000,
      "cogs": 419000000,
      "rd": null,
      "sga": null,
      "fcf": 1469000000,
      "ocf": 1628000000,
      "capex": -159000000,
      "gross_margin": 0.8682804149638479,
      "op_margin": 0.10845646023263125,
      "fcf_margin": 0.4618044640050299,
      "incr_op_margin_yoy": 0.4457943925233645,
      "rev_growth_yoy": 0.5068687825675036,
      "rev_growth_yoy_accel": -0.29810714038594743,
      "op_leverage_ratio": 2.0648517052683477,
      "fcf_margin_change": -0.7987557849945255
    },
    {
      "date": "2022-09-30T00:00:00",
      "quarter_label": "2022-09 (Q3)",
      "revenue": 3619000000,
      "gross_profit": 3164000000,
      "operating_income": 747000000,
      "net_income": 482000000,
      "opex": 2417000000,
      "cogs": 455000000,
      "rd": null,
      "sga": null,
      "fcf": -1167000000,
      "ocf": -997000000,
      "capex": -170000000,
      "gross_margin": 0.874274661508704,
      "op_margin": 0.2064106106659298,
      "fcf_margin": -0.32246476927327994,
      "incr_op_margin_yoy": 0.3394216133942161,
      "rev_growth_yoy": 0.22180958811613774,
      "rev_growth_yoy_accel": -0.28505919445136585,
      "op_leverage_ratio": Infinity,
      "fcf_margin_change": -0.7842692332783099
    },
    {
      "date": "2022-12-31T00:00:00",
      "quarter_label": "2022-12 (Q4)",
      "revenue": 2618000000,
      "gross_profit": 2206000000,
      "operating_income": 128000000,
      "net_income": 177000000,
      "opex": 2078000000,
      "cogs": 412000000,
      "rd": null,
      "sga": null,
      "fcf": -359000000,
      "ocf": -182000000,
      "capex": -177000000,
      "gross_margin": 0.8426279602750191,
      "op_margin": 0.04889228418640183,
      "fcf_margin": -0.1371275783040489,
      "incr_op_margin_yoy": -0.10324483775811209,
      "rev_growth_yoy": 0.14874945151382185,
      "rev_growth_yoy_accel": -0.07306013660231589,
      "fcf_margin_change": 0.18533719096923104
    },
    {
      "date": "2023-03-31T00:00:00",
      "quarter_label": "2023-03 (Q1)",
      "revenue": 2665000000,
      "gross_profit": 2251000000,
      "operating_income": -121000000,
      "net_income": -145000000,
      "opex": 2372000000,
      "cogs": 414000000,
      "rd": null,
      "sga": null,
      "fcf": 2924000000,
      "ocf": 3157000000,
      "capex": -233000000,
      "gross_margin": 0.8446529080675422,
      "op_margin": -0.045403377110694185,
      "fcf_margin": 1.09718574108818,
      "incr_op_margin_yoy": 0.03365384615384615,
      "rev_growth_yoy": 0.18497109826589594,
      "rev_growth_yoy_accel": 0.036221646752074094,
      "op_leverage_ratio": 0.12688971692573134,
      "fcf_margin_change": 1.2343133193922289
    },
    {
      "date": "2023-06-30T00:00:00",
      "quarter_label": "2023-06 (Q2)",
      "revenue": 3358000000,
      "gross_profit": 2951000000,
      "operating_income": 443000000,
      "net_income": 385000000,
      "opex": 2508000000,
      "cogs": 407000000,
      "rd": null,
      "sga": null,
      "fcf": 923000000,
      "ocf": 1146000000,
      "capex": -223000000,
      "gross_margin": 0.8787969029184038,
      "op_margin": 0.13192376414532458,
      "fcf_margin": 0.2748659916617034,
      "incr_op_margin_yoy": 0.5536723163841808,
      "rev_growth_yoy": 0.055642879597610814,
      "rev_growth_yoy_accel": -0.12932821866828514,
      "op_leverage_ratio": 4.535360335503807,
      "fcf_margin_change": -0.8223197494264767
    },
    {
      "date": "2023-09-30T00:00:00",
      "quarter_label": "2023-09 (Q3)",
      "revenue": 3929000000,
      "gross_profit": 3517000000,
      "operating_income": 607000000,
      "net_income": 425000000,
      "opex": 2910000000,
      "cogs": 412000000,
      "rd": null,
      "sga": null,
      "fcf": -1588000000,
      "ocf": -1375000000,
      "capex": -213000000,
      "gross_margin": 0.8951387121404938,
      "op_margin": 0.15449223721048613,
      "fcf_margin": -0.4041740900992619,
      "incr_op_margin_yoy": -0.45161290322580644,
      "rev_growth_yoy": 0.0856590218292346,
      "rev_growth_yoy_accel": 0.030016142231623785,
      "op_leverage_ratio": 1.0608571199985777,
      "fcf_margin_change": -0.6790400817609653
    },
    {
      "date": "2023-12-31T00:00:00",
      "quarter_label": "2023-12 (Q4)",
      "revenue": 2887000000,
      "gross_profit": 2547000000,
      "operating_income": 104000000,
      "net_income": 132000000,
      "opex": 2443000000,
      "cogs": 340000000,
      "rd": null,
      "sga": null,
      "fcf": -415000000,
      "ocf": -238000000,
      "capex": -177000000,
      "gross_margin": 0.8822306892968479,
      "op_margin": 0.03602355386214063,
      "fcf_margin": -0.14374783512296502,
      "incr_op_margin_yoy": -0.08921933085501858,
      "rev_growth_yoy": 0.1027501909854851,
      "rev_growth_yoy_accel": 0.017091169156250502,
      "fcf_margin_change": 0.2604262549762969
    },
    {
      "date": "2024-03-31T00:00:00",
      "quarter_label": "2024-03 (Q1)",
      "revenue": 2889000000,
      "gross_profit": 2531000000,
      "operating_income": -110000000,
      "net_income": -135000000,
      "opex": 2641000000,
      "cogs": 358000000,
      "rd": null,
      "sga": null,
      "fcf": 2702000000,
      "ocf": 2879000000,
      "capex": -177000000,
      "gross_margin": 0.8760816891658013,
      "op_margin": -0.0380754586362063,
      "fcf_margin": 0.9352717203184493,
      "incr_op_margin_yoy": 0.049107142857142856,
      "rev_growth_yoy": 0.08405253283302064,
      "rev_growth_yoy_accel": -0.018697658152464464,
      "fcf_margin_change": 1.0790195554414144
    },
    {
      "date": "2024-06-30T00:00:00",
      "quarter_label": "2024-06 (Q2)",
      "revenue": 3558000000,
      "gross_profit": 3196000000,
      "operating_income": 451000000,
      "net_income": 386000000,
      "opex": 2745000000,
      "cogs": 362000000,
      "rd": null,
      "sga": null,
      "fcf": 1307000000,
      "ocf": 1501000000,
      "capex": -194000000,
      "gross_margin": 0.8982574480044969,
      "op_margin": 0.1267566048341765,
      "fcf_margin": 0.36734120292299044,
      "incr_op_margin_yoy": 0.04,
      "rev_growth_yoy": 0.05955926146515783,
      "rev_growth_yoy_accel": -0.024493271367862807,
      "op_leverage_ratio": 5.8804916526879145,
      "fcf_margin_change": -0.5679305173954589
    },
    {
      "date": "2024-09-30T00:00:00",
      "quarter_label": "2024-09 (Q3)",
      "revenue": 4060000000,
      "gross_profit": 3672000000,
      "operating_income": 762000000,
      "net_income": 684000000,
      "opex": 2910000000,
      "cogs": 388000000,
      "rd": null,
      "sga": null,
      "fcf": -1687000000,
      "ocf": -1493000000,
      "capex": -194000000,
      "gross_margin": 0.9044334975369458,
      "op_margin": 0.1876847290640394,
      "fcf_margin": -0.41551724137931034,
      "incr_op_margin_yoy": 1.183206106870229,
      "rev_growth_yoy": 0.03334181725629931,
      "rev_growth_yoy_accel": -0.02621744420885852,
      "op_leverage_ratio": 2.347232868312126,
      "fcf_margin_change": -0.7828584443023008
    },
    {
      "date": "2024-12-31T00:00:00",
      "quarter_label": "2024-12 (Q4)",
      "revenue": 3184000000,
      "gross_profit": 2849000000,
      "operating_income": 216000000,
      "net_income": 299000000,
      "opex": 2633000000,
      "cogs": 335000000,
      "rd": null,
      "sga": null,
      "fcf": 7000000,
      "ocf": 198000000,
      "capex": -191000000,
      "gross_margin": 0.894786432160804,
      "op_margin": 0.0678391959798995,
      "fcf_margin": 0.0021984924623115578,
      "incr_op_margin_yoy": 0.3771043771043771,
      "rev_growth_yoy": 0.1028749567024593,
      "rev_growth_yoy_accel": 0.06953313944615999,
      "fcf_margin_change": 0.4177157338416219
    },
    {
      "date": "2025-03-31T00:00:00",
      "quarter_label": "2025-03 (Q1)",
      "revenue": 2988000000,
      "gross_profit": 2631000000,
      "operating_income": -70000000,
      "net_income": -200000000,
      "opex": 2701000000,
      "cogs": 357000000,
      "rd": null,
      "sga": null,
      "fcf": 2756000000,
      "ocf": 2952000000,
      "capex": -196000000,
      "gross_margin": 0.8805220883534136,
      "op_margin": -0.023427041499330656,
      "fcf_margin": 0.9223560910307899,
      "incr_op_margin_yoy": 0.40404040404040403,
      "rev_growth_yoy": 0.03426791277258567,
      "rev_growth_yoy_accel": -0.06860704392987363,
      "fcf_margin_change": 0.9201575985684783
    },
    {
      "date": "2025-06-30T00:00:00",
      "quarter_label": "2025-06 (Q2)",
      "revenue": 3786000000,
      "gross_profit": 3409000000,
      "operating_income": 485000000,
      "net_income": 330000000,
      "opex": 2924000000,
      "cogs": 377000000,
      "rd": null,
      "sga": null,
      "fcf": 921000000,
      "ocf": 1121000000,
      "capex": -200000000,
      "gross_margin": 0.9004226096143687,
      "op_margin": 0.12810353935552035,
      "fcf_margin": 0.2432646592709984,
      "incr_op_margin_yoy": 0.14912280701754385,
      "rev_growth_yoy": 0.06408094435075885,
      "rev_growth_yoy_accel": 0.029813031578173187,
      "op_leverage_ratio": 3.2347596664685643,
      "fcf_margin_change": -0.6790914317597915
    },
    {
      "date": "2025-09-30T00:00:00",
      "quarter_label": "2025-09 (Q3)",
      "revenue": 4412000000,
      "gross_profit": 4036000000,
      "operating_income": 1036000000,
      "net_income": 959000000,
      "opex": 3000000000,
      "cogs": 376000000,
      "rd": null,
      "sga": null,
      "fcf": -686000000,
      "ocf": -497000000,
      "capex": -189000000,
      "gross_margin": 0.914777878513146,
      "op_margin": 0.23481414324569355,
      "fcf_margin": -0.1554850407978241,
      "incr_op_margin_yoy": 0.7784090909090909,
      "rev_growth_yoy": 0.08669950738916256,
      "rev_growth_yoy_accel": 0.022618563038403705,
      "op_leverage_ratio": 6.361470236605778,
      "fcf_margin_change": -0.3987497000688225
    }
  ],
  "signals": [
    {
      "quarter": "2025-09 (Q3)",
      "signal": "OPERATING LEVERAGE",
      "detail": "Rev growth +16.5% vs OpEx growth +2.6% (leverage: 6.4x)",
      "severity": "MEDIUM"
    },
    {
      "quarter": "2025-09 (Q3)",
      "signal": "INCREMENTAL MARGIN (YoY)",
      "detail": "YoY Incr OPM: +77.8% vs year-ago OPM: +18.8%",
      "severity": "HIGH"
    },
    {
      "quarter": "2025-06 (Q2)",
      "signal": "OPERATING LEVERAGE",
      "detail": "Rev growth +26.7% vs OpEx growth +8.3% (leverage: 3.2x)",
      "severity": "MEDIUM"
    },
    {
      "quarter": "2025-06 (Q2)",
      "signal": "OP MARGIN TURNED POSITIVE (QoQ)",
      "detail": "Op margin: -2.3% -> +12.8%",
      "severity": "HIGH"
    },
    {
      "quarter": "2025-03 (Q1)",
      "signal": "FCF MARGIN EXPANSION",
      "detail": "FCF margin: +0.2% -> +92.2% (+92.0%)",
      "severity": "MEDIUM"
    },
    {
      "quarter": "2025-03 (Q1)",
      "signal": "YoY REVENUE GROWTH DECELERATION",
      "detail": "YoY growth: +3.4% vs prior quarter YoY: +10.3% (decel: -6.9%)",
      "severity": "WARNING"
    },
    {
      "quarter": "2024-12 (Q4)",
      "signal": "FCF TURNED POSITIVE",
      "detail": "FCF margin: -41.6% -> +0.2%",
      "severity": "HIGH"
    },
    {
      "quarter": "2024-12 (Q4)",
      "signal": "YoY REVENUE GROWTH ACCELERATION",
      "detail": "YoY growth: +10.3% vs prior quarter YoY: +3.3% (accel: +7.0%)",
      "severity": "MEDIUM"
    },
    {
      "quarter": "2024-12 (Q4)",
      "signal": "INCREMENTAL MARGIN (YoY)",
      "detail": "YoY Incr OPM: +37.7% vs year-ago OPM: +3.6%",
      "severity": "HIGH"
    },
    {
      "quarter": "2024-09 (Q3)",
      "signal": "OPERATING LEVERAGE",
      "detail": "Rev growth +14.1% vs OpEx growth +6.0% (leverage: 2.3x)",
      "severity": "MEDIUM"
    },
    {
      "quarter": "2024-09 (Q3)",
      "signal": "INCREMENTAL MARGIN (YoY)",
      "detail": "YoY Incr OPM: +118.3% vs year-ago OPM: +15.4%",
      "severity": "HIGH"
    },
    {
      "quarter": "2024-06 (Q2)",
      "signal": "OPERATING LEVERAGE",
      "detail": "Rev growth +23.2% vs OpEx growth +3.9% (leverage: 5.9x)",
      "severity": "MEDIUM"
    },
    {
      "quarter": "2024-06 (Q2)",
      "signal": "GROSS MARGIN INFLECTION",
      "detail": "GM: +88.2% -> +87.6% -> +89.8% (reversal +2.2%)",
      "severity": "MEDIUM"
    },
    {
      "quarter": "2024-06 (Q2)",
      "signal": "OP MARGIN TURNED POSITIVE (QoQ)",
      "detail": "Op margin: -3.8% -> +12.7%",
      "severity": "HIGH"
    },
    {
      "quarter": "2024-03 (Q1)",
      "signal": "FCF TURNED POSITIVE",
      "detail": "FCF margin: -14.4% -> +93.5%",
      "severity": "HIGH"
    },
    {
      "quarter": "2023-12 (Q4)",
      "signal": "FCF MARGIN EXPANSION",
      "detail": "FCF margin: -40.4% -> -14.4% (+26.0%)",
      "severity": "MEDIUM"
    },
    {
      "quarter": "2023-06 (Q2)",
      "signal": "OPERATING LEVERAGE",
      "detail": "Rev growth +26.0% vs OpEx growth +5.7% (leverage: 4.5x)",
      "severity": "MEDIUM"
    },
    {
      "quarter": "2023-06 (Q2)",
      "signal": "YoY REVENUE GROWTH DECELERATION",
      "detail": "YoY growth: +5.6% vs prior quarter YoY: +18.5% (decel: -12.9%)",
      "severity": "WARNING"
    },
    {
      "quarter": "2023-06 (Q2)",
      "signal": "INCREMENTAL MARGIN (YoY)",
      "detail": "YoY Incr OPM: +55.4% vs year-ago OPM: +10.8%",
      "severity": "HIGH"
    },
    {
      "quarter": "2023-06 (Q2)",
      "signal": "OP MARGIN TURNED POSITIVE (QoQ)",
      "detail": "Op margin: -4.5% -> +13.2%",
      "severity": "HIGH"
    },
    {
      "quarter": "2023-03 (Q1)",
      "signal": "FCF TURNED POSITIVE",
      "detail": "FCF margin: -13.7% -> +109.7%",
      "severity": "HIGH"
    },
    {
      "quarter": "2022-12 (Q4)",
      "signal": "FCF MARGIN EXPANSION",
      "detail": "FCF margin: -32.2% -> -13.7% (+18.5%)",
      "severity": "MEDIUM"
    },
    {
      "quarter": "2022-12 (Q4)",
      "signal": "YoY REVENUE GROWTH DECELERATION",
      "detail": "YoY growth: +14.9% vs prior quarter YoY: +22.2% (decel: -7.3%)",
      "severity": "WARNING"
    },
    {
      "quarter": "2022-09 (Q3)",
      "signal": "YoY REVENUE GROWTH DECELERATION",
      "detail": "YoY growth: +22.2% vs prior quarter YoY: +50.7% (decel: -28.5%)",
      "severity": "WARNING"
    },
    {
      "quarter": "2022-09 (Q3)",
      "signal": "INCREMENTAL MARGIN (YoY)",
      "detail": "YoY Incr OPM: +33.9% vs year-ago OPM: +17.7%",
      "severity": "MEDIUM"
    },
    {
      "quarter": "2022-06 (Q2)",
      "signal": "OPERATING LEVERAGE",
      "detail": "Rev growth +41.4% vs OpEx growth +20.1% (leverage: 2.1x)",
      "severity": "MEDIUM"
    },
    {
      "quarter": "2022-06 (Q2)",
      "signal": "YoY REVENUE GROWTH DECELERATION",
      "detail": "YoY growth: +50.7% vs prior quarter YoY: +80.5% (decel: -29.8%)",
      "severity": "WARNING"
    },
    {
      "quarter": "2022-06 (Q2)",
      "signal": "OP MARGIN TURNED POSITIVE (YoY)",
      "detail": "Op margin: -6.3% (year-ago) -> +10.8%",
      "severity": "HIGH"
    },
    {
      "quarter": "2022-06 (Q2)",
      "signal": "OP MARGIN TURNED POSITIVE (QoQ)",
      "detail": "Op margin: -6.0% -> +10.8%",
      "severity": "HIGH"
    },
    {
      "quarter": "2022-03 (Q1)",
      "signal": "FCF MARGIN EXPANSION",
      "detail": "FCF margin: +6.2% -> +126.1% (+119.8%)",
      "severity": "MEDIUM"
    },
    {
      "quarter": "2022-03 (Q1)",
      "signal": "YoY REVENUE GROWTH DECELERATION",
      "detail": "YoY growth: +80.5% vs prior quarter YoY: +147.7% (decel: -67.2%)",
      "severity": "WARNING"
    },
    {
      "quarter": "2021-12 (Q4)",
      "signal": "FCF TURNED POSITIVE",
      "detail": "FCF margin: -47.3% -> +6.2%",
      "severity": "HIGH"
    },
    {
      "quarter": "2021-12 (Q4)",
      "signal": "OP MARGIN TURNED POSITIVE (YoY)",
      "detail": "Op margin: -50.3% (year-ago) -> +7.2%",
      "severity": "HIGH"
    },
    {
      "quarter": "2021-09 (Q3)",
      "signal": "OPERATING LEVERAGE",
      "detail": "Rev growth +40.3% vs OpEx growth +6.8% (leverage: 5.9x)",
      "severity": "MEDIUM"
    },
    {
      "quarter": "2021-09 (Q3)",
      "signal": "OP MARGIN TURNED POSITIVE (QoQ)",
      "detail": "Op margin: -6.3% -> +17.7%",
      "severity": "HIGH"
    },
    {
      "quarter": "2021-06 (Q2)",
      "signal": "OPERATING LEVERAGE",
      "detail": "Rev growth +69.4% vs OpEx growth +43.3% (leverage: 1.6x)",
      "severity": "MEDIUM"
    },
    {
      "quarter": "2021-03 (Q1)",
      "signal": "FCF TURNED POSITIVE",
      "detail": "FCF margin: -55.8% -> +160.7%",
      "severity": "HIGH"
    },
    {
      "quarter": "2021-03 (Q1)",
      "signal": "OPERATING LEVERAGE",
      "detail": "Rev growth +35.4% vs OpEx growth +19.0% (leverage: 1.9x)",
      "severity": "MEDIUM"
    }
  ],
  "data_quality": {
    "n_quarters": 20,
    "coverage": {
      "revenue": [
        20,
        20
      ],
      "gross_profit": [
        20,
        20
      ],
      "op_income": [
        20,
        20
      ],
      "fcf": [
        20,
        20
      ]
    },
    "gaps": [],
    "warnings": []
  },
  "market_cap": null,
  "source": "SEC EDGAR",
  "last_updated": "2026-02-02T20:08:04.569176"
}