{
  "ticker": "EXTR",
  "name": "EXTREME NETWORKS, INC.",
  "quarters": [
    {
      "date": "2021-03-31T00:00:00",
      "quarter_label": "2021-03 (Q1)",
      "revenue": 253400000,
      "gross_profit": 148813000,
      "operating_income": 11152000,
      "net_income": 3472000,
      "opex": 137661000,
      "cogs": 104587000,
      "rd": 48909000,
      "sga": null,
      "fcf": 20446000,
      "ocf": 24725000,
      "capex": -4279000,
      "gross_margin": 0.5872651933701657,
      "op_margin": 0.04400947119179163,
      "fcf_margin": 0.08068666140489344
    },
    {
      "date": "2021-06-30T00:00:00",
      "quarter_label": "2021-06 (Q2)",
      "revenue": 278088000,
      "gross_profit": 161100000,
      "operating_income": 17571000,
      "net_income": 10326000,
      "opex": 143529000,
      "cogs": 116988000,
      "rd": 49376000,
      "sga": null,
      "fcf": 52181000,
      "ocf": 57039000,
      "capex": -4858000,
      "gross_margin": 0.5793130232156727,
      "op_margin": 0.06318503495296453,
      "fcf_margin": 0.1876420413682,
      "op_leverage_ratio": 2.2855993982855654,
      "fcf_margin_change": 0.10695537996330656
    },
    {
      "date": "2021-09-30T00:00:00",
      "quarter_label": "2021-09 (Q3)",
      "revenue": 267684000,
      "gross_profit": 155603000,
      "operating_income": 18364000,
      "net_income": 12696000,
      "opex": 137239000,
      "cogs": 112081000,
      "rd": 47766000,
      "sga": null,
      "fcf": 36844000,
      "ocf": 40254000,
      "capex": -3410000,
      "gross_margin": 0.5812936148593117,
      "op_margin": 0.06860327849255092,
      "fcf_margin": 0.1376399037671284,
      "fcf_margin_change": -0.05000213760107161
    },
    {
      "date": "2021-12-31T00:00:00",
      "quarter_label": "2021-12 (Q4)",
      "revenue": 280933000,
      "gross_profit": 158786000,
      "operating_income": 18055000,
      "net_income": 13341000,
      "opex": 140731000,
      "cogs": 122147000,
      "rd": 48080000,
      "sga": null,
      "fcf": 18985000,
      "ocf": 22228000,
      "capex": -3243000,
      "gross_margin": 0.5652094983501404,
      "op_margin": 0.06426799272424386,
      "fcf_margin": 0.06757839057711269,
      "op_leverage_ratio": 1.9451988163010347,
      "fcf_margin_change": -0.0700615131900157
    },
    {
      "date": "2022-03-31T00:00:00",
      "quarter_label": "2022-03 (Q1)",
      "revenue": 285508000,
      "gross_profit": 161358000,
      "operating_income": 17311000,
      "net_income": 12824000,
      "opex": 144047000,
      "cogs": 124150000,
      "rd": 49615000,
      "sga": null,
      "fcf": -2904000,
      "ocf": 1573000,
      "capex": -4477000,
      "gross_margin": 0.5651610462754109,
      "op_margin": 0.060632276503635625,
      "fcf_margin": -0.010171343710158735,
      "incr_op_margin_yoy": 0.19182135293384825,
      "rev_growth_yoy": 0.12670876085240726,
      "op_leverage_ratio": 0.6911361243179965,
      "fcf_margin_change": -0.07774973428727143
    },
    {
      "date": "2022-06-30T00:00:00",
      "quarter_label": "2022-06 (Q2)",
      "revenue": 278196000,
      "gross_profit": 154191000,
      "operating_income": 10458000,
      "net_income": 5410000,
      "opex": 143733000,
      "cogs": 124005000,
      "rd": 45130000,
      "sga": null,
      "fcf": 59819000,
      "ocf": 64122000,
      "capex": -4303000,
      "gross_margin": 0.5542531165077859,
      "op_margin": 0.03759220118190053,
      "fcf_margin": 0.2150246588735999,
      "rev_growth_yoy": 0.0003883662725468197,
      "rev_growth_yoy_accel": -0.12632039457986044,
      "fcf_margin_change": 0.22519600258375863
    },
    {
      "date": "2022-09-30T00:00:00",
      "quarter_label": "2022-09 (Q3)",
      "revenue": 297689000,
      "gross_profit": 166708000,
      "operating_income": 17396000,
      "net_income": 12585000,
      "opex": 149312000,
      "cogs": 130981000,
      "rd": 50989000,
      "sga": null,
      "fcf": 46595000,
      "ocf": 49734000,
      "capex": -3139000,
      "gross_margin": 0.5600072558945746,
      "op_margin": 0.05843682500864997,
      "fcf_margin": 0.156522410972525,
      "incr_op_margin_yoy": -0.03226128978503583,
      "rev_growth_yoy": 0.11209112236816544,
      "rev_growth_yoy_accel": 0.11170275609561862,
      "op_leverage_ratio": 1.8052108303365269,
      "fcf_margin_change": -0.05850224790107489
    },
    {
      "date": "2022-12-31T00:00:00",
      "quarter_label": "2022-12 (Q4)",
      "revenue": 318348000,
      "gross_profit": 181655000,
      "operating_income": 23434000,
      "net_income": 17931000,
      "opex": 158221000,
      "cogs": 136693000,
      "rd": 52618000,
      "sga": null,
      "fcf": 67471000,
      "ocf": 70603000,
      "capex": -3132000,
      "gross_margin": 0.5706176888185256,
      "op_margin": 0.07361126817193762,
      "fcf_margin": 0.21194102051842637,
      "incr_op_margin_yoy": 0.14376586930375518,
      "rev_growth_yoy": 0.13318122114525527,
      "rev_growth_yoy_accel": 0.021090098777089825,
      "op_leverage_ratio": 1.1630871626077355,
      "fcf_margin_change": 0.05541860954590136
    },
    {
      "date": "2023-03-31T00:00:00",
      "quarter_label": "2023-03 (Q1)",
      "revenue": 332507000,
      "gross_profit": 191938000,
      "operating_income": 29583000,
      "net_income": 22131000,
      "opex": 162355000,
      "cogs": 140569000,
      "rd": 54837000,
      "sga": null,
      "fcf": 45819000,
      "ocf": 48182000,
      "capex": -2363000,
      "gross_margin": 0.5772449903310306,
      "op_margin": 0.08896955552815429,
      "fcf_margin": 0.137798602736183,
      "incr_op_margin_yoy": 0.2611119385518841,
      "rev_growth_yoy": 0.1646153522843493,
      "rev_growth_yoy_accel": 0.03143413113909402,
      "op_leverage_ratio": 1.702253001919458,
      "fcf_margin_change": -0.07414241778224337
    },
    {
      "date": "2023-06-30T00:00:00",
      "quarter_label": "2023-06 (Q2)",
      "revenue": 363910000,
      "gross_profit": 214419000,
      "operating_income": 37900000,
      "net_income": 25427000,
      "opex": 176519000,
      "cogs": 149491000,
      "rd": 55826000,
      "sga": null,
      "fcf": 75527000,
      "ocf": 80693000,
      "capex": -5166000,
      "gross_margin": 0.5892088703250804,
      "op_margin": 0.10414662966117996,
      "fcf_margin": 0.2075430738369377,
      "incr_op_margin_yoy": 0.32015773385911284,
      "rev_growth_yoy": 0.30810651483127005,
      "rev_growth_yoy_accel": 0.14349116254692076,
      "op_leverage_ratio": 1.0825553148202998,
      "fcf_margin_change": 0.06974447110075471
    },
    {
      "date": "2023-09-30T00:00:00",
      "quarter_label": "2023-09 (Q3)",
      "revenue": 353137000,
      "gross_profit": 212936000,
      "operating_income": 35899000,
      "net_income": 28676000,
      "opex": 177037000,
      "cogs": 140201000,
      "rd": 58016000,
      "sga": null,
      "fcf": 71321000,
      "ocf": 75635000,
      "capex": -4314000,
      "gross_margin": 0.6029841109824232,
      "op_margin": 0.10165743040236509,
      "fcf_margin": 0.2019641102461651,
      "incr_op_margin_yoy": 0.33370004328379743,
      "rev_growth_yoy": 0.18626150109678222,
      "rev_growth_yoy_accel": -0.12184501373448783,
      "fcf_margin_change": -0.005578963590772618
    },
    {
      "date": "2023-12-31T00:00:00",
      "quarter_label": "2023-12 (Q4)",
      "revenue": 296377000,
      "gross_profit": 183370000,
      "operating_income": 10316000,
      "net_income": 3988000,
      "opex": 173054000,
      "cogs": 113007000,
      "rd": 52833000,
      "sga": null,
      "fcf": 28589000,
      "ocf": 34230000,
      "capex": -5641000,
      "gross_margin": 0.6187052301629343,
      "op_margin": 0.03480701943808055,
      "fcf_margin": 0.09646160127135371,
      "incr_op_margin_yoy": 0.5970597605935096,
      "rev_growth_yoy": -0.06901566838805333,
      "rev_growth_yoy_accel": -0.25527716948483553,
      "fcf_margin_change": -0.10550250897481138
    },
    {
      "date": "2024-03-31T00:00:00",
      "quarter_label": "2024-03 (Q1)",
      "revenue": 211036000,
      "gross_profit": 119901000,
      "operating_income": -62469000,
      "net_income": -64425000,
      "opex": 182370000,
      "cogs": 91135000,
      "rd": 54517000,
      "sga": null,
      "fcf": -73545000,
      "ocf": -69868000,
      "capex": -3677000,
      "gross_margin": 0.568154248564226,
      "op_margin": -0.2960111071096874,
      "fcf_margin": -0.34849504349968724,
      "incr_op_margin_yoy": 0.757810506211359,
      "rev_growth_yoy": -0.3653186248710553,
      "rev_growth_yoy_accel": -0.296302956483002,
      "fcf_margin_change": -0.44495664477104097
    },
    {
      "date": "2024-06-30T00:00:00",
      "quarter_label": "2024-06 (Q2)",
      "revenue": 256653000,
      "gross_profit": 114624000,
      "operating_income": -48948000,
      "net_income": -54203000,
      "opex": 163572000,
      "cogs": 142029000,
      "rd": 46565000,
      "sga": null,
      "fcf": 11000000,
      "ocf": 15489000,
      "capex": -4489000,
      "gross_margin": 0.4466107935617351,
      "op_margin": -0.19071664854881884,
      "fcf_margin": 0.04285942498236919,
      "incr_op_margin_yoy": 0.8097187129977531,
      "rev_growth_yoy": -0.2947349619411393,
      "rev_growth_yoy_accel": 0.07058366292991602,
      "op_leverage_ratio": Infinity,
      "fcf_margin_change": 0.39135446848205646
    },
    {
      "date": "2024-09-30T00:00:00",
      "quarter_label": "2024-09 (Q3)",
      "revenue": 269204000,
      "gross_profit": 169507000,
      "operating_income": -4717000,
      "net_income": -10504000,
      "opex": 174224000,
      "cogs": 99697000,
      "rd": 54451000,
      "sga": null,
      "fcf": 11669000,
      "ocf": 18585000,
      "capex": -6916000,
      "gross_margin": 0.6296600347691713,
      "op_margin": -0.01752202790448879,
      "fcf_margin": 0.043346309861666245,
      "incr_op_margin_yoy": 0.48390978518580297,
      "rev_growth_yoy": -0.23767829482608732,
      "rev_growth_yoy_accel": 0.05705666711505197,
      "op_leverage_ratio": 0.7509478713790427,
      "fcf_margin_change": 0.00048688487929705176
    },
    {
      "date": "2024-12-31T00:00:00",
      "quarter_label": "2024-12 (Q4)",
      "revenue": 279355000,
      "gross_profit": 175123000,
      "operating_income": 12665000,
      "net_income": 7382000,
      "opex": 162458000,
      "cogs": 104232000,
      "rd": 54883000,
      "sga": null,
      "fcf": 16133000,
      "ocf": 21533000,
      "capex": -5400000,
      "gross_margin": 0.626883356302912,
      "op_margin": 0.04533657890497754,
      "fcf_margin": 0.057750890444058636,
      "incr_op_margin_yoy": -0.13799788508988367,
      "rev_growth_yoy": -0.05743360652142373,
      "rev_growth_yoy_accel": 0.1802446883046636,
      "op_leverage_ratio": Infinity,
      "fcf_margin_change": 0.014404580582392391
    },
    {
      "date": "2025-03-31T00:00:00",
      "quarter_label": "2025-03 (Q1)",
      "revenue": 284505000,
      "gross_profit": 175409000,
      "operating_income": 10377000,
      "net_income": 3458000,
      "opex": 165032000,
      "cogs": 109096000,
      "rd": 55656000,
      "sga": null,
      "fcf": 24232000,
      "ocf": 29974000,
      "capex": -5742000,
      "gross_margin": 0.6165410098240804,
      "op_margin": 0.036473875678810566,
      "fcf_margin": 0.08517249257482294,
      "incr_op_margin_yoy": 0.991520233023452,
      "rev_growth_yoy": 0.3481349153698895,
      "rev_growth_yoy_accel": 0.4055685218913132,
      "op_leverage_ratio": 1.1635454170937694,
      "fcf_margin_change": 0.027421602130764305
    },
    {
      "date": "2025-06-30T00:00:00",
      "quarter_label": "2025-06 (Q2)",
      "revenue": 307003000,
      "gross_profit": 189088000,
      "operating_income": -1376000,
      "net_income": -7803000,
      "opex": 190464000,
      "cogs": 117915000,
      "rd": 56469000,
      "sga": null,
      "fcf": 75293000,
      "ocf": 81939000,
      "capex": -6646000,
      "gross_margin": 0.6159158053830093,
      "op_margin": -0.004482040892108546,
      "fcf_margin": 0.2452516750650645,
      "incr_op_margin_yoy": 0.9448262164846077,
      "rev_growth_yoy": 0.1961792770783899,
      "rev_growth_yoy_accel": -0.1519556382914996,
      "op_leverage_ratio": 0.5131468379993819,
      "fcf_margin_change": 0.16007918249024156
    },
    {
      "date": "2025-09-30T00:00:00",
      "quarter_label": "2025-09 (Q3)",
      "revenue": 310245000,
      "gross_profit": 188029000,
      "operating_income": 11295000,
      "net_income": 5611000,
      "opex": 176734000,
      "cogs": 122216000,
      "rd": 57753000,
      "sga": null,
      "fcf": -20853000,
      "ocf": -13998000,
      "capex": -6855000,
      "gross_margin": 0.6060661735080339,
      "op_margin": 0.03640671082531548,
      "fcf_margin": -0.06721462070299279,
      "incr_op_margin_yoy": 0.39014643892692674,
      "rev_growth_yoy": 0.15245315819972957,
      "rev_growth_yoy_accel": -0.04372611887866032,
      "op_leverage_ratio": Infinity,
      "fcf_margin_change": -0.3124662957680573
    },
    {
      "date": "2025-12-31T00:00:00",
      "quarter_label": "2025-12 (Q4)",
      "revenue": 317925000,
      "gross_profit": 195080000,
      "operating_income": 12992000,
      "net_income": 7876000,
      "opex": 182088000,
      "cogs": 122845000,
      "rd": 57522000,
      "sga": null,
      "fcf": 43038000,
      "ocf": 50138000,
      "capex": -7100000,
      "gross_margin": 0.6136038373830306,
      "op_margin": 0.04086498387984588,
      "fcf_margin": 0.1353715498938429,
      "incr_op_margin_yoy": 0.008478091781177081,
      "rev_growth_yoy": 0.13806804961429006,
      "rev_growth_yoy_accel": -0.01438510858543951,
      "op_leverage_ratio": 0.817143196377153,
      "fcf_margin_change": 0.2025861705968357
    }
  ],
  "signals": [
    {
      "quarter": "2025-12 (Q4)",
      "signal": "FCF TURNED POSITIVE",
      "detail": "FCF margin: -6.7% -> +13.5%",
      "severity": "HIGH"
    },
    {
      "quarter": "2025-09 (Q3)",
      "signal": "OP MARGIN TURNED POSITIVE (YoY)",
      "detail": "Op margin: -1.8% (year-ago) -> +3.6%",
      "severity": "HIGH"
    },
    {
      "quarter": "2025-09 (Q3)",
      "signal": "OP MARGIN TURNED POSITIVE (QoQ)",
      "detail": "Op margin: -0.4% -> +3.6%",
      "severity": "HIGH"
    },
    {
      "quarter": "2025-06 (Q2)",
      "signal": "FCF MARGIN EXPANSION",
      "detail": "FCF margin: +8.5% -> +24.5% (+16.0%)",
      "severity": "MEDIUM"
    },
    {
      "quarter": "2025-06 (Q2)",
      "signal": "YoY REVENUE GROWTH DECELERATION",
      "detail": "YoY growth: +19.6% vs prior quarter YoY: +34.8% (decel: -15.2%)",
      "severity": "WARNING"
    },
    {
      "quarter": "2025-03 (Q1)",
      "signal": "YoY REVENUE GROWTH ACCELERATION",
      "detail": "YoY growth: +34.8% vs prior quarter YoY: -5.7% (accel: +40.6%)",
      "severity": "HIGH"
    },
    {
      "quarter": "2025-03 (Q1)",
      "signal": "OP MARGIN TURNED POSITIVE (YoY)",
      "detail": "Op margin: -29.6% (year-ago) -> +3.6%",
      "severity": "HIGH"
    },
    {
      "quarter": "2024-12 (Q4)",
      "signal": "YoY REVENUE GROWTH ACCELERATION",
      "detail": "YoY growth: -5.7% vs prior quarter YoY: -23.8% (accel: +18.0%)",
      "severity": "HIGH"
    },
    {
      "quarter": "2024-12 (Q4)",
      "signal": "OP MARGIN TURNED POSITIVE (QoQ)",
      "detail": "Op margin: -1.8% -> +4.5%",
      "severity": "HIGH"
    },
    {
      "quarter": "2024-09 (Q3)",
      "signal": "GROSS MARGIN INFLECTION",
      "detail": "GM: +56.8% -> +44.7% -> +63.0% (reversal +18.3%)",
      "severity": "HIGH"
    },
    {
      "quarter": "2024-09 (Q3)",
      "signal": "YoY REVENUE GROWTH ACCELERATION",
      "detail": "YoY growth: -23.8% vs prior quarter YoY: -29.5% (accel: +5.7%)",
      "severity": "MEDIUM"
    },
    {
      "quarter": "2024-06 (Q2)",
      "signal": "FCF TURNED POSITIVE",
      "detail": "FCF margin: -34.8% -> +4.3%",
      "severity": "HIGH"
    },
    {
      "quarter": "2024-06 (Q2)",
      "signal": "YoY REVENUE GROWTH ACCELERATION",
      "detail": "YoY growth: -29.5% vs prior quarter YoY: -36.5% (accel: +7.1%)",
      "severity": "MEDIUM"
    },
    {
      "quarter": "2024-03 (Q1)",
      "signal": "YoY REVENUE GROWTH DECELERATION",
      "detail": "YoY growth: -36.5% vs prior quarter YoY: -6.9% (decel: -29.6%)",
      "severity": "WARNING"
    },
    {
      "quarter": "2023-12 (Q4)",
      "signal": "YoY REVENUE GROWTH DECELERATION",
      "detail": "YoY growth: -6.9% vs prior quarter YoY: +18.6% (decel: -25.5%)",
      "severity": "WARNING"
    },
    {
      "quarter": "2023-12 (Q4)",
      "signal": "INCREMENTAL MARGIN (YoY)",
      "detail": "YoY Incr OPM: +59.7% vs year-ago OPM: +7.4%",
      "severity": "HIGH"
    },
    {
      "quarter": "2023-09 (Q3)",
      "signal": "YoY REVENUE GROWTH DECELERATION",
      "detail": "YoY growth: +18.6% vs prior quarter YoY: +30.8% (decel: -12.2%)",
      "severity": "WARNING"
    },
    {
      "quarter": "2023-09 (Q3)",
      "signal": "INCREMENTAL MARGIN (YoY)",
      "detail": "YoY Incr OPM: +33.4% vs year-ago OPM: +5.8%",
      "severity": "HIGH"
    },
    {
      "quarter": "2023-06 (Q2)",
      "signal": "FCF MARGIN EXPANSION",
      "detail": "FCF margin: +13.8% -> +20.8% (+7.0%)",
      "severity": "MEDIUM"
    },
    {
      "quarter": "2023-06 (Q2)",
      "signal": "YoY REVENUE GROWTH ACCELERATION",
      "detail": "YoY growth: +30.8% vs prior quarter YoY: +16.5% (accel: +14.3%)",
      "severity": "MEDIUM"
    },
    {
      "quarter": "2023-06 (Q2)",
      "signal": "INCREMENTAL MARGIN (YoY)",
      "detail": "YoY Incr OPM: +32.0% vs year-ago OPM: +3.8%",
      "severity": "HIGH"
    },
    {
      "quarter": "2023-03 (Q1)",
      "signal": "OPERATING LEVERAGE",
      "detail": "Rev growth +4.4% vs OpEx growth +2.6% (leverage: 1.7x)",
      "severity": "MEDIUM"
    },
    {
      "quarter": "2023-03 (Q1)",
      "signal": "INCREMENTAL MARGIN (YoY)",
      "detail": "YoY Incr OPM: +26.1% vs year-ago OPM: +6.1%",
      "severity": "HIGH"
    },
    {
      "quarter": "2022-12 (Q4)",
      "signal": "FCF MARGIN EXPANSION",
      "detail": "FCF margin: +15.7% -> +21.2% (+5.5%)",
      "severity": "MEDIUM"
    },
    {
      "quarter": "2022-09 (Q3)",
      "signal": "OPERATING LEVERAGE",
      "detail": "Rev growth +7.0% vs OpEx growth +3.9% (leverage: 1.8x)",
      "severity": "MEDIUM"
    },
    {
      "quarter": "2022-09 (Q3)",
      "signal": "YoY REVENUE GROWTH ACCELERATION",
      "detail": "YoY growth: +11.2% vs prior quarter YoY: +0.0% (accel: +11.2%)",
      "severity": "MEDIUM"
    },
    {
      "quarter": "2022-06 (Q2)",
      "signal": "FCF TURNED POSITIVE",
      "detail": "FCF margin: -1.0% -> +21.5%",
      "severity": "HIGH"
    },
    {
      "quarter": "2022-06 (Q2)",
      "signal": "YoY REVENUE GROWTH DECELERATION",
      "detail": "YoY growth: +0.0% vs prior quarter YoY: +12.7% (decel: -12.6%)",
      "severity": "WARNING"
    },
    {
      "quarter": "2022-03 (Q1)",
      "signal": "INCREMENTAL MARGIN (YoY)",
      "detail": "YoY Incr OPM: +19.2% vs year-ago OPM: +4.4%",
      "severity": "MEDIUM"
    },
    {
      "quarter": "2021-12 (Q4)",
      "signal": "OPERATING LEVERAGE",
      "detail": "Rev growth +4.9% vs OpEx growth +2.5% (leverage: 1.9x)",
      "severity": "MEDIUM"
    },
    {
      "quarter": "2021-06 (Q2)",
      "signal": "FCF MARGIN EXPANSION",
      "detail": "FCF margin: +8.1% -> +18.8% (+10.7%)",
      "severity": "MEDIUM"
    },
    {
      "quarter": "2021-06 (Q2)",
      "signal": "OPERATING LEVERAGE",
      "detail": "Rev growth +9.7% vs OpEx growth +4.3% (leverage: 2.3x)",
      "severity": "MEDIUM"
    }
  ],
  "data_quality": {
    "n_quarters": 20,
    "coverage": {
      "revenue": [
        20,
        20
      ],
      "gross_profit": [
        20,
        20
      ],
      "op_income": [
        20,
        20
      ],
      "fcf": [
        20,
        20
      ]
    },
    "gaps": [],
    "warnings": []
  },
  "market_cap": null,
  "source": "SEC EDGAR",
  "last_updated": "2026-02-02T21:37:49.046903",
  "sector": "Technology",
  "industry": "Communication Equipment"
}