{
  "ticker": "EYE",
  "name": "National Vision Holdings, Inc.",
  "quarters": [
    {
      "date": "2021-01-02T00:00:00",
      "quarter_label": "2021-01 (Q1)",
      "revenue": 496696000,
      "gross_profit": 280215000,
      "operating_income": 56896000,
      "net_income": 35079000,
      "opex": 223319000,
      "cogs": 216481000,
      "rd": null,
      "sga": 199749000,
      "fcf": -4721000,
      "ocf": 31265000,
      "capex": -35986000,
      "gross_margin": 0.5641579557717397,
      "op_margin": 0.11454893939149903,
      "fcf_margin": -0.009504807769742458
    },
    {
      "date": "2021-04-03T00:00:00",
      "quarter_label": "2021-04 (Q2)",
      "revenue": 534180000,
      "gross_profit": 309490000,
      "operating_income": 61448000,
      "net_income": 43432000,
      "opex": 248042000,
      "cogs": 224690000,
      "rd": null,
      "sga": 223593000,
      "fcf": 81270000,
      "ocf": 97652000,
      "capex": -16382000,
      "gross_margin": 0.5793739937848665,
      "op_margin": 0.11503238608708675,
      "fcf_margin": 0.15213972818151186,
      "op_leverage_ratio": 0.6816787756339012,
      "fcf_margin_change": 0.16164453595125433
    },
    {
      "date": "2021-07-03T00:00:00",
      "quarter_label": "2021-07 (Q3)",
      "revenue": 549489000,
      "gross_profit": 313543000,
      "operating_income": 54829000,
      "net_income": 37601000,
      "opex": 258714000,
      "cogs": 235946000,
      "rd": null,
      "sga": 234235000,
      "fcf": 69726000,
      "ocf": 92156000,
      "capex": -22430000,
      "gross_margin": 0.5706083288291486,
      "op_margin": 0.09978179726982705,
      "fcf_margin": 0.12689244006704412,
      "op_leverage_ratio": 0.6660987324067945,
      "fcf_margin_change": -0.025247288114467747
    },
    {
      "date": "2021-10-02T00:00:00",
      "quarter_label": "2021-10 (Q4)",
      "revenue": 518005000,
      "gross_profit": 291547000,
      "operating_income": 50711000,
      "net_income": 40992000,
      "opex": 240836000,
      "cogs": 226458000,
      "rd": null,
      "sga": 218214000,
      "fcf": 23891000,
      "ocf": 43999000,
      "capex": -20108000,
      "gross_margin": 0.5628266136427255,
      "op_margin": 0.09789673844847058,
      "fcf_margin": 0.04612117643652088,
      "fcf_margin_change": -0.08077126363052323
    },
    {
      "date": "2022-01-01T00:00:00",
      "quarter_label": "2022-01 (Q1)",
      "revenue": 477851000,
      "gross_profit": 260166000,
      "operating_income": 7949000,
      "net_income": 6219000,
      "opex": 252217000,
      "cogs": 217685000,
      "rd": null,
      "sga": 224756000,
      "fcf": -11464000,
      "ocf": 25131000,
      "capex": -36595000,
      "gross_margin": 0.5444500482367934,
      "op_margin": 0.016634892466480138,
      "fcf_margin": -0.023990741883976385,
      "incr_op_margin_yoy": 2.5973467763332447,
      "rev_growth_yoy": -0.037940712226392,
      "fcf_margin_change": -0.07011191832049726
    },
    {
      "date": "2022-04-02T00:00:00",
      "quarter_label": "2022-04 (Q2)",
      "revenue": 527711000,
      "gross_profit": 291674000,
      "operating_income": 37332000,
      "net_income": 30147000,
      "opex": 254342000,
      "cogs": 236037000,
      "rd": null,
      "sga": 228554000,
      "fcf": 19020000,
      "ocf": 47117000,
      "capex": -28097000,
      "gross_margin": 0.552715406728304,
      "op_margin": 0.0707432666743729,
      "fcf_margin": 0.03604245505589233,
      "incr_op_margin_yoy": 3.727933219972175,
      "rev_growth_yoy": -0.012110150136658055,
      "rev_growth_yoy_accel": 0.025830562089733944,
      "op_leverage_ratio": 12.384406431391918,
      "fcf_margin_change": 0.06003319693986872
    },
    {
      "date": "2022-07-02T00:00:00",
      "quarter_label": "2022-07 (Q3)",
      "revenue": 509555000,
      "gross_profit": 274988000,
      "operating_income": 18371000,
      "net_income": 9734000,
      "opex": 256617000,
      "cogs": 234567000,
      "rd": null,
      "sga": 227829000,
      "fcf": 13297000,
      "ocf": 40914000,
      "capex": -27617000,
      "gross_margin": 0.5396630393186211,
      "op_margin": 0.03605302666051751,
      "fcf_margin": 0.026095318464150093,
      "incr_op_margin_yoy": 0.9129563780237392,
      "rev_growth_yoy": -0.07267479421790063,
      "rev_growth_yoy_accel": -0.060564644081242576,
      "fcf_margin_change": -0.00994713659174224
    },
    {
      "date": "2022-10-01T00:00:00",
      "quarter_label": "2022-10 (Q4)",
      "revenue": 499207000,
      "gross_profit": 266407000,
      "operating_income": 15359000,
      "net_income": 11502000,
      "opex": 251048000,
      "cogs": 232800000,
      "rd": null,
      "sga": 225028000,
      "fcf": 2900000,
      "ocf": 33306000,
      "capex": -30406000,
      "gross_margin": 0.5336603853711988,
      "op_margin": 0.03076679613867594,
      "fcf_margin": 0.005809213412472181,
      "incr_op_margin_yoy": 1.880625598467922,
      "rev_growth_yoy": -0.03628922500748062,
      "rev_growth_yoy_accel": 0.03638556921042001,
      "fcf_margin_change": -0.02028610505167791
    },
    {
      "date": "2022-12-31T00:00:00",
      "quarter_label": "2022-12 (Q4)",
      "revenue": 468931000,
      "gross_profit": 246748000,
      "operating_income": -9787000,
      "net_income": -9261000,
      "opex": 256535000,
      "cogs": 222183000,
      "rd": null,
      "sga": 233944000,
      "fcf": -29566000,
      "ocf": -2139000,
      "capex": -27427000,
      "gross_margin": 0.5261925528489266,
      "op_margin": -0.02087087439303437,
      "fcf_margin": -0.06304978770863943,
      "incr_op_margin_yoy": 1.9883408071748878,
      "rev_growth_yoy": -0.018666906629890907,
      "rev_growth_yoy_accel": 0.017622318377589714,
      "fcf_margin_change": -0.06885900112111161
    },
    {
      "date": "2023-04-01T00:00:00",
      "quarter_label": "2023-04 (Q2)",
      "revenue": 562369000,
      "gross_profit": 308317000,
      "operating_income": 33312000,
      "net_income": 18270000,
      "opex": 275005000,
      "cogs": 254052000,
      "rd": null,
      "sga": 249922000,
      "fcf": 46343000,
      "ocf": 74064000,
      "capex": -27721000,
      "gross_margin": 0.5482467916972664,
      "op_margin": 0.059235128536601414,
      "fcf_margin": 0.08240674717134124,
      "incr_op_margin_yoy": -0.11599053609556235,
      "rev_growth_yoy": 0.06567609922855502,
      "rev_growth_yoy_accel": 0.08434300585844592,
      "op_leverage_ratio": 2.767542637500506,
      "fcf_margin_change": 0.14545653487998067
    },
    {
      "date": "2023-07-01T00:00:00",
      "quarter_label": "2023-07 (Q3)",
      "revenue": 525340000,
      "gross_profit": 277501000,
      "operating_income": 7725000,
      "net_income": 5614000,
      "opex": 269776000,
      "cogs": 247839000,
      "rd": null,
      "sga": 243971000,
      "fcf": 11753000,
      "ocf": 38152000,
      "capex": -26399000,
      "gross_margin": 0.5282312407202955,
      "op_margin": 0.014704762629915864,
      "fcf_margin": 0.022372178018045457,
      "incr_op_margin_yoy": -0.6744377573645867,
      "rev_growth_yoy": 0.030978010224607746,
      "rev_growth_yoy_accel": -0.034698089003947274,
      "fcf_margin_change": -0.060034569153295775
    },
    {
      "date": "2023-09-30T00:00:00",
      "quarter_label": "2023-09 (Q3)",
      "revenue": 532356000,
      "gross_profit": 280330000,
      "operating_income": -74597000,
      "net_income": -73798000,
      "opex": 354927000,
      "cogs": 252026000,
      "rd": null,
      "sga": 249705000,
      "fcf": 13211000,
      "ocf": 41056000,
      "capex": -27845000,
      "gross_margin": 0.5265837146571092,
      "op_margin": -0.14012615618120206,
      "fcf_margin": 0.024816100504173898,
      "incr_op_margin_yoy": -2.713686687381218,
      "rev_growth_yoy": 0.0664033156586346,
      "rev_growth_yoy_accel": 0.035425305434026846,
      "op_leverage_ratio": 0.04231191378001554,
      "fcf_margin_change": 0.0024439224861284407
    },
    {
      "date": "2023-12-30T00:00:00",
      "quarter_label": "2023-12 (Q4)",
      "revenue": 420953000,
      "gross_profit": 236576000,
      "operating_income": -12418000,
      "net_income": -15987000,
      "opex": 272676000,
      "cogs": 184377000,
      "rd": null,
      "sga": 248285000,
      "fcf": -13048000,
      "ocf": 19761000,
      "capex": -32809000,
      "gross_margin": 0.5620009834827165,
      "op_margin": -0.029499730373699677,
      "fcf_margin": -0.030996334507652875,
      "incr_op_margin_yoy": 0.05483763391554462,
      "rev_growth_yoy": -0.10231355999070225,
      "rev_growth_yoy_accel": -0.16871687564933685,
      "fcf_margin_change": -0.05581243501182677
    },
    {
      "date": "2024-03-30T00:00:00",
      "quarter_label": "2024-03 (Q1)",
      "revenue": 542523000,
      "gross_profit": 293857000,
      "operating_income": 24410000,
      "net_income": 11685000,
      "opex": 269447000,
      "cogs": 248666000,
      "rd": null,
      "sga": 245366000,
      "fcf": 3973000,
      "ocf": 23987000,
      "capex": -20014000,
      "gross_margin": 0.5416489254833435,
      "op_margin": 0.04499348414721588,
      "fcf_margin": 0.007323191827811908,
      "incr_op_margin_yoy": 0.44855386475864156,
      "rev_growth_yoy": -0.03528999642583428,
      "rev_growth_yoy_accel": 0.06702356356486797,
      "op_leverage_ratio": Infinity,
      "fcf_margin_change": 0.03831952633546478
    },
    {
      "date": "2024-06-29T00:00:00",
      "quarter_label": "2024-06 (Q2)",
      "revenue": 451733000,
      "gross_profit": 258153000,
      "operating_income": 591000,
      "net_income": -3125000,
      "opex": 257562000,
      "cogs": 193580000,
      "rd": null,
      "sga": 231353000,
      "fcf": 31855000,
      "ocf": 51461000,
      "capex": -19606000,
      "gross_margin": 0.5714725291267186,
      "op_margin": 0.0013082949441373555,
      "fcf_margin": 0.07051731885870637,
      "incr_op_margin_yoy": 0.09692012987895172,
      "rev_growth_yoy": -0.14011306963109604,
      "rev_growth_yoy_accel": -0.10482307320526177,
      "fcf_margin_change": 0.06319412703089446
    },
    {
      "date": "2024-09-28T00:00:00",
      "quarter_label": "2024-09 (Q3)",
      "revenue": 451515000,
      "gross_profit": 261586000,
      "operating_income": -8821000,
      "net_income": -8468000,
      "opex": 270407000,
      "cogs": 189929000,
      "rd": null,
      "sga": 233991000,
      "fcf": 4054000,
      "ocf": 27919000,
      "capex": -23865000,
      "gross_margin": 0.579351738037496,
      "op_margin": -0.019536449508875675,
      "fcf_margin": 0.008978660731094205,
      "incr_op_margin_yoy": -0.8136465407404658,
      "rev_growth_yoy": -0.1518551495615716,
      "rev_growth_yoy_accel": -0.011742079930475546,
      "fcf_margin_change": -0.06153865812761216
    },
    {
      "date": "2024-12-28T00:00:00",
      "quarter_label": "2024-12 (Q4)",
      "revenue": 437278000,
      "gross_profit": 252277000,
      "operating_income": -25571000,
      "net_income": -28591000,
      "opex": 277848000,
      "cogs": 185001000,
      "rd": null,
      "sga": 233052000,
      "fcf": -1738000,
      "ocf": 30282000,
      "capex": -32020000,
      "gross_margin": 0.5769258915381061,
      "op_margin": -0.05847767324219375,
      "fcf_margin": -0.003974588248208234,
      "incr_op_margin_yoy": -0.8056967840735069,
      "rev_growth_yoy": 0.038781051566326885,
      "rev_growth_yoy_accel": 0.19063620112789847,
      "fcf_margin_change": -0.012953248979302438
    },
    {
      "date": "2025-03-29T00:00:00",
      "quarter_label": "2025-03 (Q1)",
      "revenue": 510324000,
      "gross_profit": 305134000,
      "operating_income": 26137000,
      "net_income": 14186000,
      "opex": 278997000,
      "cogs": 205190000,
      "rd": null,
      "sga": 255532000,
      "fcf": 12014000,
      "ocf": 32239000,
      "capex": -20225000,
      "gross_margin": 0.5979221043885845,
      "op_margin": 0.05121648207805238,
      "fcf_margin": 0.023541906710246824,
      "incr_op_margin_yoy": -0.05363520606230007,
      "rev_growth_yoy": -0.05935047915019271,
      "rev_growth_yoy_accel": -0.09813153071651959,
      "op_leverage_ratio": 40.3948553463375,
      "fcf_margin_change": 0.027516494958455057
    },
    {
      "date": "2025-06-28T00:00:00",
      "quarter_label": "2025-06 (Q2)",
      "revenue": 486423000,
      "gross_profit": 286052000,
      "operating_income": 16449000,
      "net_income": 8725000,
      "opex": 269603000,
      "cogs": 200371000,
      "rd": null,
      "sga": 247167000,
      "fcf": 42411000,
      "ocf": 54261000,
      "capex": -11850000,
      "gross_margin": 0.5880725212417999,
      "op_margin": 0.03381624635348246,
      "fcf_margin": 0.08718954490227641,
      "incr_op_margin_yoy": 0.4571346209282214,
      "rev_growth_yoy": 0.07679314993591348,
      "rev_growth_yoy_accel": 0.1361436290861062,
      "fcf_margin_change": 0.06364763819202959
    },
    {
      "date": "2025-09-27T00:00:00",
      "quarter_label": "2025-09 (Q3)",
      "revenue": 487330000,
      "gross_profit": 284131000,
      "operating_income": 9608000,
      "net_income": 3372000,
      "opex": 274523000,
      "cogs": 203199000,
      "rd": null,
      "sga": 252339000,
      "fcf": 30268000,
      "ocf": 46634000,
      "capex": -16366000,
      "gross_margin": 0.5830361356780827,
      "op_margin": 0.01971559312991197,
      "fcf_margin": 0.06210986395255781,
      "incr_op_margin_yoy": 0.5145609381544046,
      "rev_growth_yoy": 0.07932183869860358,
      "rev_growth_yoy_accel": 0.0025286887626901067,
      "fcf_margin_change": -0.025079680949718602
    }
  ],
  "signals": [
    {
      "quarter": "2025-09 (Q3)",
      "signal": "OP MARGIN TURNED POSITIVE (YoY)",
      "detail": "Op margin: -2.0% (year-ago) -> +2.0%",
      "severity": "HIGH"
    },
    {
      "quarter": "2025-06 (Q2)",
      "signal": "FCF MARGIN EXPANSION",
      "detail": "FCF margin: +2.4% -> +8.7% (+6.4%)",
      "severity": "MEDIUM"
    },
    {
      "quarter": "2025-06 (Q2)",
      "signal": "YoY REVENUE GROWTH ACCELERATION",
      "detail": "YoY growth: +7.7% vs prior quarter YoY: -5.9% (accel: +13.6%)",
      "severity": "MEDIUM"
    },
    {
      "quarter": "2025-06 (Q2)",
      "signal": "INCREMENTAL MARGIN (YoY)",
      "detail": "YoY Incr OPM: +45.7% vs year-ago OPM: +0.1%",
      "severity": "HIGH"
    },
    {
      "quarter": "2025-03 (Q1)",
      "signal": "FCF TURNED POSITIVE",
      "detail": "FCF margin: -0.4% -> +2.4%",
      "severity": "HIGH"
    },
    {
      "quarter": "2025-03 (Q1)",
      "signal": "OPERATING LEVERAGE",
      "detail": "Rev growth +16.7% vs OpEx growth +0.4% (leverage: 40.4x)",
      "severity": "MEDIUM"
    },
    {
      "quarter": "2025-03 (Q1)",
      "signal": "GROSS MARGIN INFLECTION",
      "detail": "GM: +57.9% -> +57.7% -> +59.8% (reversal +2.1%)",
      "severity": "MEDIUM"
    },
    {
      "quarter": "2025-03 (Q1)",
      "signal": "YoY REVENUE GROWTH DECELERATION",
      "detail": "YoY growth: -5.9% vs prior quarter YoY: +3.9% (decel: -9.8%)",
      "severity": "WARNING"
    },
    {
      "quarter": "2025-03 (Q1)",
      "signal": "OP MARGIN TURNED POSITIVE (QoQ)",
      "detail": "Op margin: -5.8% -> +5.1%",
      "severity": "HIGH"
    },
    {
      "quarter": "2024-12 (Q4)",
      "signal": "YoY REVENUE GROWTH ACCELERATION",
      "detail": "YoY growth: +3.9% vs prior quarter YoY: -15.2% (accel: +19.1%)",
      "severity": "HIGH"
    },
    {
      "quarter": "2024-06 (Q2)",
      "signal": "FCF MARGIN EXPANSION",
      "detail": "FCF margin: +0.7% -> +7.1% (+6.3%)",
      "severity": "MEDIUM"
    },
    {
      "quarter": "2024-06 (Q2)",
      "signal": "GROSS MARGIN INFLECTION",
      "detail": "GM: +56.2% -> +54.2% -> +57.1% (reversal +3.0%)",
      "severity": "MEDIUM"
    },
    {
      "quarter": "2024-06 (Q2)",
      "signal": "YoY REVENUE GROWTH DECELERATION",
      "detail": "YoY growth: -14.0% vs prior quarter YoY: -3.5% (decel: -10.5%)",
      "severity": "WARNING"
    },
    {
      "quarter": "2024-03 (Q1)",
      "signal": "FCF TURNED POSITIVE",
      "detail": "FCF margin: -3.1% -> +0.7%",
      "severity": "HIGH"
    },
    {
      "quarter": "2024-03 (Q1)",
      "signal": "YoY REVENUE GROWTH ACCELERATION",
      "detail": "YoY growth: -3.5% vs prior quarter YoY: -10.2% (accel: +6.7%)",
      "severity": "MEDIUM"
    },
    {
      "quarter": "2024-03 (Q1)",
      "signal": "INCREMENTAL MARGIN (YoY)",
      "detail": "YoY Incr OPM: +44.9% vs year-ago OPM: +5.9%",
      "severity": "HIGH"
    },
    {
      "quarter": "2024-03 (Q1)",
      "signal": "OP MARGIN TURNED POSITIVE (QoQ)",
      "detail": "Op margin: -2.9% -> +4.5%",
      "severity": "HIGH"
    },
    {
      "quarter": "2023-12 (Q4)",
      "signal": "GROSS MARGIN INFLECTION",
      "detail": "GM: +52.8% -> +52.7% -> +56.2% (reversal +3.5%)",
      "severity": "MEDIUM"
    },
    {
      "quarter": "2023-12 (Q4)",
      "signal": "YoY REVENUE GROWTH DECELERATION",
      "detail": "YoY growth: -10.2% vs prior quarter YoY: +6.6% (decel: -16.9%)",
      "severity": "WARNING"
    },
    {
      "quarter": "2023-04 (Q2)",
      "signal": "FCF TURNED POSITIVE",
      "detail": "FCF margin: -6.3% -> +8.2%",
      "severity": "HIGH"
    },
    {
      "quarter": "2023-04 (Q2)",
      "signal": "OPERATING LEVERAGE",
      "detail": "Rev growth +19.9% vs OpEx growth +7.2% (leverage: 2.8x)",
      "severity": "MEDIUM"
    },
    {
      "quarter": "2023-04 (Q2)",
      "signal": "GROSS MARGIN INFLECTION",
      "detail": "GM: +53.4% -> +52.6% -> +54.8% (reversal +2.2%)",
      "severity": "MEDIUM"
    },
    {
      "quarter": "2023-04 (Q2)",
      "signal": "YoY REVENUE GROWTH ACCELERATION",
      "detail": "YoY growth: +6.6% vs prior quarter YoY: -1.9% (accel: +8.4%)",
      "severity": "MEDIUM"
    },
    {
      "quarter": "2023-04 (Q2)",
      "signal": "OP MARGIN TURNED POSITIVE (QoQ)",
      "detail": "Op margin: -2.1% -> +5.9%",
      "severity": "HIGH"
    },
    {
      "quarter": "2022-10 (Q4)",
      "signal": "INCREMENTAL MARGIN (YoY)",
      "detail": "YoY Incr OPM: +188.1% vs year-ago OPM: +9.8%",
      "severity": "HIGH"
    },
    {
      "quarter": "2022-07 (Q3)",
      "signal": "YoY REVENUE GROWTH DECELERATION",
      "detail": "YoY growth: -7.3% vs prior quarter YoY: -1.2% (decel: -6.1%)",
      "severity": "WARNING"
    },
    {
      "quarter": "2022-07 (Q3)",
      "signal": "INCREMENTAL MARGIN (YoY)",
      "detail": "YoY Incr OPM: +91.3% vs year-ago OPM: +10.0%",
      "severity": "HIGH"
    },
    {
      "quarter": "2022-04 (Q2)",
      "signal": "FCF TURNED POSITIVE",
      "detail": "FCF margin: -2.4% -> +3.6%",
      "severity": "HIGH"
    },
    {
      "quarter": "2022-04 (Q2)",
      "signal": "OPERATING LEVERAGE",
      "detail": "Rev growth +10.4% vs OpEx growth +0.8% (leverage: 12.4x)",
      "severity": "MEDIUM"
    },
    {
      "quarter": "2022-04 (Q2)",
      "signal": "INCREMENTAL MARGIN (YoY)",
      "detail": "YoY Incr OPM: +372.8% vs year-ago OPM: +11.5%",
      "severity": "HIGH"
    },
    {
      "quarter": "2022-01 (Q1)",
      "signal": "INCREMENTAL MARGIN (YoY)",
      "detail": "YoY Incr OPM: +259.7% vs year-ago OPM: +11.5%",
      "severity": "HIGH"
    },
    {
      "quarter": "2021-04 (Q2)",
      "signal": "FCF TURNED POSITIVE",
      "detail": "FCF margin: -1.0% -> +15.2%",
      "severity": "HIGH"
    }
  ],
  "data_quality": {
    "n_quarters": 20,
    "coverage": {
      "revenue": [
        20,
        20
      ],
      "gross_profit": [
        20,
        20
      ],
      "op_income": [
        20,
        20
      ],
      "fcf": [
        20,
        20
      ]
    },
    "gaps": [],
    "warnings": []
  },
  "market_cap": null,
  "source": "SEC EDGAR",
  "last_updated": "2026-02-02T21:35:21.574054",
  "sector": "Consumer Cyclical",
  "industry": "Specialty Retail"
}