{
  "ticker": "FA",
  "name": "First Advantage Corporation",
  "quarters": [
    {
      "date": "2020-09-30T00:00:00",
      "quarter_label": "2020-09 (Q3)",
      "revenue": 136778000,
      "gross_profit": null,
      "operating_income": 5289000,
      "net_income": -3452000,
      "opex": 131489000,
      "cogs": null,
      "rd": 8343000,
      "sga": 18907000,
      "fcf": null,
      "ocf": null,
      "capex": null,
      "gross_margin": null,
      "op_margin": 0.038668499320066094,
      "fcf_margin": null
    },
    {
      "date": "2021-03-31T00:00:00",
      "quarter_label": "2021-03 (Q1)",
      "revenue": 132070000,
      "gross_profit": null,
      "operating_income": -3169000,
      "net_income": -19389000,
      "opex": 135239000,
      "cogs": null,
      "rd": 10553000,
      "sga": 23978000,
      "fcf": 22270000,
      "ocf": 23713000,
      "capex": -1443000,
      "gross_margin": null,
      "op_margin": -0.023994851215264634,
      "fcf_margin": 0.16862270008328917
    },
    {
      "date": "2021-06-30T00:00:00",
      "quarter_label": "2021-06 (Q2)",
      "revenue": 174826000,
      "gross_profit": null,
      "operating_income": 17285000,
      "net_income": 3770000,
      "opex": 157541000,
      "cogs": null,
      "rd": 11680000,
      "sga": 25075000,
      "fcf": 29987000,
      "ocf": 32385000,
      "capex": -2398000,
      "gross_margin": null,
      "op_margin": 0.09886973333485866,
      "fcf_margin": 0.1715248304028005,
      "op_leverage_ratio": 1.9631389049663643,
      "fcf_margin_change": 0.002902130319511337
    },
    {
      "date": "2021-09-30T00:00:00",
      "quarter_label": "2021-09 (Q3)",
      "revenue": 192867000,
      "gross_profit": null,
      "operating_income": 24388000,
      "net_income": 16285000,
      "opex": 168479000,
      "cogs": null,
      "rd": 11313000,
      "sga": 27203000,
      "fcf": 25860000,
      "ocf": 27762000,
      "capex": -1902000,
      "gross_margin": null,
      "op_margin": 0.12644983330481627,
      "fcf_margin": 0.13408203580705874,
      "incr_op_margin_yoy": 0.3405123999358163,
      "rev_growth_yoy": 0.4100732573951951,
      "op_leverage_ratio": 1.4863129585761394,
      "fcf_margin_change": -0.03744279459574176
    },
    {
      "date": "2021-12-31T00:00:00",
      "quarter_label": "2021-12 (Q4)",
      "revenue": 212532000,
      "gross_profit": null,
      "operating_income": 25319000,
      "net_income": 15385000,
      "opex": 187213000,
      "cogs": null,
      "rd": 11961000,
      "sga": 31724000,
      "fcf": 63247000,
      "ocf": 64817000,
      "capex": -1570000,
      "gross_margin": null,
      "op_margin": 0.11913029567312217,
      "fcf_margin": 0.2975881279054448,
      "op_leverage_ratio": 0.9169618889751675,
      "fcf_margin_change": 0.16350609209838607
    },
    {
      "date": "2022-03-31T00:00:00",
      "quarter_label": "2022-03 (Q1)",
      "revenue": 189881000,
      "gross_profit": null,
      "operating_income": 17098000,
      "net_income": 13013000,
      "opex": 172783000,
      "cogs": null,
      "rd": 13773000,
      "sga": 28545000,
      "fcf": 38674000,
      "ocf": 41583000,
      "capex": -2909000,
      "gross_margin": null,
      "op_margin": 0.09004587083489132,
      "fcf_margin": 0.20367493324766564,
      "incr_op_margin_yoy": 0.3505734202833371,
      "rev_growth_yoy": 0.4377299916710835,
      "fcf_margin_change": -0.09391319465777917
    },
    {
      "date": "2022-06-30T00:00:00",
      "quarter_label": "2022-06 (Q2)",
      "revenue": 201561000,
      "gross_profit": null,
      "operating_income": 22780000,
      "net_income": 14236000,
      "opex": 178781000,
      "cogs": null,
      "rd": 12946000,
      "sga": 31136000,
      "fcf": 52573000,
      "ocf": 54829000,
      "capex": -2256000,
      "gross_margin": null,
      "op_margin": 0.11301789532697297,
      "fcf_margin": 0.2608292278764245,
      "incr_op_margin_yoy": 0.20553581447540678,
      "rev_growth_yoy": 0.15292347820118288,
      "rev_growth_yoy_accel": -0.2848065134699006,
      "op_leverage_ratio": 1.7719680274505616,
      "fcf_margin_change": 0.057154294628758845
    },
    {
      "date": "2022-09-30T00:00:00",
      "quarter_label": "2022-09 (Q3)",
      "revenue": 205986000,
      "gross_profit": null,
      "operating_income": 25658000,
      "net_income": 17209000,
      "opex": 180328000,
      "cogs": null,
      "rd": 13250000,
      "sga": 28034000,
      "fcf": 45561000,
      "ocf": 46430000,
      "capex": -869000,
      "gross_margin": null,
      "op_margin": 0.12456186342761158,
      "fcf_margin": 0.22118493489848826,
      "incr_op_margin_yoy": 0.0968061590060218,
      "rev_growth_yoy": 0.06802096781720045,
      "rev_growth_yoy_accel": -0.08490251038398243,
      "op_leverage_ratio": 2.53710136598458,
      "fcf_margin_change": -0.03964429297793623
    },
    {
      "date": "2022-12-31T00:00:00",
      "quarter_label": "2022-12 (Q4)",
      "revenue": 212595000,
      "gross_profit": null,
      "operating_income": 28742000,
      "net_income": 20146000,
      "opex": 183853000,
      "cogs": null,
      "rd": 11962000,
      "sga": 28925000,
      "fcf": 69797000,
      "ocf": 69928000,
      "capex": -131000,
      "gross_margin": null,
      "op_margin": 0.13519603001011313,
      "fcf_margin": 0.3283096968414121,
      "rev_growth_yoy": 0.00029642594997459205,
      "rev_growth_yoy_accel": -0.06772454186722586,
      "op_leverage_ratio": 1.6413533743565718,
      "fcf_margin_change": 0.10712476194292384
    },
    {
      "date": "2023-03-31T00:00:00",
      "quarter_label": "2023-03 (Q1)",
      "revenue": 175520000,
      "gross_profit": null,
      "operating_income": 11287000,
      "net_income": 1925000,
      "opex": 164233000,
      "cogs": null,
      "rd": 12624000,
      "sga": 28682000,
      "fcf": 38557000,
      "ocf": 38599000,
      "capex": -42000,
      "gross_margin": null,
      "op_margin": 0.06430606198723793,
      "fcf_margin": 0.2196729717411121,
      "incr_op_margin_yoy": 0.4046375600584918,
      "rev_growth_yoy": -0.07563157977891416,
      "rev_growth_yoy_accel": -0.07592800572888875,
      "fcf_margin_change": -0.10863672510029998
    },
    {
      "date": "2023-06-30T00:00:00",
      "quarter_label": "2023-06 (Q2)",
      "revenue": 185315000,
      "gross_profit": null,
      "operating_income": 17637000,
      "net_income": 9782000,
      "opex": 167678000,
      "cogs": null,
      "rd": 12643000,
      "sga": 29982000,
      "fcf": 32477000,
      "ocf": 33123000,
      "capex": -646000,
      "gross_margin": null,
      "op_margin": 0.0951730836683485,
      "fcf_margin": 0.17525294768367375,
      "incr_op_margin_yoy": 0.3165702326726579,
      "rev_growth_yoy": -0.0806009098982442,
      "rev_growth_yoy_accel": -0.00496933011933004,
      "op_leverage_ratio": 2.6604128077895517,
      "fcf_margin_change": -0.04442002405743836
    },
    {
      "date": "2023-09-30T00:00:00",
      "quarter_label": "2023-09 (Q3)",
      "revenue": 200364000,
      "gross_profit": null,
      "operating_income": 23211000,
      "net_income": 10773000,
      "opex": 177153000,
      "cogs": null,
      "rd": 13107000,
      "sga": 30217000,
      "fcf": 33248000,
      "ocf": 34358000,
      "capex": -1110000,
      "gross_margin": null,
      "op_margin": 0.11584416362220758,
      "fcf_margin": 0.16593799285300753,
      "incr_op_margin_yoy": 0.4352543578797581,
      "rev_growth_yoy": -0.027293117007951995,
      "rev_growth_yoy_accel": 0.05330779289029221,
      "op_leverage_ratio": 1.4371229829947254,
      "fcf_margin_change": -0.009314954830666217
    },
    {
      "date": "2023-12-31T00:00:00",
      "quarter_label": "2023-12 (Q4)",
      "revenue": 202562000,
      "gross_profit": null,
      "operating_income": 29381000,
      "net_income": 14813000,
      "opex": 173181000,
      "cogs": null,
      "rd": 10889000,
      "sga": 27851000,
      "fcf": 56453000,
      "ocf": 56740000,
      "capex": -287000,
      "gross_margin": null,
      "op_margin": 0.14504694858858028,
      "fcf_margin": 0.27869491809914987,
      "incr_op_margin_yoy": -0.06368982358217881,
      "rev_growth_yoy": -0.047193019591241565,
      "rev_growth_yoy_accel": -0.01989990258328957,
      "op_leverage_ratio": Infinity,
      "fcf_margin_change": 0.11275692524614234
    },
    {
      "date": "2024-03-31T00:00:00",
      "quarter_label": "2024-03 (Q1)",
      "revenue": 169416000,
      "gross_profit": null,
      "operating_income": -726000,
      "net_income": -2908000,
      "opex": 170142000,
      "cogs": null,
      "rd": 12466000,
      "sga": 40662000,
      "fcf": 38008000,
      "ocf": 38329000,
      "capex": -321000,
      "gross_margin": null,
      "op_margin": -0.004285309533928318,
      "fcf_margin": 0.22434716909855032,
      "incr_op_margin_yoy": 1.96805373525557,
      "rev_growth_yoy": -0.03477666362807657,
      "rev_growth_yoy_accel": 0.012416355963164996,
      "fcf_margin_change": -0.05434774900059955
    },
    {
      "date": "2024-06-30T00:00:00",
      "quarter_label": "2024-06 (Q2)",
      "revenue": 184546000,
      "gross_profit": null,
      "operating_income": 9903000,
      "net_income": 1861000,
      "opex": 174643000,
      "cogs": null,
      "rd": 13677000,
      "sga": 38640000,
      "fcf": 31394000,
      "ocf": 32043000,
      "capex": -649000,
      "gross_margin": null,
      "op_margin": 0.05366141774950419,
      "fcf_margin": 0.17011476813369025,
      "rev_growth_yoy": -0.0041496910665623395,
      "rev_growth_yoy_accel": 0.03062697256151423,
      "op_leverage_ratio": 3.375880189568615,
      "fcf_margin_change": -0.05423240096486007
    },
    {
      "date": "2024-09-30T00:00:00",
      "quarter_label": "2024-09 (Q3)",
      "revenue": 199119000,
      "gross_profit": null,
      "operating_income": 9113000,
      "net_income": -8860000,
      "opex": 190006000,
      "cogs": null,
      "rd": 12909000,
      "sga": 46050000,
      "fcf": 43074000,
      "ocf": 43490000,
      "capex": -416000,
      "gross_margin": null,
      "op_margin": 0.04576660188128707,
      "fcf_margin": 0.21632290238500596,
      "incr_op_margin_yoy": 11.323694779116465,
      "rev_growth_yoy": -0.006213691082230341,
      "rev_growth_yoy_accel": -0.0020640000156680015,
      "op_leverage_ratio": 0.8976757247371266,
      "fcf_margin_change": 0.0462081342513157
    },
    {
      "date": "2024-12-31T00:00:00",
      "quarter_label": "2024-12 (Q4)",
      "revenue": 307124000,
      "gross_profit": null,
      "operating_income": -80674000,
      "net_income": -100366000,
      "opex": 387798000,
      "cogs": null,
      "rd": 24765000,
      "sga": 138590000,
      "fcf": -86000000,
      "ocf": -85666000,
      "capex": -334000,
      "gross_margin": null,
      "op_margin": -0.26267566194761727,
      "fcf_margin": -0.2800171917531681,
      "incr_op_margin_yoy": -1.0525334251448901,
      "rev_growth_yoy": 0.516197509898204,
      "rev_growth_yoy_accel": 0.5224112009804344,
      "op_leverage_ratio": 0.5210624199351419,
      "fcf_margin_change": -0.49634009413817404
    },
    {
      "date": "2025-03-31T00:00:00",
      "quarter_label": "2025-03 (Q1)",
      "revenue": 354588000,
      "gross_profit": null,
      "operating_income": 7617000,
      "net_income": -41194000,
      "opex": 346971000,
      "cogs": null,
      "rd": 27155000,
      "sga": 65585000,
      "fcf": 18986000,
      "ocf": 19471000,
      "capex": -485000,
      "gross_margin": null,
      "op_margin": 0.021481268401637957,
      "fcf_margin": 0.05354383115051835,
      "incr_op_margin_yoy": 0.045055407945045686,
      "rev_growth_yoy": 1.0930018416206262,
      "rev_growth_yoy_accel": 0.5768043317224222,
      "op_leverage_ratio": Infinity,
      "fcf_margin_change": 0.33356102290368644
    },
    {
      "date": "2025-06-30T00:00:00",
      "quarter_label": "2025-06 (Q2)",
      "revenue": 390633000,
      "gross_profit": null,
      "operating_income": 37737000,
      "net_income": 308000,
      "opex": 352896000,
      "cogs": null,
      "rd": 25676000,
      "sga": 57473000,
      "fcf": 36112000,
      "ocf": 37345000,
      "capex": -1233000,
      "gross_margin": null,
      "op_margin": 0.09660474153489336,
      "fcf_margin": 0.09244482672994857,
      "incr_op_margin_yoy": 0.13505946517732803,
      "rev_growth_yoy": 1.1167242855439836,
      "rev_growth_yoy_accel": 0.023722443923357428,
      "op_leverage_ratio": 5.9528620557743395,
      "fcf_margin_change": 0.03890099557943022
    },
    {
      "date": "2025-09-30T00:00:00",
      "quarter_label": "2025-09 (Q3)",
      "revenue": 409151000,
      "gross_profit": null,
      "operating_income": 42243000,
      "net_income": 2593000,
      "opex": 366908000,
      "cogs": null,
      "rd": 25136000,
      "sga": 57459000,
      "fcf": 71240000,
      "ocf": 72369000,
      "capex": -1129000,
      "gross_margin": null,
      "op_margin": 0.10324550104973469,
      "fcf_margin": 0.1741166464214923,
      "incr_op_margin_yoy": 0.15773786851527385,
      "rev_growth_yoy": 1.0548064222901883,
      "rev_growth_yoy_accel": -0.061917863253795336,
      "op_leverage_ratio": 1.1939104621936087,
      "fcf_margin_change": 0.08167181969154373
    }
  ],
  "signals": [
    {
      "quarter": "2025-09 (Q3)",
      "signal": "FCF MARGIN EXPANSION",
      "detail": "FCF margin: +9.2% -> +17.4% (+8.2%)",
      "severity": "MEDIUM"
    },
    {
      "quarter": "2025-09 (Q3)",
      "signal": "YoY REVENUE GROWTH DECELERATION",
      "detail": "YoY growth: +105.5% vs prior quarter YoY: +111.7% (decel: -6.2%)",
      "severity": "WARNING"
    },
    {
      "quarter": "2025-09 (Q3)",
      "signal": "INCREMENTAL MARGIN (YoY)",
      "detail": "YoY Incr OPM: +15.8% vs year-ago OPM: +4.6%",
      "severity": "MEDIUM"
    },
    {
      "quarter": "2025-06 (Q2)",
      "signal": "OPERATING LEVERAGE",
      "detail": "Rev growth +10.2% vs OpEx growth +1.7% (leverage: 6.0x)",
      "severity": "MEDIUM"
    },
    {
      "quarter": "2025-03 (Q1)",
      "signal": "FCF TURNED POSITIVE",
      "detail": "FCF margin: -28.0% -> +5.4%",
      "severity": "HIGH"
    },
    {
      "quarter": "2025-03 (Q1)",
      "signal": "YoY REVENUE GROWTH ACCELERATION",
      "detail": "YoY growth: +109.3% vs prior quarter YoY: +51.6% (accel: +57.7%)",
      "severity": "HIGH"
    },
    {
      "quarter": "2025-03 (Q1)",
      "signal": "OP MARGIN TURNED POSITIVE (YoY)",
      "detail": "Op margin: -0.4% (year-ago) -> +2.1%",
      "severity": "HIGH"
    },
    {
      "quarter": "2025-03 (Q1)",
      "signal": "OP MARGIN TURNED POSITIVE (QoQ)",
      "detail": "Op margin: -26.3% -> +2.1%",
      "severity": "HIGH"
    },
    {
      "quarter": "2024-12 (Q4)",
      "signal": "YoY REVENUE GROWTH ACCELERATION",
      "detail": "YoY growth: +51.6% vs prior quarter YoY: -0.6% (accel: +52.2%)",
      "severity": "HIGH"
    },
    {
      "quarter": "2024-09 (Q3)",
      "signal": "INCREMENTAL MARGIN (YoY)",
      "detail": "YoY Incr OPM: +1132.4% vs year-ago OPM: +11.6%",
      "severity": "HIGH"
    },
    {
      "quarter": "2024-06 (Q2)",
      "signal": "OPERATING LEVERAGE",
      "detail": "Rev growth +8.9% vs OpEx growth +2.6% (leverage: 3.4x)",
      "severity": "MEDIUM"
    },
    {
      "quarter": "2024-06 (Q2)",
      "signal": "OP MARGIN TURNED POSITIVE (QoQ)",
      "detail": "Op margin: -0.4% -> +5.4%",
      "severity": "HIGH"
    },
    {
      "quarter": "2023-12 (Q4)",
      "signal": "FCF MARGIN EXPANSION",
      "detail": "FCF margin: +16.6% -> +27.9% (+11.3%)",
      "severity": "MEDIUM"
    },
    {
      "quarter": "2023-09 (Q3)",
      "signal": "YoY REVENUE GROWTH ACCELERATION",
      "detail": "YoY growth: -2.7% vs prior quarter YoY: -8.1% (accel: +5.3%)",
      "severity": "MEDIUM"
    },
    {
      "quarter": "2023-09 (Q3)",
      "signal": "INCREMENTAL MARGIN (YoY)",
      "detail": "YoY Incr OPM: +43.5% vs year-ago OPM: +12.5%",
      "severity": "HIGH"
    },
    {
      "quarter": "2023-06 (Q2)",
      "signal": "OPERATING LEVERAGE",
      "detail": "Rev growth +5.6% vs OpEx growth +2.1% (leverage: 2.7x)",
      "severity": "MEDIUM"
    },
    {
      "quarter": "2023-06 (Q2)",
      "signal": "INCREMENTAL MARGIN (YoY)",
      "detail": "YoY Incr OPM: +31.7% vs year-ago OPM: +11.3%",
      "severity": "HIGH"
    },
    {
      "quarter": "2023-03 (Q1)",
      "signal": "YoY REVENUE GROWTH DECELERATION",
      "detail": "YoY growth: -7.6% vs prior quarter YoY: +0.0% (decel: -7.6%)",
      "severity": "WARNING"
    },
    {
      "quarter": "2023-03 (Q1)",
      "signal": "INCREMENTAL MARGIN (YoY)",
      "detail": "YoY Incr OPM: +40.5% vs year-ago OPM: +9.0%",
      "severity": "HIGH"
    },
    {
      "quarter": "2022-12 (Q4)",
      "signal": "FCF MARGIN EXPANSION",
      "detail": "FCF margin: +22.1% -> +32.8% (+10.7%)",
      "severity": "MEDIUM"
    },
    {
      "quarter": "2022-12 (Q4)",
      "signal": "OPERATING LEVERAGE",
      "detail": "Rev growth +3.2% vs OpEx growth +2.0% (leverage: 1.6x)",
      "severity": "MEDIUM"
    },
    {
      "quarter": "2022-12 (Q4)",
      "signal": "YoY REVENUE GROWTH DECELERATION",
      "detail": "YoY growth: +0.0% vs prior quarter YoY: +6.8% (decel: -6.8%)",
      "severity": "WARNING"
    },
    {
      "quarter": "2022-09 (Q3)",
      "signal": "OPERATING LEVERAGE",
      "detail": "Rev growth +2.2% vs OpEx growth +0.9% (leverage: 2.5x)",
      "severity": "MEDIUM"
    },
    {
      "quarter": "2022-09 (Q3)",
      "signal": "YoY REVENUE GROWTH DECELERATION",
      "detail": "YoY growth: +6.8% vs prior quarter YoY: +15.3% (decel: -8.5%)",
      "severity": "WARNING"
    },
    {
      "quarter": "2022-06 (Q2)",
      "signal": "FCF MARGIN EXPANSION",
      "detail": "FCF margin: +20.4% -> +26.1% (+5.7%)",
      "severity": "MEDIUM"
    },
    {
      "quarter": "2022-06 (Q2)",
      "signal": "OPERATING LEVERAGE",
      "detail": "Rev growth +6.2% vs OpEx growth +3.5% (leverage: 1.8x)",
      "severity": "MEDIUM"
    },
    {
      "quarter": "2022-06 (Q2)",
      "signal": "YoY REVENUE GROWTH DECELERATION",
      "detail": "YoY growth: +15.3% vs prior quarter YoY: +43.8% (decel: -28.5%)",
      "severity": "WARNING"
    },
    {
      "quarter": "2022-06 (Q2)",
      "signal": "INCREMENTAL MARGIN (YoY)",
      "detail": "YoY Incr OPM: +20.6% vs year-ago OPM: +9.9%",
      "severity": "MEDIUM"
    },
    {
      "quarter": "2022-03 (Q1)",
      "signal": "OP MARGIN TURNED POSITIVE (YoY)",
      "detail": "Op margin: -2.4% (year-ago) -> +9.0%",
      "severity": "HIGH"
    },
    {
      "quarter": "2021-12 (Q4)",
      "signal": "FCF MARGIN EXPANSION",
      "detail": "FCF margin: +13.4% -> +29.8% (+16.4%)",
      "severity": "MEDIUM"
    },
    {
      "quarter": "2021-09 (Q3)",
      "signal": "INCREMENTAL MARGIN (YoY)",
      "detail": "YoY Incr OPM: +34.1% vs year-ago OPM: +3.9%",
      "severity": "HIGH"
    },
    {
      "quarter": "2021-06 (Q2)",
      "signal": "OPERATING LEVERAGE",
      "detail": "Rev growth +32.4% vs OpEx growth +16.5% (leverage: 2.0x)",
      "severity": "MEDIUM"
    },
    {
      "quarter": "2021-06 (Q2)",
      "signal": "OP MARGIN TURNED POSITIVE (QoQ)",
      "detail": "Op margin: -2.4% -> +9.9%",
      "severity": "HIGH"
    }
  ],
  "data_quality": {
    "n_quarters": 20,
    "coverage": {
      "revenue": [
        20,
        20
      ],
      "gross_profit": [
        0,
        20
      ],
      "op_income": [
        20,
        20
      ],
      "fcf": [
        19,
        20
      ]
    },
    "gaps": [
      [
        "2020-09 (Q3)",
        "2021-03 (Q1)",
        182
      ]
    ],
    "warnings": [
      "gross_profit: no data",
      "gap: 1Q missing between 2020-09 (Q3) and 2021-03 (Q1)"
    ]
  },
  "market_cap": null,
  "source": "SEC EDGAR",
  "last_updated": "2026-02-02T21:31:25.132022"
}