{
  "ticker": "FAST",
  "name": "FASTENAL CO",
  "quarters": [
    {
      "date": "2020-12-31T00:00:00",
      "quarter_label": "2020-12 (Q4)",
      "revenue": 1358000000,
      "gross_profit": 618800000,
      "operating_income": 264400000,
      "net_income": 196100000,
      "opex": 354400000,
      "cogs": 739200000,
      "rd": null,
      "sga": 354700000,
      "fcf": 276400000,
      "ocf": 321000000,
      "capex": -44600000,
      "gross_margin": 0.4556701030927835,
      "op_margin": 0.1946980854197349,
      "fcf_margin": 0.20353460972017673
    },
    {
      "date": "2021-03-31T00:00:00",
      "quarter_label": "2021-03 (Q1)",
      "revenue": 1417000000,
      "gross_profit": 643400000,
      "operating_income": 280300000,
      "net_income": 210600000,
      "opex": 363100000,
      "cogs": 773600000,
      "rd": null,
      "sga": 363100000,
      "fcf": 242100000,
      "ocf": 274800000,
      "capex": -32700000,
      "gross_margin": 0.45405786873676784,
      "op_margin": 0.19781227946365562,
      "fcf_margin": 0.17085391672547637,
      "op_leverage_ratio": 1.7698102347942377,
      "fcf_margin_change": -0.03268069299470036
    },
    {
      "date": "2021-06-30T00:00:00",
      "quarter_label": "2021-06 (Q2)",
      "revenue": 1507700000,
      "gross_profit": 700700000,
      "operating_income": 317800000,
      "net_income": 239700000,
      "opex": 382900000,
      "cogs": 807000000,
      "rd": null,
      "sga": 382900000,
      "fcf": 136900000,
      "ocf": 171500000,
      "capex": -34600000,
      "gross_margin": 0.46474762883862836,
      "op_margin": 0.2107846388538834,
      "fcf_margin": 0.09080055714001459,
      "op_leverage_ratio": 1.173811866013701,
      "fcf_margin_change": -0.08005335958546178
    },
    {
      "date": "2021-09-30T00:00:00",
      "quarter_label": "2021-09 (Q3)",
      "revenue": 1554200000,
      "gross_profit": 720200000,
      "operating_income": 318400000,
      "net_income": 243500000,
      "opex": 401800000,
      "cogs": 834000000,
      "rd": null,
      "sga": 401800000,
      "fcf": 120000000,
      "ocf": 167400000,
      "capex": -47400000,
      "gross_margin": 0.46338952515763737,
      "op_margin": 0.20486423883670055,
      "fcf_margin": 0.07721014026508814,
      "op_leverage_ratio": 0.6248295785338964,
      "fcf_margin_change": -0.013590416874926445
    },
    {
      "date": "2021-12-31T00:00:00",
      "quarter_label": "2021-12 (Q4)",
      "revenue": 1531900000,
      "gross_profit": 712900000,
      "operating_income": 300900000,
      "net_income": 231200000,
      "opex": 412000000,
      "cogs": 819000000,
      "rd": null,
      "sga": 412000000,
      "fcf": 114500000,
      "ocf": 156400000,
      "capex": -41900000,
      "gross_margin": 0.46536980220641033,
      "op_margin": 0.19642274299889026,
      "fcf_margin": 0.07474378223121614,
      "incr_op_margin_yoy": 0.2098907418056354,
      "rev_growth_yoy": 0.1280559646539028,
      "fcf_margin_change": -0.0024663580338720043
    },
    {
      "date": "2022-03-31T00:00:00",
      "quarter_label": "2022-03 (Q1)",
      "revenue": 1704100000,
      "gross_profit": 793300000,
      "operating_income": 358000000,
      "net_income": 269600000,
      "opex": 435300000,
      "cogs": 910800000,
      "rd": null,
      "sga": 435300000,
      "fcf": 194500000,
      "ocf": 230000000,
      "capex": -35500000,
      "gross_margin": 0.4655243236899243,
      "op_margin": 0.21008156798309957,
      "fcf_margin": 0.11413649433718678,
      "incr_op_margin_yoy": 0.27063740856844304,
      "rev_growth_yoy": 0.20261115031757235,
      "rev_growth_yoy_accel": 0.07455518566366956,
      "op_leverage_ratio": 1.987668823842702,
      "fcf_margin_change": 0.039392712105970645
    },
    {
      "date": "2022-06-30T00:00:00",
      "quarter_label": "2022-06 (Q2)",
      "revenue": 1778600000,
      "gross_profit": 827600000,
      "operating_income": 383400000,
      "net_income": 287100000,
      "opex": 444200000,
      "cogs": 951000000,
      "rd": null,
      "sga": 444200000,
      "fcf": 103700000,
      "ocf": 151200000,
      "capex": -47500000,
      "gross_margin": 0.46530979422017316,
      "op_margin": 0.21556280220398066,
      "fcf_margin": 0.058304284268525804,
      "incr_op_margin_yoy": 0.24215577703949798,
      "rev_growth_yoy": 0.17967765470584335,
      "rev_growth_yoy_accel": -0.022933495611729,
      "op_leverage_ratio": 2.1382567752987014,
      "fcf_margin_change": -0.05583221006866098
    },
    {
      "date": "2022-09-30T00:00:00",
      "quarter_label": "2022-09 (Q3)",
      "revenue": 1802400000,
      "gross_profit": 826500000,
      "operating_income": 379200000,
      "net_income": 284600000,
      "opex": 447300000,
      "cogs": 975900000,
      "rd": null,
      "sga": 447300000,
      "fcf": 209900000,
      "ocf": 257900000,
      "capex": -48000000,
      "gross_margin": 0.45855525965379496,
      "op_margin": 0.2103861517976032,
      "fcf_margin": 0.11645583666222814,
      "incr_op_margin_yoy": 0.24496373892022563,
      "rev_growth_yoy": 0.159696306781624,
      "rev_growth_yoy_accel": -0.01998134792421935,
      "op_leverage_ratio": 1.917412390317865,
      "fcf_margin_change": 0.05815155239370234
    },
    {
      "date": "2022-12-31T00:00:00",
      "quarter_label": "2022-12 (Q4)",
      "revenue": 1695600000,
      "gross_profit": 768400000,
      "operating_income": 332900000,
      "net_income": 245600000,
      "opex": 435500000,
      "cogs": 927200000,
      "rd": null,
      "sga": 435500000,
      "fcf": 259100000,
      "ocf": 301900000,
      "capex": -42800000,
      "gross_margin": 0.453172918141071,
      "op_margin": 0.1963316820004718,
      "fcf_margin": 0.1528072658645907,
      "incr_op_margin_yoy": 0.19547953573610263,
      "rev_growth_yoy": 0.10686076114628892,
      "rev_growth_yoy_accel": -0.052835545635335074,
      "fcf_margin_change": 0.03635142920236256
    },
    {
      "date": "2023-03-31T00:00:00",
      "quarter_label": "2023-03 (Q1)",
      "revenue": 1859100000,
      "gross_profit": 850000000,
      "operating_income": 393200000,
      "net_income": 295100000,
      "opex": 456800000,
      "cogs": 1009100000,
      "rd": null,
      "sga": 456800000,
      "fcf": 354800000,
      "ocf": 388500000,
      "capex": -33700000,
      "gross_margin": 0.45721047818837074,
      "op_margin": 0.21150018826313807,
      "fcf_margin": 0.19084503254262816,
      "incr_op_margin_yoy": 0.2270967741935484,
      "rev_growth_yoy": 0.09095710345636993,
      "rev_growth_yoy_accel": -0.015903657689919,
      "op_leverage_ratio": 1.9715277985440363,
      "fcf_margin_change": 0.03803776667803746
    },
    {
      "date": "2023-06-30T00:00:00",
      "quarter_label": "2023-06 (Q2)",
      "revenue": 1883100000,
      "gross_profit": 857500000,
      "operating_income": 394900000,
      "net_income": 298000000,
      "opex": 462600000,
      "cogs": 1025600000,
      "rd": null,
      "sga": 462600000,
      "fcf": 246200000,
      "ocf": 302100000,
      "capex": -55900000,
      "gross_margin": 0.45536615155860016,
      "op_margin": 0.20970739737666613,
      "fcf_margin": 0.13074186182358877,
      "incr_op_margin_yoy": 0.11004784688995216,
      "rev_growth_yoy": 0.05875407623973912,
      "rev_growth_yoy_accel": -0.032203027216630806,
      "op_leverage_ratio": 1.0167322341733764,
      "fcf_margin_change": -0.060103170719039395
    },
    {
      "date": "2023-09-30T00:00:00",
      "quarter_label": "2023-09 (Q3)",
      "revenue": 1845900000,
      "gross_profit": 847600000,
      "operating_income": 386700000,
      "net_income": 295500000,
      "opex": 460900000,
      "cogs": 998300000,
      "rd": null,
      "sga": 460900000,
      "fcf": 341200000,
      "ocf": 388100000,
      "capex": -46900000,
      "gross_margin": 0.4591798038897015,
      "op_margin": 0.209491305054445,
      "fcf_margin": 0.18484208245300396,
      "incr_op_margin_yoy": 0.1724137931034483,
      "rev_growth_yoy": 0.024134487350199733,
      "rev_growth_yoy_accel": -0.034619588889539386,
      "fcf_margin_change": 0.05410022062941519
    },
    {
      "date": "2023-12-31T00:00:00",
      "quarter_label": "2023-12 (Q4)",
      "revenue": 1758600000,
      "gross_profit": 799400000,
      "operating_income": 353800000,
      "net_income": 266400000,
      "opex": 445600000,
      "cogs": 959200000,
      "rd": null,
      "sga": 445600000,
      "fcf": 317700000,
      "ocf": 354000000,
      "capex": -36300000,
      "gross_margin": 0.45456613215057434,
      "op_margin": 0.20118275901285113,
      "fcf_margin": 0.18065506653019447,
      "incr_op_margin_yoy": 0.33174603174603173,
      "rev_growth_yoy": 0.037154989384288746,
      "rev_growth_yoy_accel": 0.013020502034089013,
      "fcf_margin_change": -0.004187015922809484
    },
    {
      "date": "2024-03-31T00:00:00",
      "quarter_label": "2024-03 (Q1)",
      "revenue": 1895100000,
      "gross_profit": 861600000,
      "operating_income": 390200000,
      "net_income": 297700000,
      "opex": 471400000,
      "cogs": 1033500000,
      "rd": null,
      "sga": 471400000,
      "fcf": 284800000,
      "ocf": 335600000,
      "capex": -50800000,
      "gross_margin": 0.4546461928130442,
      "op_margin": 0.20589942483246268,
      "fcf_margin": 0.15028230700226902,
      "incr_op_margin_yoy": -0.08333333333333333,
      "rev_growth_yoy": 0.019364208487978055,
      "rev_growth_yoy_accel": -0.01779078089631069,
      "op_leverage_ratio": 1.3405748229960937,
      "fcf_margin_change": -0.030372759527925453
    },
    {
      "date": "2024-06-30T00:00:00",
      "quarter_label": "2024-06 (Q2)",
      "revenue": 1916200000,
      "gross_profit": 863500000,
      "operating_income": 386900000,
      "net_income": 292700000,
      "opex": 476600000,
      "cogs": 1052700000,
      "rd": null,
      "sga": 476600000,
      "fcf": 201900000,
      "ocf": 258000000,
      "capex": -56100000,
      "gross_margin": 0.4506314580941447,
      "op_margin": 0.20191003026823923,
      "fcf_margin": 0.10536478446926208,
      "incr_op_margin_yoy": -0.24169184290030213,
      "rev_growth_yoy": 0.017577398969783865,
      "rev_growth_yoy_accel": -0.0017868095181941893,
      "op_leverage_ratio": 1.0093378469981287,
      "fcf_margin_change": -0.044917522533006946
    },
    {
      "date": "2024-09-30T00:00:00",
      "quarter_label": "2024-09 (Q3)",
      "revenue": 1910200000,
      "gross_profit": 858600000,
      "operating_income": 388100000,
      "net_income": 298100000,
      "opex": 470500000,
      "cogs": 1051600000,
      "rd": null,
      "sga": 470500000,
      "fcf": 237500000,
      "ocf": 296900000,
      "capex": -59400000,
      "gross_margin": 0.44948172966181554,
      "op_margin": 0.20317244267615955,
      "fcf_margin": 0.12433253062506544,
      "incr_op_margin_yoy": 0.02177293934681182,
      "rev_growth_yoy": 0.03483395633566282,
      "rev_growth_yoy_accel": 0.017256557365878958,
      "fcf_margin_change": 0.018967746155803364
    },
    {
      "date": "2024-12-31T00:00:00",
      "quarter_label": "2024-12 (Q4)",
      "revenue": 1824500000,
      "gross_profit": 818200000,
      "operating_income": 344800000,
      "net_income": 262100000,
      "opex": 473400000,
      "cogs": 1006300000,
      "rd": null,
      "sga": 473400000,
      "fcf": 222600000,
      "ocf": 282800000,
      "capex": -60200000,
      "gross_margin": 0.44845163058372156,
      "op_margin": 0.1889832830912579,
      "fcf_margin": 0.12200602904905454,
      "incr_op_margin_yoy": -0.13657056145675264,
      "rev_growth_yoy": 0.037472989878312296,
      "rev_growth_yoy_accel": 0.002639033542649473,
      "fcf_margin_change": -0.0023265015760109004
    },
    {
      "date": "2025-03-31T00:00:00",
      "quarter_label": "2025-03 (Q1)",
      "revenue": 1959400000,
      "gross_profit": 883900000,
      "operating_income": 393900000,
      "net_income": 298700000,
      "opex": 490000000,
      "cogs": 1075500000,
      "rd": null,
      "sga": 490000000,
      "fcf": 206500000,
      "ocf": 262200000,
      "capex": -55700000,
      "gross_margin": 0.45110748188220884,
      "op_margin": 0.20103092783505155,
      "fcf_margin": 0.10538940491987343,
      "incr_op_margin_yoy": 0.05754276827371695,
      "rev_growth_yoy": 0.03392960793625666,
      "rev_growth_yoy_accel": -0.003543381942055633,
      "op_leverage_ratio": 2.1085710889598404,
      "fcf_margin_change": -0.016616624129181107
    },
    {
      "date": "2025-06-30T00:00:00",
      "quarter_label": "2025-06 (Q2)",
      "revenue": 2080300000,
      "gross_profit": 942800000,
      "operating_income": 436100000,
      "net_income": 330300000,
      "opex": 506700000,
      "cogs": 1137500000,
      "rd": null,
      "sga": 506700000,
      "fcf": 209300000,
      "ocf": 278600000,
      "capex": -69300000,
      "gross_margin": 0.4532038648271884,
      "op_margin": 0.20963322597702255,
      "fcf_margin": 0.10061048887179734,
      "incr_op_margin_yoy": 0.29981718464351004,
      "rev_growth_yoy": 0.08563824235466026,
      "rev_growth_yoy_accel": 0.0517086344184036,
      "op_leverage_ratio": 1.8104344541497794,
      "fcf_margin_change": -0.004778916048076093
    },
    {
      "date": "2025-09-30T00:00:00",
      "quarter_label": "2025-09 (Q3)",
      "revenue": 2133300000,
      "gross_profit": 965800000,
      "operating_income": 441500000,
      "net_income": 335500000,
      "opex": 524300000,
      "cogs": 1167500000,
      "rd": null,
      "sga": 524300000,
      "fcf": 326600000,
      "ocf": 386900000,
      "capex": -60300000,
      "gross_margin": 0.4527258238409975,
      "op_margin": 0.20695635869310458,
      "fcf_margin": 0.15309614212722072,
      "incr_op_margin_yoy": 0.23935454952935903,
      "rev_growth_yoy": 0.11679405297874568,
      "rev_growth_yoy_accel": 0.031155810624085414,
      "op_leverage_ratio": 0.7334797647192495,
      "fcf_margin_change": 0.052485653255423384
    }
  ],
  "signals": [
    {
      "quarter": "2025-09 (Q3)",
      "signal": "FCF MARGIN EXPANSION",
      "detail": "FCF margin: +10.1% -> +15.3% (+5.2%)",
      "severity": "MEDIUM"
    },
    {
      "quarter": "2025-06 (Q2)",
      "signal": "OPERATING LEVERAGE",
      "detail": "Rev growth +6.2% vs OpEx growth +3.4% (leverage: 1.8x)",
      "severity": "MEDIUM"
    },
    {
      "quarter": "2025-06 (Q2)",
      "signal": "YoY REVENUE GROWTH ACCELERATION",
      "detail": "YoY growth: +8.6% vs prior quarter YoY: +3.4% (accel: +5.2%)",
      "severity": "MEDIUM"
    },
    {
      "quarter": "2025-03 (Q1)",
      "signal": "OPERATING LEVERAGE",
      "detail": "Rev growth +7.4% vs OpEx growth +3.5% (leverage: 2.1x)",
      "severity": "MEDIUM"
    },
    {
      "quarter": "2023-12 (Q4)",
      "signal": "INCREMENTAL MARGIN (YoY)",
      "detail": "YoY Incr OPM: +33.2% vs year-ago OPM: +19.6%",
      "severity": "MEDIUM"
    },
    {
      "quarter": "2023-09 (Q3)",
      "signal": "FCF MARGIN EXPANSION",
      "detail": "FCF margin: +13.1% -> +18.5% (+5.4%)",
      "severity": "MEDIUM"
    },
    {
      "quarter": "2023-03 (Q1)",
      "signal": "OPERATING LEVERAGE",
      "detail": "Rev growth +9.6% vs OpEx growth +4.9% (leverage: 2.0x)",
      "severity": "MEDIUM"
    },
    {
      "quarter": "2022-12 (Q4)",
      "signal": "YoY REVENUE GROWTH DECELERATION",
      "detail": "YoY growth: +10.7% vs prior quarter YoY: +16.0% (decel: -5.3%)",
      "severity": "WARNING"
    },
    {
      "quarter": "2022-09 (Q3)",
      "signal": "FCF MARGIN EXPANSION",
      "detail": "FCF margin: +5.8% -> +11.6% (+5.8%)",
      "severity": "MEDIUM"
    },
    {
      "quarter": "2022-09 (Q3)",
      "signal": "OPERATING LEVERAGE",
      "detail": "Rev growth +1.3% vs OpEx growth +0.7% (leverage: 1.9x)",
      "severity": "MEDIUM"
    },
    {
      "quarter": "2022-06 (Q2)",
      "signal": "OPERATING LEVERAGE",
      "detail": "Rev growth +4.4% vs OpEx growth +2.0% (leverage: 2.1x)",
      "severity": "MEDIUM"
    },
    {
      "quarter": "2022-03 (Q1)",
      "signal": "OPERATING LEVERAGE",
      "detail": "Rev growth +11.2% vs OpEx growth +5.7% (leverage: 2.0x)",
      "severity": "MEDIUM"
    },
    {
      "quarter": "2022-03 (Q1)",
      "signal": "YoY REVENUE GROWTH ACCELERATION",
      "detail": "YoY growth: +20.3% vs prior quarter YoY: +12.8% (accel: +7.5%)",
      "severity": "MEDIUM"
    },
    {
      "quarter": "2021-03 (Q1)",
      "signal": "OPERATING LEVERAGE",
      "detail": "Rev growth +4.3% vs OpEx growth +2.5% (leverage: 1.8x)",
      "severity": "MEDIUM"
    }
  ],
  "data_quality": {
    "n_quarters": 20,
    "coverage": {
      "revenue": [
        20,
        20
      ],
      "gross_profit": [
        20,
        20
      ],
      "op_income": [
        20,
        20
      ],
      "fcf": [
        20,
        20
      ]
    },
    "gaps": [],
    "warnings": []
  },
  "market_cap": null,
  "source": "SEC EDGAR",
  "last_updated": "2026-02-02T19:59:54.693585",
  "sector": "Industrials",
  "industry": "Industrial Distribution"
}