{
  "ticker": "FBIN",
  "name": "Fortune Brands Innovations, Inc.",
  "sector": "Industrials",
  "industry": "Building Products & Equipment",
  "quarters": [
    {
      "date": "2021-03-31T00:00:00",
      "quarter_label": "2021-03 (Q1)",
      "revenue": 1771000000,
      "gross_profit": 448700000,
      "operating_income": 248400000,
      "net_income": 177800000,
      "opex": 200300000,
      "cogs": 1126900000,
      "rd": null,
      "sga": 371500000,
      "fcf": -94600000,
      "ocf": -69200000,
      "capex": -25400000,
      "gross_margin": 0.2533596837944664,
      "op_margin": 0.14025974025974025,
      "fcf_margin": -0.05341614906832298
    },
    {
      "date": "2021-06-30T00:00:00",
      "quarter_label": "2021-06 (Q2)",
      "revenue": 1936100000,
      "gross_profit": 504700000,
      "operating_income": 294900000,
      "net_income": 217200000,
      "opex": 209800000,
      "cogs": 1230300000,
      "rd": null,
      "sga": 394600000,
      "fcf": 291500000,
      "ocf": 331900000,
      "capex": -40400000,
      "gross_margin": 0.26067868395227517,
      "op_margin": 0.1523165125768297,
      "fcf_margin": 0.1505604049377615,
      "op_leverage_ratio": 1.9655579660613984,
      "fcf_margin_change": 0.20397655400608447
    },
    {
      "date": "2021-09-30T00:00:00",
      "quarter_label": "2021-09 (Q3)",
      "revenue": 1986300000,
      "gross_profit": 511200000,
      "operating_income": 286600000,
      "net_income": 202100000,
      "opex": 224600000,
      "cogs": 1280000000,
      "rd": null,
      "sga": 400200000,
      "fcf": 120900000,
      "ocf": 168100000,
      "capex": -47200000,
      "gross_margin": 0.2573629361123697,
      "op_margin": 0.14428837537129335,
      "fcf_margin": 0.06086693852892312,
      "op_leverage_ratio": 0.3675527704761732,
      "fcf_margin_change": -0.08969346640883837
    },
    {
      "date": "2021-12-31T00:00:00",
      "quarter_label": "2021-12 (Q4)",
      "revenue": 1218000000,
      "gross_profit": 495900000,
      "operating_income": 260500000,
      "net_income": 175300000,
      "opex": 235400000,
      "cogs": 1271900000,
      "rd": null,
      "sga": 412700000,
      "fcf": 156700000,
      "ocf": 257900000,
      "capex": -101200000,
      "gross_margin": 0.40714285714285714,
      "op_margin": 0.2138752052545156,
      "fcf_margin": 0.1286535303776683,
      "fcf_margin_change": 0.06778659184874518
    },
    {
      "date": "2022-03-31T00:00:00",
      "quarter_label": "2022-03 (Q1)",
      "revenue": 1917300000,
      "gross_profit": 468500000,
      "operating_income": 253400000,
      "net_income": null,
      "opex": 215100000,
      "cogs": 1237800000,
      "rd": null,
      "sga": 409500000,
      "fcf": -243900000,
      "ocf": -183100000,
      "capex": -60800000,
      "gross_margin": 0.24435403953476242,
      "op_margin": 0.1321650237312888,
      "fcf_margin": -0.12721013925833202,
      "incr_op_margin_yoy": 0.03417634996582365,
      "rev_growth_yoy": 0.08260869565217391,
      "op_leverage_ratio": null,
      "fcf_margin_change": -0.2558636696360003
    },
    {
      "date": "2022-06-30T00:00:00",
      "quarter_label": "2022-06 (Q2)",
      "revenue": 2111000000,
      "gross_profit": 513200000,
      "operating_income": 284100000,
      "net_income": null,
      "opex": 229100000,
      "cogs": 1347900000,
      "rd": null,
      "sga": 434600000,
      "fcf": 170200000,
      "ocf": 225000000,
      "capex": -54800000,
      "gross_margin": 0.24310753197536714,
      "op_margin": 0.134580767408811,
      "fcf_margin": 0.08062529606821411,
      "incr_op_margin_yoy": -0.06174957118353345,
      "rev_growth_yoy": 0.09033624296265688,
      "rev_growth_yoy_accel": 0.007727547310482974,
      "op_leverage_ratio": 1.552215168652346,
      "fcf_margin_change": 0.20783543532654614
    },
    {
      "date": "2022-09-30T00:00:00",
      "quarter_label": "2022-09 (Q3)",
      "revenue": 2053700000,
      "gross_profit": 478900000,
      "operating_income": 281200000,
      "net_income": null,
      "opex": 197700000,
      "cogs": 1310200000,
      "rd": null,
      "sga": 415300000,
      "fcf": 187400000,
      "ocf": 246900000,
      "capex": -59500000,
      "gross_margin": 0.23318887860933923,
      "op_margin": 0.13692360130496178,
      "fcf_margin": 0.0912499391342455,
      "incr_op_margin_yoy": -0.08011869436201781,
      "rev_growth_yoy": 0.033932437194784275,
      "rev_growth_yoy_accel": -0.05640380576787261,
      "fcf_margin_change": 0.010624643066031392
    },
    {
      "date": "2022-12-31T00:00:00",
      "quarter_label": "2022-12 (Q4)",
      "revenue": 1131900000,
      "gross_profit": 472300000,
      "operating_income": -44400000,
      "net_income": null,
      "opex": 516700000,
      "cogs": -1105800000,
      "rd": null,
      "sga": -181500000,
      "fcf": 206500000,
      "ocf": 277500000,
      "capex": -71000000,
      "gross_margin": 0.4172630090997438,
      "op_margin": -0.039226080042406575,
      "fcf_margin": 0.18243661100803957,
      "incr_op_margin_yoy": 3.5412311265969802,
      "rev_growth_yoy": -0.0706896551724138,
      "rev_growth_yoy_accel": -0.10462209236719808,
      "fcf_margin_change": 0.09118667187379406
    },
    {
      "date": "2023-04-01T00:00:00",
      "quarter_label": "2023-04 (Q2)",
      "revenue": 1040000000,
      "gross_profit": 408300000,
      "operating_income": 131800000,
      "net_income": null,
      "opex": 276500000,
      "cogs": 631700000,
      "rd": null,
      "sga": 260800000,
      "fcf": 33500000,
      "ocf": 76100000,
      "capex": -42600000,
      "gross_margin": 0.3925961538461539,
      "op_margin": 0.12673076923076923,
      "fcf_margin": 0.03221153846153846,
      "incr_op_margin_yoy": 0.13860708993502793,
      "rev_growth_yoy": -0.4575705419078913,
      "rev_growth_yoy_accel": -0.3868808867354775,
      "fcf_margin_change": -0.1502250725465011
    },
    {
      "date": "2023-07-01T00:00:00",
      "quarter_label": "2023-07 (Q3)",
      "revenue": 1163700000,
      "gross_profit": 468100000,
      "operating_income": 152600000,
      "net_income": null,
      "opex": 315500000,
      "cogs": 695600000,
      "rd": null,
      "sga": 280700000,
      "fcf": 357900000,
      "ocf": 427500000,
      "capex": -69600000,
      "gross_margin": 0.4022514393744092,
      "op_margin": 0.1311334536392541,
      "fcf_margin": 0.30755349316834235,
      "incr_op_margin_yoy": 0.13881558112530348,
      "rev_growth_yoy": -0.4487446707721459,
      "rev_growth_yoy_accel": 0.0088258711357454,
      "op_leverage_ratio": 0.8432704635108481,
      "fcf_margin_change": 0.2753419547068039
    },
    {
      "date": "2023-09-30T00:00:00",
      "quarter_label": "2023-09 (Q3)",
      "revenue": 1261200000,
      "gross_profit": 540100000,
      "operating_income": 196500000,
      "net_income": null,
      "opex": 343600000,
      "cogs": 721100000,
      "rd": null,
      "sga": 321100000,
      "fcf": 268500000,
      "ocf": 332000000,
      "capex": -63500000,
      "gross_margin": 0.4282429432286711,
      "op_margin": 0.15580399619410085,
      "fcf_margin": 0.21289248334919125,
      "incr_op_margin_yoy": 0.1068769716088328,
      "rev_growth_yoy": -0.3858888834785996,
      "rev_growth_yoy_accel": 0.0628557872935463,
      "op_leverage_ratio": 0.9407118722127268,
      "fcf_margin_change": -0.0946610098191511
    },
    {
      "date": "2023-12-30T00:00:00",
      "quarter_label": "2023-12 (Q4)",
      "revenue": 1161300000,
      "gross_profit": 494900000,
      "operating_income": 133900000,
      "net_income": null,
      "opex": 361000000,
      "cogs": 666400000,
      "rd": null,
      "sga": 305800000,
      "fcf": 139400000,
      "ocf": 220200000,
      "capex": -80800000,
      "gross_margin": 0.42616033755274263,
      "op_margin": 0.11530181692930337,
      "fcf_margin": 0.12003788857315079,
      "incr_op_margin_yoy": 6.0646258503401365,
      "rev_growth_yoy": 0.025974025974025976,
      "rev_growth_yoy_accel": 0.4118629094526256,
      "fcf_margin_change": -0.09285459477604047
    },
    {
      "date": "2024-03-30T00:00:00",
      "quarter_label": "2024-03 (Q1)",
      "revenue": 1109600000,
      "gross_profit": 487600000,
      "operating_income": 155400000,
      "net_income": null,
      "opex": 332200000,
      "cogs": 622000000,
      "rd": null,
      "sga": 311600000,
      "fcf": -135900000,
      "ocf": -71300000,
      "capex": -64600000,
      "gross_margin": 0.43943763518385004,
      "op_margin": 0.1400504686373468,
      "fcf_margin": -0.12247656813266042,
      "incr_op_margin_yoy": 0.3390804597701149,
      "rev_growth_yoy": 0.06692307692307692,
      "rev_growth_yoy_accel": 0.04094905094905094,
      "fcf_margin_change": -0.2425144567058112
    },
    {
      "date": "2024-06-29T00:00:00",
      "quarter_label": "2024-06 (Q2)",
      "revenue": 1240000000,
      "gross_profit": 541000000,
      "operating_income": 199100000,
      "net_income": null,
      "opex": 341900000,
      "cogs": 699000000,
      "rd": null,
      "sga": 319700000,
      "fcf": 222700000,
      "ocf": 261500000,
      "capex": -38800000,
      "gross_margin": 0.43629032258064515,
      "op_margin": 0.16056451612903225,
      "fcf_margin": 0.1795967741935484,
      "incr_op_margin_yoy": 0.6094364351245085,
      "rev_growth_yoy": 0.06556672681962705,
      "rev_growth_yoy_accel": -0.001356350103449866,
      "op_leverage_ratio": 4.024751187388044,
      "fcf_margin_change": 0.3020733423262088
    },
    {
      "date": "2024-09-28T00:00:00",
      "quarter_label": "2024-09 (Q3)",
      "revenue": 1155300000,
      "gross_profit": 529800000,
      "operating_income": 205100000,
      "net_income": null,
      "opex": 324700000,
      "cogs": 625500000,
      "rd": null,
      "sga": 298200000,
      "fcf": 175600000,
      "ocf": 205300000,
      "capex": -29700000,
      "gross_margin": 0.4585821864450792,
      "op_margin": 0.1775296459793993,
      "fcf_margin": 0.15199515277417122,
      "incr_op_margin_yoy": -0.08120868744098206,
      "rev_growth_yoy": -0.08396764985727878,
      "rev_growth_yoy_accel": -0.14953437667690583,
      "fcf_margin_change": -0.027601621419377165
    },
    {
      "date": "2024-12-28T00:00:00",
      "quarter_label": "2024-12 (Q4)",
      "revenue": 1104200000,
      "gross_profit": 507900000,
      "operating_income": 178300000,
      "net_income": null,
      "opex": 329600000,
      "cogs": 596300000,
      "rd": null,
      "sga": 309600000,
      "fcf": 212100000,
      "ocf": 272300000,
      "capex": -60200000,
      "gross_margin": 0.4599710197428002,
      "op_margin": 0.16147437058503894,
      "fcf_margin": 0.19208476725230936,
      "incr_op_margin_yoy": -0.7775831873905429,
      "rev_growth_yoy": -0.04916903470248859,
      "rev_growth_yoy_accel": 0.03479861515479019,
      "fcf_margin_change": 0.040089614478138136
    },
    {
      "date": "2025-03-29T00:00:00",
      "quarter_label": "2025-03 (Q1)",
      "revenue": 1033100000,
      "gross_profit": 454700000,
      "operating_income": 97000000,
      "net_income": null,
      "opex": 357700000,
      "cogs": 578400000,
      "rd": null,
      "sga": 314900000,
      "fcf": -112600000,
      "ocf": -83400000,
      "capex": -29200000,
      "gross_margin": 0.44013164262898075,
      "op_margin": 0.09389216919949667,
      "fcf_margin": -0.10899235311199303,
      "incr_op_margin_yoy": 0.7633986928104575,
      "rev_growth_yoy": -0.068943763518385,
      "rev_growth_yoy_accel": -0.019774728815896418,
      "fcf_margin_change": -0.3010771203643024
    },
    {
      "date": "2025-06-28T00:00:00",
      "quarter_label": "2025-06 (Q2)",
      "revenue": 1203300000,
      "gross_profit": 543200000,
      "operating_income": 171600000,
      "net_income": null,
      "opex": 371600000,
      "cogs": 660100000,
      "rd": null,
      "sga": 338800000,
      "fcf": 118700000,
      "ocf": 149400000,
      "capex": -30700000,
      "gross_margin": 0.4514252472367656,
      "op_margin": 0.1426078284717028,
      "fcf_margin": 0.09864539183910911,
      "incr_op_margin_yoy": 0.7493188010899182,
      "rev_growth_yoy": -0.02959677419354839,
      "rev_growth_yoy_accel": 0.039346989324836615,
      "op_leverage_ratio": 4.239565350913539,
      "fcf_margin_change": 0.20763774495110215
    },
    {
      "date": "2025-09-27T00:00:00",
      "quarter_label": "2025-09 (Q3)",
      "revenue": 1149200000,
      "gross_profit": 519400000,
      "operating_income": 125900000,
      "net_income": null,
      "opex": 393500000,
      "cogs": 629800000,
      "rd": null,
      "sga": 313200000,
      "fcf": 177000000,
      "ocf": 204400000,
      "capex": -27400000,
      "gross_margin": 0.45196658545074836,
      "op_margin": 0.10955447267664463,
      "fcf_margin": 0.15402018795683953,
      "incr_op_margin_yoy": 12.98360655737705,
      "rev_growth_yoy": -0.005280013849216654,
      "rev_growth_yoy_accel": 0.024316760344331736,
      "fcf_margin_change": 0.05537479611773041
    },
    {
      "date": "2025-12-27T00:00:00",
      "quarter_label": "2025-12 (Q4)",
      "revenue": 1077500000,
      "gross_profit": 472200000,
      "operating_income": 121700000,
      "net_income": null,
      "opex": 350500000,
      "cogs": 605300000,
      "rd": null,
      "sga": 325100000,
      "fcf": 183700000,
      "ocf": 208200000,
      "capex": -24500000,
      "gross_margin": 0.43823665893271463,
      "op_margin": 0.11294663573085847,
      "fcf_margin": 0.17048723897911833,
      "incr_op_margin_yoy": 2.1198501872659175,
      "rev_growth_yoy": -0.024180402101068647,
      "rev_growth_yoy_accel": -0.018900388251851995,
      "fcf_margin_change": 0.0164670510222788
    }
  ],
  "signals": [
    {
      "quarter": "2025-12 (Q4)",
      "signal": "INCREMENTAL MARGIN (YoY)",
      "detail": "YoY Incr OPM: +212.0% vs year-ago OPM: +16.1%",
      "severity": "HIGH"
    },
    {
      "quarter": "2025-09 (Q3)",
      "signal": "FCF MARGIN EXPANSION",
      "detail": "FCF margin: +9.9% -> +15.4% (+5.5%)",
      "severity": "MEDIUM"
    },
    {
      "quarter": "2025-09 (Q3)",
      "signal": "INCREMENTAL MARGIN (YoY)",
      "detail": "YoY Incr OPM: +1298.4% vs year-ago OPM: +17.8%",
      "severity": "HIGH"
    },
    {
      "quarter": "2025-06 (Q2)",
      "signal": "FCF TURNED POSITIVE",
      "detail": "FCF margin: -10.9% -> +9.9%",
      "severity": "HIGH"
    },
    {
      "quarter": "2025-06 (Q2)",
      "signal": "OPERATING LEVERAGE",
      "detail": "Rev growth +16.5% vs OpEx growth +3.9% (leverage: 4.2x)",
      "severity": "MEDIUM"
    },
    {
      "quarter": "2025-06 (Q2)",
      "signal": "INCREMENTAL MARGIN (YoY)",
      "detail": "YoY Incr OPM: +74.9% vs year-ago OPM: +16.1%",
      "severity": "HIGH"
    },
    {
      "quarter": "2025-03 (Q1)",
      "signal": "INCREMENTAL MARGIN (YoY)",
      "detail": "YoY Incr OPM: +76.3% vs year-ago OPM: +14.0%",
      "severity": "HIGH"
    },
    {
      "quarter": "2024-09 (Q3)",
      "signal": "GROSS MARGIN INFLECTION",
      "detail": "GM: +43.9% -> +43.6% -> +45.9% (reversal +2.2%)",
      "severity": "MEDIUM"
    },
    {
      "quarter": "2024-09 (Q3)",
      "signal": "YoY REVENUE GROWTH DECELERATION",
      "detail": "YoY growth: -8.4% vs prior quarter YoY: +6.6% (decel: -15.0%)",
      "severity": "WARNING"
    },
    {
      "quarter": "2024-06 (Q2)",
      "signal": "FCF TURNED POSITIVE",
      "detail": "FCF margin: -12.2% -> +18.0%",
      "severity": "HIGH"
    },
    {
      "quarter": "2024-06 (Q2)",
      "signal": "OPERATING LEVERAGE",
      "detail": "Rev growth +11.8% vs OpEx growth +2.9% (leverage: 4.0x)",
      "severity": "MEDIUM"
    },
    {
      "quarter": "2024-06 (Q2)",
      "signal": "INCREMENTAL MARGIN (YoY)",
      "detail": "YoY Incr OPM: +60.9% vs year-ago OPM: +13.1%",
      "severity": "HIGH"
    },
    {
      "quarter": "2024-03 (Q1)",
      "signal": "INCREMENTAL MARGIN (YoY)",
      "detail": "YoY Incr OPM: +33.9% vs year-ago OPM: +12.7%",
      "severity": "HIGH"
    },
    {
      "quarter": "2023-12 (Q4)",
      "signal": "YoY REVENUE GROWTH ACCELERATION",
      "detail": "YoY growth: +2.6% vs prior quarter YoY: -38.6% (accel: +41.2%)",
      "severity": "HIGH"
    },
    {
      "quarter": "2023-12 (Q4)",
      "signal": "OP MARGIN TURNED POSITIVE (YoY)",
      "detail": "Op margin: -3.9% (year-ago) -> +11.5%",
      "severity": "HIGH"
    },
    {
      "quarter": "2023-09 (Q3)",
      "signal": "YoY REVENUE GROWTH ACCELERATION",
      "detail": "YoY growth: -38.6% vs prior quarter YoY: -44.9% (accel: +6.3%)",
      "severity": "MEDIUM"
    },
    {
      "quarter": "2023-07 (Q3)",
      "signal": "FCF MARGIN EXPANSION",
      "detail": "FCF margin: +3.2% -> +30.8% (+27.5%)",
      "severity": "MEDIUM"
    },
    {
      "quarter": "2023-04 (Q2)",
      "signal": "YoY REVENUE GROWTH DECELERATION",
      "detail": "YoY growth: -45.8% vs prior quarter YoY: -7.1% (decel: -38.7%)",
      "severity": "WARNING"
    },
    {
      "quarter": "2023-04 (Q2)",
      "signal": "OP MARGIN TURNED POSITIVE (QoQ)",
      "detail": "Op margin: -3.9% -> +12.7%",
      "severity": "HIGH"
    },
    {
      "quarter": "2022-12 (Q4)",
      "signal": "FCF MARGIN EXPANSION",
      "detail": "FCF margin: +9.1% -> +18.2% (+9.1%)",
      "severity": "MEDIUM"
    },
    {
      "quarter": "2022-12 (Q4)",
      "signal": "GROSS MARGIN INFLECTION",
      "detail": "GM: +24.3% -> +23.3% -> +41.7% (reversal +18.4%)",
      "severity": "HIGH"
    },
    {
      "quarter": "2022-12 (Q4)",
      "signal": "YoY REVENUE GROWTH DECELERATION",
      "detail": "YoY growth: -7.1% vs prior quarter YoY: +3.4% (decel: -10.5%)",
      "severity": "WARNING"
    },
    {
      "quarter": "2022-09 (Q3)",
      "signal": "YoY REVENUE GROWTH DECELERATION",
      "detail": "YoY growth: +3.4% vs prior quarter YoY: +9.0% (decel: -5.6%)",
      "severity": "WARNING"
    },
    {
      "quarter": "2022-06 (Q2)",
      "signal": "FCF TURNED POSITIVE",
      "detail": "FCF margin: -12.7% -> +8.1%",
      "severity": "HIGH"
    },
    {
      "quarter": "2022-06 (Q2)",
      "signal": "OPERATING LEVERAGE",
      "detail": "Rev growth +10.1% vs OpEx growth +6.5% (leverage: 1.6x)",
      "severity": "MEDIUM"
    },
    {
      "quarter": "2021-12 (Q4)",
      "signal": "FCF MARGIN EXPANSION",
      "detail": "FCF margin: +6.1% -> +12.9% (+6.8%)",
      "severity": "MEDIUM"
    },
    {
      "quarter": "2021-12 (Q4)",
      "signal": "GROSS MARGIN INFLECTION",
      "detail": "GM: +26.1% -> +25.7% -> +40.7% (reversal +15.0%)",
      "severity": "HIGH"
    },
    {
      "quarter": "2021-06 (Q2)",
      "signal": "FCF TURNED POSITIVE",
      "detail": "FCF margin: -5.3% -> +15.1%",
      "severity": "HIGH"
    },
    {
      "quarter": "2021-06 (Q2)",
      "signal": "OPERATING LEVERAGE",
      "detail": "Rev growth +9.3% vs OpEx growth +4.7% (leverage: 2.0x)",
      "severity": "MEDIUM"
    }
  ],
  "data_quality": {
    "n_quarters": 20,
    "coverage": {
      "revenue": [
        20,
        20
      ],
      "gross_profit": [
        20,
        20
      ],
      "op_income": [
        20,
        20
      ],
      "fcf": [
        20,
        20
      ]
    },
    "gaps": [],
    "warnings": []
  },
  "market_cap": null,
  "source": "SEC EDGAR",
  "last_updated": "2026-02-24T10:09:36.163097"
}