{
  "ticker": "FBIOP",
  "name": "Fortress Biotech,\u00a0Inc.",
  "quarters": [
    {
      "date": "2020-12-31T00:00:00",
      "quarter_label": "2020-12 (Q4)",
      "revenue": 13749000,
      "gross_profit": 9468000,
      "operating_income": -24303000,
      "net_income": -5295000,
      "opex": 38052000,
      "cogs": 4281000,
      "rd": 17963000,
      "sga": 15808000,
      "fcf": -21184000,
      "ocf": -20486000,
      "capex": -698000,
      "gross_margin": 0.6886319005018546,
      "op_margin": -1.7676194632336897,
      "fcf_margin": -1.5407666012073606
    },
    {
      "date": "2021-03-31T00:00:00",
      "quarter_label": "2021-03 (Q1)",
      "revenue": 11587000,
      "gross_profit": 7679000,
      "operating_income": -30017000,
      "net_income": -8822000,
      "opex": 41604000,
      "cogs": 3908000,
      "rd": 20154000,
      "sga": 17542000,
      "fcf": -22146000,
      "ocf": -21688000,
      "capex": -458000,
      "gross_margin": 0.6627254681971174,
      "op_margin": -2.5905756451195305,
      "fcf_margin": -1.911279882627082,
      "fcf_margin_change": -0.3705132814197214
    },
    {
      "date": "2021-06-30T00:00:00",
      "quarter_label": "2021-06 (Q2)",
      "revenue": 17843000,
      "gross_profit": 10359000,
      "operating_income": -42857000,
      "net_income": -3535000,
      "opex": 60700000,
      "cogs": 7484000,
      "rd": 33834000,
      "sga": 19382000,
      "fcf": -36150000,
      "ocf": -34460000,
      "capex": -1690000,
      "gross_margin": 0.5805638065347756,
      "op_margin": -2.4018943002858264,
      "fcf_margin": -2.0260045956397468,
      "op_leverage_ratio": 1.1763008606968886,
      "fcf_margin_change": -0.11472471301266474
    },
    {
      "date": "2021-09-30T00:00:00",
      "quarter_label": "2021-09 (Q3)",
      "revenue": 21085000,
      "gross_profit": 9918000,
      "operating_income": -49923000,
      "net_income": -20781000,
      "opex": 71008000,
      "cogs": 11167000,
      "rd": 28080000,
      "sga": 22221000,
      "fcf": -22157000,
      "ocf": -21696000,
      "capex": -461000,
      "gross_margin": 0.47038178800094854,
      "op_margin": -2.3677021579321793,
      "fcf_margin": -1.0508418306853213,
      "op_leverage_ratio": 1.0699399807456975,
      "fcf_margin_change": 0.9751627649544254
    },
    {
      "date": "2021-12-31T00:00:00",
      "quarter_label": "2021-12 (Q4)",
      "revenue": 18276000,
      "gross_profit": 8751000,
      "operating_income": -62001000,
      "net_income": -31565000,
      "opex": 80277000,
      "cogs": 9525000,
      "rd": 43054000,
      "sga": 27698000,
      "fcf": -40653000,
      "ocf": -38696000,
      "capex": -1957000,
      "gross_margin": 0.4788246881155614,
      "op_margin": -3.3924819435325015,
      "fcf_margin": -2.224392646093237,
      "incr_op_margin_yoy": -8.327369118621604,
      "rev_growth_yoy": 0.3292603098407157,
      "fcf_margin_change": -1.1735508154079157
    },
    {
      "date": "2022-03-31T00:00:00",
      "quarter_label": "2022-03 (Q1)",
      "revenue": 23925000,
      "gross_profit": 15722000,
      "operating_income": -47270000,
      "net_income": -15760000,
      "opex": 71195000,
      "cogs": 8203000,
      "rd": 36722000,
      "sga": 26270000,
      "fcf": -48197000,
      "ocf": -46860000,
      "capex": -1337000,
      "gross_margin": 0.6571368861024034,
      "op_margin": -1.9757575757575758,
      "fcf_margin": -2.014503657262278,
      "incr_op_margin_yoy": -1.3983627816501865,
      "rev_growth_yoy": 1.064814015707258,
      "rev_growth_yoy_accel": 0.7355537058665425,
      "op_leverage_ratio": Infinity,
      "fcf_margin_change": 0.2098889888309592
    },
    {
      "date": "2022-06-30T00:00:00",
      "quarter_label": "2022-06 (Q2)",
      "revenue": 18886000,
      "gross_profit": 11253000,
      "operating_income": -50926000,
      "net_income": -21356000,
      "opex": 69812000,
      "cogs": 7633000,
      "rd": 33131000,
      "sga": 29048000,
      "fcf": -41731000,
      "ocf": -41424000,
      "capex": -307000,
      "gross_margin": 0.5958381870168379,
      "op_margin": -2.696494758021815,
      "fcf_margin": -2.2096261781213595,
      "incr_op_margin_yoy": -7.73633748801534,
      "rev_growth_yoy": 0.0584542958022754,
      "rev_growth_yoy_accel": -1.0063597199049827,
      "fcf_margin_change": -0.19512252085908166
    },
    {
      "date": "2022-09-30T00:00:00",
      "quarter_label": "2022-09 (Q3)",
      "revenue": 16528000,
      "gross_profit": 9307000,
      "operating_income": -50734000,
      "net_income": -22511000,
      "opex": 67262000,
      "cogs": 7221000,
      "rd": 29902000,
      "sga": 30139000,
      "fcf": -44253000,
      "ocf": -43273000,
      "capex": -980000,
      "gross_margin": 0.5631050338818974,
      "op_margin": -3.0695788964181996,
      "fcf_margin": -2.677456437560503,
      "incr_op_margin_yoy": 0.17796796137809962,
      "rev_growth_yoy": -0.21612520749347877,
      "rev_growth_yoy_accel": -0.2745795032957542,
      "fcf_margin_change": -0.4678302594391437
    },
    {
      "date": "2022-12-31T00:00:00",
      "quarter_label": "2022-12 (Q4)",
      "revenue": 16404000,
      "gross_profit": 8686000,
      "operating_income": -54634000,
      "net_income": -26948000,
      "opex": 71038000,
      "cogs": 7718000,
      "rd": 35121000,
      "sga": 28199000,
      "fcf": -47935000,
      "ocf": -47844000,
      "capex": -91000,
      "gross_margin": 0.5295049987807852,
      "op_margin": -3.3305291392343332,
      "fcf_margin": -2.922153133382102,
      "incr_op_margin_yoy": -3.935363247863248,
      "rev_growth_yoy": -0.10242941562705186,
      "rev_growth_yoy_accel": 0.1136957918664269,
      "fcf_margin_change": -0.2446966958215988
    },
    {
      "date": "2023-03-31T00:00:00",
      "quarter_label": "2023-03 (Q1)",
      "revenue": 12429000,
      "gross_profit": 5980000,
      "operating_income": -58867000,
      "net_income": -21537000,
      "opex": 71296000,
      "cogs": 6449000,
      "rd": 39506000,
      "sga": 25341000,
      "fcf": -43220000,
      "ocf": -43220000,
      "capex": null,
      "gross_margin": 0.48113283449995975,
      "op_margin": -4.736261967978115,
      "fcf_margin": -3.477351355700378,
      "incr_op_margin_yoy": 1.0087856645789839,
      "rev_growth_yoy": -0.4805015673981191,
      "rev_growth_yoy_accel": -0.37807215177106723,
      "fcf_margin_change": -0.5551982223182761
    },
    {
      "date": "2023-06-30T00:00:00",
      "quarter_label": "2023-06 (Q2)",
      "revenue": 17386000,
      "gross_profit": 9619000,
      "operating_income": -50105000,
      "net_income": -24776000,
      "opex": 67491000,
      "cogs": 7767000,
      "rd": 32142000,
      "sga": 24439000,
      "fcf": -33325000,
      "ocf": -33291000,
      "capex": -34000,
      "gross_margin": 0.5532612446796273,
      "op_margin": -2.881916484527781,
      "fcf_margin": -1.916772115495226,
      "incr_op_margin_yoy": -0.5473333333333333,
      "rev_growth_yoy": -0.07942391189240708,
      "rev_growth_yoy_accel": 0.40107765550571206,
      "op_leverage_ratio": Infinity,
      "fcf_margin_change": 1.5605792402051522
    },
    {
      "date": "2023-09-30T00:00:00",
      "quarter_label": "2023-09 (Q3)",
      "revenue": 34752000,
      "gross_profit": 28323000,
      "operating_income": -13758000,
      "net_income": -5045000,
      "opex": 48510000,
      "cogs": 6429000,
      "rd": 20348000,
      "sga": 21733000,
      "fcf": -16780000,
      "ocf": -16779000,
      "capex": -1000,
      "gross_margin": 0.815003453038674,
      "op_margin": -0.39589088397790057,
      "fcf_margin": -0.4828499079189687,
      "incr_op_margin_yoy": 2.028972783143108,
      "rev_growth_yoy": 1.1026137463697967,
      "rev_growth_yoy_accel": 1.1820376582622039,
      "op_leverage_ratio": Infinity,
      "fcf_margin_change": 1.4339222075762572
    },
    {
      "date": "2023-12-31T00:00:00",
      "quarter_label": "2023-12 (Q4)",
      "revenue": 19946000,
      "gross_profit": 13931000,
      "operating_income": -19614000,
      "net_income": -9279000,
      "opex": 39560000,
      "cogs": 6015000,
      "rd": 14076000,
      "sga": 22612000,
      "fcf": -34963000,
      "ocf": -34935000,
      "capex": -28000,
      "gross_margin": 0.6984357765968114,
      "op_margin": -0.9833550586583776,
      "fcf_margin": -1.7528827835154919,
      "incr_op_margin_yoy": 9.887069452286843,
      "rev_growth_yoy": 0.21592294562301878,
      "rev_growth_yoy_accel": -0.886690800746778,
      "fcf_margin_change": -1.2700328755965231
    },
    {
      "date": "2024-03-31T00:00:00",
      "quarter_label": "2024-03 (Q1)",
      "revenue": 13030000,
      "gross_profit": 6214000,
      "operating_income": -36566000,
      "net_income": -15417000,
      "opex": 49596000,
      "cogs": 6816000,
      "rd": 24839000,
      "sga": 17941000,
      "fcf": -25387000,
      "ocf": -25387000,
      "capex": null,
      "gross_margin": 0.47689946277820416,
      "op_margin": -2.8062931696085958,
      "fcf_margin": -1.9483499616270146,
      "rev_growth_yoy": 0.04835465443720331,
      "rev_growth_yoy_accel": -0.16756829118581545,
      "fcf_margin_change": -0.1954671781115227
    },
    {
      "date": "2024-06-30T00:00:00",
      "quarter_label": "2024-06 (Q2)",
      "revenue": 14896000,
      "gross_profit": 8355000,
      "operating_income": -27788000,
      "net_income": -10948000,
      "opex": 42684000,
      "cogs": 6541000,
      "rd": 12671000,
      "sga": 20823000,
      "fcf": -21838000,
      "ocf": -21838000,
      "capex": null,
      "gross_margin": 0.5608888292158969,
      "op_margin": -1.86546723952739,
      "fcf_margin": -1.466031149301826,
      "incr_op_margin_yoy": -8.962650602409639,
      "rev_growth_yoy": -0.14321868169791788,
      "rev_growth_yoy_accel": -0.19157333613512117,
      "op_leverage_ratio": Infinity,
      "fcf_margin_change": 0.4823188123251885
    },
    {
      "date": "2024-09-30T00:00:00",
      "quarter_label": "2024-09 (Q3)",
      "revenue": 14629000,
      "gross_profit": 9344000,
      "operating_income": -22095000,
      "net_income": -12867000,
      "opex": 36724000,
      "cogs": 5285000,
      "rd": 9446000,
      "sga": 21993000,
      "fcf": -20059000,
      "ocf": -20059000,
      "capex": null,
      "gross_margin": 0.6387312871693213,
      "op_margin": -1.510356141909905,
      "fcf_margin": -1.371180531820357,
      "incr_op_margin_yoy": 0.41430204243900015,
      "rev_growth_yoy": -0.5790458103130756,
      "rev_growth_yoy_accel": -0.4358271286151577,
      "fcf_margin_change": 0.09485061748146917
    },
    {
      "date": "2024-12-31T00:00:00",
      "quarter_label": "2024-12 (Q4)",
      "revenue": 15120000,
      "gross_profit": 12883000,
      "operating_income": -23835000,
      "net_income": -6765000,
      "opex": 38955000,
      "cogs": 2237000,
      "rd": null,
      "sga": 26864000,
      "fcf": -12907000,
      "ocf": -12907000,
      "capex": null,
      "gross_margin": 0.8520502645502646,
      "op_margin": -1.5763888888888888,
      "fcf_margin": -0.8536375661375661,
      "incr_op_margin_yoy": 0.8746373808537091,
      "rev_growth_yoy": -0.2419532738393663,
      "rev_growth_yoy_accel": 0.3370925364737093,
      "op_leverage_ratio": 0.5524808900393382,
      "fcf_margin_change": 0.5175429656827908
    },
    {
      "date": "2025-03-31T00:00:00",
      "quarter_label": "2025-03 (Q1)",
      "revenue": 13139000,
      "gross_profit": 8349000,
      "operating_income": -22317000,
      "net_income": -10584000,
      "opex": 35456000,
      "cogs": 4790000,
      "rd": null,
      "sga": 25663000,
      "fcf": -19563000,
      "ocf": -19563000,
      "capex": null,
      "gross_margin": 0.6354364867950377,
      "op_margin": -1.698531090646168,
      "fcf_margin": -1.4889260978765508,
      "rev_growth_yoy": 0.008365310821181887,
      "rev_growth_yoy_accel": 0.2503185846605482,
      "fcf_margin_change": -0.6352885317389847
    },
    {
      "date": "2025-06-30T00:00:00",
      "quarter_label": "2025-06 (Q2)",
      "revenue": 16413000,
      "gross_profit": 11474000,
      "operating_income": -36473000,
      "net_income": 15486000,
      "opex": 52886000,
      "cogs": 4939000,
      "rd": null,
      "sga": 38757000,
      "fcf": -27560000,
      "ocf": -27560000,
      "capex": null,
      "gross_margin": 0.6990799975629074,
      "op_margin": -2.2222019131176505,
      "fcf_margin": -1.679156765978188,
      "incr_op_margin_yoy": -5.725115359261701,
      "rev_growth_yoy": 0.10183941997851773,
      "rev_growth_yoy_accel": 0.09347410915733584,
      "op_leverage_ratio": 0.5068841532286605,
      "fcf_margin_change": -0.19023066810163725
    },
    {
      "date": "2025-09-30T00:00:00",
      "quarter_label": "2025-09 (Q3)",
      "revenue": 17631000,
      "gross_profit": 11876000,
      "operating_income": -6811000,
      "net_income": 5850000,
      "opex": 24442000,
      "cogs": 5755000,
      "rd": null,
      "sga": 17415000,
      "fcf": -6110000,
      "ocf": -6110000,
      "capex": null,
      "gross_margin": 0.6735862968634792,
      "op_margin": -0.3863082071351597,
      "fcf_margin": -0.346548692643639,
      "incr_op_margin_yoy": 5.091272485009993,
      "rev_growth_yoy": 0.20520883177250668,
      "rev_growth_yoy_accel": 0.10336941179398895,
      "op_leverage_ratio": Infinity,
      "fcf_margin_change": 1.3326080733345491
    }
  ],
  "signals": [
    {
      "quarter": "2025-09 (Q3)",
      "signal": "FCF MARGIN EXPANSION",
      "detail": "FCF margin: -167.9% -> -34.7% (+133.3%)",
      "severity": "MEDIUM"
    },
    {
      "quarter": "2025-09 (Q3)",
      "signal": "YoY REVENUE GROWTH ACCELERATION",
      "detail": "YoY growth: +20.5% vs prior quarter YoY: +10.2% (accel: +10.3%)",
      "severity": "MEDIUM"
    },
    {
      "quarter": "2025-06 (Q2)",
      "signal": "GROSS MARGIN INFLECTION",
      "detail": "GM: +85.2% -> +63.5% -> +69.9% (reversal +6.4%)",
      "severity": "HIGH"
    },
    {
      "quarter": "2025-06 (Q2)",
      "signal": "YoY REVENUE GROWTH ACCELERATION",
      "detail": "YoY growth: +10.2% vs prior quarter YoY: +0.8% (accel: +9.3%)",
      "severity": "MEDIUM"
    },
    {
      "quarter": "2025-03 (Q1)",
      "signal": "YoY REVENUE GROWTH ACCELERATION",
      "detail": "YoY growth: +0.8% vs prior quarter YoY: -24.2% (accel: +25.0%)",
      "severity": "HIGH"
    },
    {
      "quarter": "2024-12 (Q4)",
      "signal": "FCF MARGIN EXPANSION",
      "detail": "FCF margin: -137.1% -> -85.4% (+51.8%)",
      "severity": "MEDIUM"
    },
    {
      "quarter": "2024-12 (Q4)",
      "signal": "YoY REVENUE GROWTH ACCELERATION",
      "detail": "YoY growth: -24.2% vs prior quarter YoY: -57.9% (accel: +33.7%)",
      "severity": "HIGH"
    },
    {
      "quarter": "2024-09 (Q3)",
      "signal": "FCF MARGIN EXPANSION",
      "detail": "FCF margin: -146.6% -> -137.1% (+9.5%)",
      "severity": "MEDIUM"
    },
    {
      "quarter": "2024-09 (Q3)",
      "signal": "YoY REVENUE GROWTH DECELERATION",
      "detail": "YoY growth: -57.9% vs prior quarter YoY: -14.3% (decel: -43.6%)",
      "severity": "WARNING"
    },
    {
      "quarter": "2024-06 (Q2)",
      "signal": "FCF MARGIN EXPANSION",
      "detail": "FCF margin: -194.8% -> -146.6% (+48.2%)",
      "severity": "MEDIUM"
    },
    {
      "quarter": "2024-06 (Q2)",
      "signal": "GROSS MARGIN INFLECTION",
      "detail": "GM: +69.8% -> +47.7% -> +56.1% (reversal +8.4%)",
      "severity": "HIGH"
    },
    {
      "quarter": "2024-06 (Q2)",
      "signal": "YoY REVENUE GROWTH DECELERATION",
      "detail": "YoY growth: -14.3% vs prior quarter YoY: +4.8% (decel: -19.2%)",
      "severity": "WARNING"
    },
    {
      "quarter": "2024-03 (Q1)",
      "signal": "YoY REVENUE GROWTH DECELERATION",
      "detail": "YoY growth: +4.8% vs prior quarter YoY: +21.6% (decel: -16.8%)",
      "severity": "WARNING"
    },
    {
      "quarter": "2023-12 (Q4)",
      "signal": "YoY REVENUE GROWTH DECELERATION",
      "detail": "YoY growth: +21.6% vs prior quarter YoY: +110.3% (decel: -88.7%)",
      "severity": "WARNING"
    },
    {
      "quarter": "2023-09 (Q3)",
      "signal": "FCF MARGIN EXPANSION",
      "detail": "FCF margin: -191.7% -> -48.3% (+143.4%)",
      "severity": "MEDIUM"
    },
    {
      "quarter": "2023-09 (Q3)",
      "signal": "YoY REVENUE GROWTH ACCELERATION",
      "detail": "YoY growth: +110.3% vs prior quarter YoY: -7.9% (accel: +118.2%)",
      "severity": "HIGH"
    },
    {
      "quarter": "2023-06 (Q2)",
      "signal": "FCF MARGIN EXPANSION",
      "detail": "FCF margin: -347.7% -> -191.7% (+156.1%)",
      "severity": "MEDIUM"
    },
    {
      "quarter": "2023-06 (Q2)",
      "signal": "GROSS MARGIN INFLECTION",
      "detail": "GM: +53.0% -> +48.1% -> +55.3% (reversal +7.2%)",
      "severity": "HIGH"
    },
    {
      "quarter": "2023-06 (Q2)",
      "signal": "YoY REVENUE GROWTH ACCELERATION",
      "detail": "YoY growth: -7.9% vs prior quarter YoY: -48.1% (accel: +40.1%)",
      "severity": "HIGH"
    },
    {
      "quarter": "2023-03 (Q1)",
      "signal": "YoY REVENUE GROWTH DECELERATION",
      "detail": "YoY growth: -48.1% vs prior quarter YoY: -10.2% (decel: -37.8%)",
      "severity": "WARNING"
    },
    {
      "quarter": "2022-12 (Q4)",
      "signal": "YoY REVENUE GROWTH ACCELERATION",
      "detail": "YoY growth: -10.2% vs prior quarter YoY: -21.6% (accel: +11.4%)",
      "severity": "MEDIUM"
    },
    {
      "quarter": "2022-09 (Q3)",
      "signal": "YoY REVENUE GROWTH DECELERATION",
      "detail": "YoY growth: -21.6% vs prior quarter YoY: +5.8% (decel: -27.5%)",
      "severity": "WARNING"
    },
    {
      "quarter": "2022-06 (Q2)",
      "signal": "YoY REVENUE GROWTH DECELERATION",
      "detail": "YoY growth: +5.8% vs prior quarter YoY: +106.5% (decel: -100.6%)",
      "severity": "WARNING"
    },
    {
      "quarter": "2022-03 (Q1)",
      "signal": "FCF MARGIN EXPANSION",
      "detail": "FCF margin: -222.4% -> -201.5% (+21.0%)",
      "severity": "MEDIUM"
    },
    {
      "quarter": "2022-03 (Q1)",
      "signal": "YoY REVENUE GROWTH ACCELERATION",
      "detail": "YoY growth: +106.5% vs prior quarter YoY: +32.9% (accel: +73.6%)",
      "severity": "HIGH"
    },
    {
      "quarter": "2021-09 (Q3)",
      "signal": "FCF MARGIN EXPANSION",
      "detail": "FCF margin: -202.6% -> -105.1% (+97.5%)",
      "severity": "MEDIUM"
    }
  ],
  "data_quality": {
    "n_quarters": 20,
    "coverage": {
      "revenue": [
        20,
        20
      ],
      "gross_profit": [
        20,
        20
      ],
      "op_income": [
        20,
        20
      ],
      "fcf": [
        20,
        20
      ]
    },
    "gaps": [],
    "warnings": []
  },
  "market_cap": null,
  "source": "SEC EDGAR",
  "last_updated": "2026-02-03T00:59:41.671046",
  "sector": "Healthcare",
  "industry": "Biotechnology"
}