{
  "ticker": "FC",
  "name": "Franklin Covey Co.",
  "quarters": [
    {
      "date": "2021-02-28T00:00:00",
      "quarter_label": "2021-02 (Q1)",
      "revenue": 48162000,
      "gross_profit": 37340000,
      "operating_income": 844000,
      "net_income": -46000,
      "opex": 36496000,
      "cogs": 10822000,
      "rd": null,
      "sga": 33623000,
      "fcf": 10344000,
      "ocf": 11036000,
      "capex": -692000,
      "gross_margin": 0.7753000290685603,
      "op_margin": 0.01752418919480088,
      "fcf_margin": 0.21477513392300984
    },
    {
      "date": "2021-05-31T00:00:00",
      "quarter_label": "2021-05 (Q2)",
      "revenue": 58736000,
      "gross_profit": 45907000,
      "operating_income": 3114000,
      "net_income": 12754000,
      "opex": 42793000,
      "cogs": 12829000,
      "rd": null,
      "sga": 37762000,
      "fcf": 8632000,
      "ocf": 8940000,
      "capex": -308000,
      "gross_margin": 0.7815819940070825,
      "op_margin": 0.05301688913102697,
      "fcf_margin": 0.1469626804685372,
      "op_leverage_ratio": 1.2724665286366734,
      "fcf_margin_change": -0.06781245345447265
    },
    {
      "date": "2021-08-31T00:00:00",
      "quarter_label": "2021-08 (Q3)",
      "revenue": 68945000,
      "gross_profit": 53268000,
      "operating_income": 4313000,
      "net_income": 1807000,
      "opex": 48955000,
      "cogs": 15677000,
      "rd": null,
      "sga": 42676000,
      "fcf": 14908000,
      "ocf": 15325000,
      "capex": -417000,
      "gross_margin": 0.7726158532163319,
      "op_margin": 0.06255711074044529,
      "fcf_margin": 0.21623032852273552,
      "op_leverage_ratio": 1.207062829548791,
      "fcf_margin_change": 0.06926764805419833
    },
    {
      "date": "2021-11-30T00:00:00",
      "quarter_label": "2021-11 (Q4)",
      "revenue": 61259000,
      "gross_profit": 47598000,
      "operating_income": 5545000,
      "net_income": 3812000,
      "opex": 42053000,
      "cogs": 13661000,
      "rd": null,
      "sga": 39343000,
      "fcf": 9644000,
      "ocf": 10164000,
      "capex": -520000,
      "gross_margin": 0.7769960332359327,
      "op_margin": 0.09051731174194812,
      "fcf_margin": 0.15742992866354333,
      "fcf_margin_change": -0.05880039985919219
    },
    {
      "date": "2022-02-28T00:00:00",
      "quarter_label": "2022-02 (Q1)",
      "revenue": 56599000,
      "gross_profit": 44114000,
      "operating_income": 3517000,
      "net_income": 1878000,
      "opex": 40597000,
      "cogs": 12485000,
      "rd": null,
      "sga": 38061000,
      "fcf": 12330000,
      "ocf": 13074000,
      "capex": -744000,
      "gross_margin": 0.77941306383505,
      "op_margin": 0.0621389070478277,
      "fcf_margin": 0.21784837187936182,
      "incr_op_margin_yoy": 0.31681877444589307,
      "rev_growth_yoy": 0.17517960217598938,
      "fcf_margin_change": 0.06041844321581849
    },
    {
      "date": "2022-05-31T00:00:00",
      "quarter_label": "2022-05 (Q2)",
      "revenue": 66176000,
      "gross_profit": 51132000,
      "operating_income": 5949000,
      "net_income": 7162000,
      "opex": 45183000,
      "cogs": 15044000,
      "rd": null,
      "sga": 42637000,
      "fcf": 15482000,
      "ocf": 16298000,
      "capex": -816000,
      "gross_margin": 0.7726668278529981,
      "op_margin": 0.08989663926499034,
      "fcf_margin": 0.23395188588007737,
      "incr_op_margin_yoy": 0.3810483870967742,
      "rev_growth_yoy": 0.12666848270226097,
      "rev_growth_yoy_accel": -0.04851111947372841,
      "op_leverage_ratio": 1.4978924115898886,
      "fcf_margin_change": 0.016103514000715552
    },
    {
      "date": "2022-08-31T00:00:00",
      "quarter_label": "2022-08 (Q3)",
      "revenue": 78806000,
      "gross_profit": 59067000,
      "operating_income": 8663000,
      "net_income": 5578000,
      "opex": 50404000,
      "cogs": 19739000,
      "rd": null,
      "sga": 39741000,
      "fcf": 11621000,
      "ocf": 12718000,
      "capex": -1097000,
      "gross_margin": 0.7495241479075198,
      "op_margin": 0.1099281780575083,
      "fcf_margin": 0.14746339111235185,
      "incr_op_margin_yoy": 0.44113173106175846,
      "rev_growth_yoy": 0.1430270505475379,
      "rev_growth_yoy_accel": 0.016358567845276922,
      "op_leverage_ratio": 1.6516735265019225,
      "fcf_margin_change": -0.08648849476772552
    },
    {
      "date": "2022-11-30T00:00:00",
      "quarter_label": "2022-11 (Q4)",
      "revenue": 69369000,
      "gross_profit": 52742000,
      "operating_income": 6392000,
      "net_income": 4667000,
      "opex": 46350000,
      "cogs": 16627000,
      "rd": null,
      "sga": 44012000,
      "fcf": 1777000,
      "ocf": 3017000,
      "capex": -1240000,
      "gross_margin": 0.7603108016549179,
      "op_margin": 0.09214490622612406,
      "fcf_margin": 0.02561662990673067,
      "incr_op_margin_yoy": 0.10443896424167694,
      "rev_growth_yoy": 0.1323887102303335,
      "rev_growth_yoy_accel": -0.010638340317204398,
      "fcf_margin_change": -0.12184676120562118
    },
    {
      "date": "2023-02-28T00:00:00",
      "quarter_label": "2023-02 (Q1)",
      "revenue": 61756000,
      "gross_profit": 47210000,
      "operating_income": 2828000,
      "net_income": 1739000,
      "opex": 44382000,
      "cogs": 14546000,
      "rd": null,
      "sga": 42338000,
      "fcf": 6787000,
      "ocf": 8191000,
      "capex": -1404000,
      "gross_margin": 0.7644601334283309,
      "op_margin": 0.04579312131614742,
      "fcf_margin": 0.10990025260703414,
      "incr_op_margin_yoy": -0.13360480899747915,
      "rev_growth_yoy": 0.09111468400501775,
      "rev_growth_yoy_accel": -0.041274026225315744,
      "fcf_margin_change": 0.08428362270030346
    },
    {
      "date": "2023-05-31T00:00:00",
      "quarter_label": "2023-05 (Q2)",
      "revenue": 71441000,
      "gross_profit": 54233000,
      "operating_income": 6572000,
      "net_income": 4563000,
      "opex": 47661000,
      "cogs": 17208000,
      "rd": null,
      "sga": 45641000,
      "fcf": 13838000,
      "ocf": 14739000,
      "capex": -901000,
      "gross_margin": 0.7591299113954172,
      "op_margin": 0.09199199339314959,
      "fcf_margin": 0.19369829649640963,
      "incr_op_margin_yoy": 0.11832858499525166,
      "rev_growth_yoy": 0.0795605657640232,
      "rev_growth_yoy_accel": -0.011554118240994546,
      "op_leverage_ratio": 2.1226867985076234,
      "fcf_margin_change": 0.08379804388937549
    },
    {
      "date": "2023-08-31T00:00:00",
      "quarter_label": "2023-08 (Q3)",
      "revenue": 77956000,
      "gross_profit": 59305000,
      "operating_income": 10568000,
      "net_income": 6812000,
      "opex": 48737000,
      "cogs": 18651000,
      "rd": null,
      "sga": 46525000,
      "fcf": 8821000,
      "ocf": 9791000,
      "capex": -970000,
      "gross_margin": 0.7607496536507774,
      "op_margin": 0.13556365129047154,
      "fcf_margin": 0.11315357381086767,
      "rev_growth_yoy": -0.010785980762886074,
      "rev_growth_yoy_accel": -0.09034654652690928,
      "op_leverage_ratio": 4.039408490506295,
      "fcf_margin_change": -0.08054472268554196
    },
    {
      "date": "2023-11-30T00:00:00",
      "quarter_label": "2023-11 (Q4)",
      "revenue": 68399000,
      "gross_profit": 52277000,
      "operating_income": 5329000,
      "net_income": 4851000,
      "opex": 46948000,
      "cogs": 16122000,
      "rd": null,
      "sga": 44786000,
      "fcf": 16366000,
      "ocf": 17438000,
      "capex": -1072000,
      "gross_margin": 0.7642947996315735,
      "op_margin": 0.07791049576748198,
      "fcf_margin": 0.23927250398397637,
      "rev_growth_yoy": -0.013983191339070767,
      "rev_growth_yoy_accel": -0.0031972105761846926,
      "fcf_margin_change": 0.1261189301731087
    },
    {
      "date": "2024-02-29T00:00:00",
      "quarter_label": "2024-02 (Q1)",
      "revenue": 61336000,
      "gross_profit": 46851000,
      "operating_income": 1442000,
      "net_income": 874000,
      "opex": 45409000,
      "cogs": 14485000,
      "rd": null,
      "sga": 40771000,
      "fcf": 12130000,
      "ocf": 12774000,
      "capex": -644000,
      "gross_margin": 0.7638417894874135,
      "op_margin": 0.02350984739793922,
      "fcf_margin": 0.1977631407330116,
      "rev_growth_yoy": -0.006800958611309023,
      "rev_growth_yoy_accel": 0.007182232727761744,
      "fcf_margin_change": -0.04150936325096477
    },
    {
      "date": "2024-05-31T00:00:00",
      "quarter_label": "2024-05 (Q2)",
      "revenue": 73373000,
      "gross_profit": 56206000,
      "operating_income": 8343000,
      "net_income": 5721000,
      "opex": 47863000,
      "cogs": 17167000,
      "rd": null,
      "sga": 45110000,
      "fcf": 7271000,
      "ocf": 8173000,
      "capex": -902000,
      "gross_margin": 0.7660311013588105,
      "op_margin": 0.11370667684298039,
      "fcf_margin": 0.09909639785752253,
      "incr_op_margin_yoy": 0.9166666666666666,
      "rev_growth_yoy": 0.027043294466762784,
      "rev_growth_yoy_accel": 0.033844253078071804,
      "op_leverage_ratio": 3.6313673948374094,
      "fcf_margin_change": -0.09866674287548907
    },
    {
      "date": "2024-08-31T00:00:00",
      "quarter_label": "2024-08 (Q3)",
      "revenue": 84124000,
      "gross_profit": 65736000,
      "operating_income": 17928000,
      "net_income": 11956000,
      "opex": 47808000,
      "cogs": 18388000,
      "rd": null,
      "sga": 45853000,
      "fcf": 20796000,
      "ocf": 21872000,
      "capex": -1076000,
      "gross_margin": 0.7814179068993391,
      "op_margin": 0.21311397460891066,
      "fcf_margin": 0.24720650468356237,
      "incr_op_margin_yoy": 1.1932555123216602,
      "rev_growth_yoy": 0.0791215557493971,
      "rev_growth_yoy_accel": 0.05207826128263431,
      "op_leverage_ratio": Infinity,
      "fcf_margin_change": 0.14811010682603984
    },
    {
      "date": "2024-11-30T00:00:00",
      "quarter_label": "2024-11 (Q4)",
      "revenue": 69086000,
      "gross_profit": 52711000,
      "operating_income": 1475000,
      "net_income": 1181000,
      "opex": 51236000,
      "cogs": 16375000,
      "rd": null,
      "sga": 47204000,
      "fcf": 13147000,
      "ocf": 14145000,
      "capex": -998000,
      "gross_margin": 0.7629765799148887,
      "op_margin": 0.02135020119850621,
      "fcf_margin": 0.19029904756390587,
      "rev_growth_yoy": 0.010044006491322973,
      "rev_growth_yoy_accel": -0.06907754925807412,
      "fcf_margin_change": -0.0569074571196565
    },
    {
      "date": "2025-02-28T00:00:00",
      "quarter_label": "2025-02 (Q1)",
      "revenue": 59612000,
      "gross_profit": 45746000,
      "operating_income": -1455000,
      "net_income": -1076000,
      "opex": 47201000,
      "cogs": 13866000,
      "rd": null,
      "sga": 45087000,
      "fcf": -2642000,
      "ocf": -1369000,
      "capex": -1273000,
      "gross_margin": 0.7673958263436892,
      "op_margin": -0.02440783734818493,
      "fcf_margin": -0.04431993558343958,
      "incr_op_margin_yoy": 1.6803944315545243,
      "rev_growth_yoy": -0.028107473588104864,
      "rev_growth_yoy_accel": -0.03815148007942784,
      "fcf_margin_change": -0.23461898314734544
    },
    {
      "date": "2025-05-31T00:00:00",
      "quarter_label": "2025-05 (Q2)",
      "revenue": 67121000,
      "gross_profit": 51322000,
      "operating_income": -2203000,
      "net_income": -1409000,
      "opex": 53525000,
      "cogs": 15799000,
      "rd": null,
      "sga": 46676000,
      "fcf": 4484000,
      "ocf": 6263000,
      "capex": -1779000,
      "gross_margin": 0.7646191206924807,
      "op_margin": -0.03282132268589562,
      "fcf_margin": 0.06680472579371582,
      "incr_op_margin_yoy": 1.6868202175303904,
      "rev_growth_yoy": -0.085208455426383,
      "rev_growth_yoy_accel": -0.057100981838278136,
      "op_leverage_ratio": 0.9401729460250291,
      "fcf_margin_change": 0.1111246613771554
    },
    {
      "date": "2025-08-31T00:00:00",
      "quarter_label": "2025-08 (Q3)",
      "revenue": 71248000,
      "gross_profit": 53790000,
      "operating_income": 7887000,
      "net_income": 4372000,
      "opex": 45903000,
      "cogs": 17458000,
      "rd": null,
      "sga": 43718000,
      "fcf": 5735000,
      "ocf": 9938000,
      "capex": -4203000,
      "gross_margin": 0.754968560520997,
      "op_margin": 0.11069784415001123,
      "fcf_margin": 0.08049348753649226,
      "incr_op_margin_yoy": 0.7798229263746506,
      "rev_growth_yoy": -0.15305976891255765,
      "rev_growth_yoy_accel": -0.06785131348617465,
      "op_leverage_ratio": Infinity,
      "fcf_margin_change": 0.013688761742776431
    },
    {
      "date": "2025-11-30T00:00:00",
      "quarter_label": "2025-11 (Q4)",
      "revenue": 64045000,
      "gross_profit": 48374000,
      "operating_income": -3651000,
      "net_income": -3289000,
      "opex": 52025000,
      "cogs": 15671000,
      "rd": null,
      "sga": 46121000,
      "fcf": -1629000,
      "ocf": 98000,
      "capex": -1727000,
      "gross_margin": 0.755312670778359,
      "op_margin": -0.057006792099305176,
      "fcf_margin": -0.02543524084627996,
      "incr_op_margin_yoy": 1.0168617337829795,
      "rev_growth_yoy": -0.0729670266045219,
      "rev_growth_yoy_accel": 0.08009274230803576,
      "fcf_margin_change": -0.10592872838277222
    }
  ],
  "signals": [
    {
      "quarter": "2025-11 (Q4)",
      "signal": "YoY REVENUE GROWTH ACCELERATION",
      "detail": "YoY growth: -7.3% vs prior quarter YoY: -15.3% (accel: +8.0%)",
      "severity": "MEDIUM"
    },
    {
      "quarter": "2025-08 (Q3)",
      "signal": "YoY REVENUE GROWTH DECELERATION",
      "detail": "YoY growth: -15.3% vs prior quarter YoY: -8.5% (decel: -6.8%)",
      "severity": "WARNING"
    },
    {
      "quarter": "2025-08 (Q3)",
      "signal": "INCREMENTAL MARGIN (YoY)",
      "detail": "YoY Incr OPM: +78.0% vs year-ago OPM: +21.3%",
      "severity": "HIGH"
    },
    {
      "quarter": "2025-08 (Q3)",
      "signal": "OP MARGIN TURNED POSITIVE (QoQ)",
      "detail": "Op margin: -3.3% -> +11.1%",
      "severity": "HIGH"
    },
    {
      "quarter": "2025-05 (Q2)",
      "signal": "FCF TURNED POSITIVE",
      "detail": "FCF margin: -4.4% -> +6.7%",
      "severity": "HIGH"
    },
    {
      "quarter": "2025-05 (Q2)",
      "signal": "YoY REVENUE GROWTH DECELERATION",
      "detail": "YoY growth: -8.5% vs prior quarter YoY: -2.8% (decel: -5.7%)",
      "severity": "WARNING"
    },
    {
      "quarter": "2024-11 (Q4)",
      "signal": "YoY REVENUE GROWTH DECELERATION",
      "detail": "YoY growth: +1.0% vs prior quarter YoY: +7.9% (decel: -6.9%)",
      "severity": "WARNING"
    },
    {
      "quarter": "2024-08 (Q3)",
      "signal": "FCF MARGIN EXPANSION",
      "detail": "FCF margin: +9.9% -> +24.7% (+14.8%)",
      "severity": "MEDIUM"
    },
    {
      "quarter": "2024-08 (Q3)",
      "signal": "YoY REVENUE GROWTH ACCELERATION",
      "detail": "YoY growth: +7.9% vs prior quarter YoY: +2.7% (accel: +5.2%)",
      "severity": "MEDIUM"
    },
    {
      "quarter": "2024-08 (Q3)",
      "signal": "INCREMENTAL MARGIN (YoY)",
      "detail": "YoY Incr OPM: +119.3% vs year-ago OPM: +13.6%",
      "severity": "HIGH"
    },
    {
      "quarter": "2024-05 (Q2)",
      "signal": "OPERATING LEVERAGE",
      "detail": "Rev growth +19.6% vs OpEx growth +5.4% (leverage: 3.6x)",
      "severity": "MEDIUM"
    },
    {
      "quarter": "2024-05 (Q2)",
      "signal": "INCREMENTAL MARGIN (YoY)",
      "detail": "YoY Incr OPM: +91.7% vs year-ago OPM: +9.2%",
      "severity": "HIGH"
    },
    {
      "quarter": "2023-11 (Q4)",
      "signal": "FCF MARGIN EXPANSION",
      "detail": "FCF margin: +11.3% -> +23.9% (+12.6%)",
      "severity": "MEDIUM"
    },
    {
      "quarter": "2023-08 (Q3)",
      "signal": "OPERATING LEVERAGE",
      "detail": "Rev growth +9.1% vs OpEx growth +2.3% (leverage: 4.0x)",
      "severity": "MEDIUM"
    },
    {
      "quarter": "2023-08 (Q3)",
      "signal": "YoY REVENUE GROWTH DECELERATION",
      "detail": "YoY growth: -1.1% vs prior quarter YoY: +8.0% (decel: -9.0%)",
      "severity": "WARNING"
    },
    {
      "quarter": "2023-05 (Q2)",
      "signal": "FCF MARGIN EXPANSION",
      "detail": "FCF margin: +11.0% -> +19.4% (+8.4%)",
      "severity": "MEDIUM"
    },
    {
      "quarter": "2023-05 (Q2)",
      "signal": "OPERATING LEVERAGE",
      "detail": "Rev growth +15.7% vs OpEx growth +7.4% (leverage: 2.1x)",
      "severity": "MEDIUM"
    },
    {
      "quarter": "2023-02 (Q1)",
      "signal": "FCF MARGIN EXPANSION",
      "detail": "FCF margin: +2.6% -> +11.0% (+8.4%)",
      "severity": "MEDIUM"
    },
    {
      "quarter": "2022-08 (Q3)",
      "signal": "OPERATING LEVERAGE",
      "detail": "Rev growth +19.1% vs OpEx growth +11.6% (leverage: 1.7x)",
      "severity": "MEDIUM"
    },
    {
      "quarter": "2022-08 (Q3)",
      "signal": "INCREMENTAL MARGIN (YoY)",
      "detail": "YoY Incr OPM: +44.1% vs year-ago OPM: +6.3%",
      "severity": "HIGH"
    },
    {
      "quarter": "2022-05 (Q2)",
      "signal": "INCREMENTAL MARGIN (YoY)",
      "detail": "YoY Incr OPM: +38.1% vs year-ago OPM: +5.3%",
      "severity": "HIGH"
    },
    {
      "quarter": "2022-02 (Q1)",
      "signal": "FCF MARGIN EXPANSION",
      "detail": "FCF margin: +15.7% -> +21.8% (+6.0%)",
      "severity": "MEDIUM"
    },
    {
      "quarter": "2022-02 (Q1)",
      "signal": "INCREMENTAL MARGIN (YoY)",
      "detail": "YoY Incr OPM: +31.7% vs year-ago OPM: +1.8%",
      "severity": "HIGH"
    },
    {
      "quarter": "2021-08 (Q3)",
      "signal": "FCF MARGIN EXPANSION",
      "detail": "FCF margin: +14.7% -> +21.6% (+6.9%)",
      "severity": "MEDIUM"
    }
  ],
  "data_quality": {
    "n_quarters": 20,
    "coverage": {
      "revenue": [
        20,
        20
      ],
      "gross_profit": [
        20,
        20
      ],
      "op_income": [
        20,
        20
      ],
      "fcf": [
        20,
        20
      ]
    },
    "gaps": [],
    "warnings": []
  },
  "market_cap": null,
  "source": "SEC EDGAR",
  "last_updated": "2026-02-02T22:54:40.653127",
  "sector": "Consumer Defensive",
  "industry": "Education & Training Services"
}