{
  "ticker": "FCN",
  "name": "FTI CONSULTING, INC",
  "quarters": [
    {
      "date": "2020-12-31T00:00:00",
      "quarter_label": "2020-12 (Q4)",
      "revenue": 626581000,
      "gross_profit": 186307000,
      "operating_income": 70938000,
      "net_income": 55589000,
      "opex": 555643000,
      "cogs": 440274000,
      "rd": null,
      "sga": 112422000,
      "fcf": 176348000,
      "ocf": 186092000,
      "capex": -9744000,
      "gross_margin": 0.29733905113624576,
      "op_margin": 0.11321441282132717,
      "fcf_margin": 0.2814448570895064
    },
    {
      "date": "2021-03-31T00:00:00",
      "quarter_label": "2021-03 (Q1)",
      "revenue": 686277000,
      "gross_profit": 217853000,
      "operating_income": 88506000,
      "net_income": 64496000,
      "opex": 597771000,
      "cogs": 468424000,
      "rd": null,
      "sga": 126546000,
      "fcf": -174560000,
      "ocf": -166584000,
      "capex": -7976000,
      "gross_margin": 0.3174417909969298,
      "op_margin": 0.12896541775405557,
      "fcf_margin": -0.25435793418692454,
      "op_leverage_ratio": 1.256588312101644,
      "fcf_margin_change": -0.5358027912764309
    },
    {
      "date": "2021-06-30T00:00:00",
      "quarter_label": "2021-06 (Q2)",
      "revenue": 711486000,
      "gross_profit": 220764000,
      "operating_income": 83980000,
      "net_income": 62782000,
      "opex": 627506000,
      "cogs": 490722000,
      "rd": null,
      "sga": 133930000,
      "fcf": 105838000,
      "ocf": 125558000,
      "capex": -19720000,
      "gross_margin": 0.31028579620681224,
      "op_margin": 0.11803464860868661,
      "fcf_margin": 0.1487562650565155,
      "op_leverage_ratio": 0.7384533641781743,
      "fcf_margin_change": 0.40311419924344005
    },
    {
      "date": "2021-09-30T00:00:00",
      "quarter_label": "2021-09 (Q3)",
      "revenue": 702228000,
      "gross_profit": 229993000,
      "operating_income": 88533000,
      "net_income": 69480000,
      "opex": 613695000,
      "cogs": 472235000,
      "rd": null,
      "sga": 138600000,
      "fcf": 172201000,
      "ocf": 196946000,
      "capex": -24745000,
      "gross_margin": 0.3275189824387521,
      "op_margin": 0.12607443736222423,
      "fcf_margin": 0.24522092539744927,
      "fcf_margin_change": 0.09646466034093376
    },
    {
      "date": "2021-12-31T00:00:00",
      "quarter_label": "2021-12 (Q4)",
      "revenue": 676231000,
      "gross_profit": 192105000,
      "operating_income": 51029000,
      "net_income": 38208000,
      "opex": 625202000,
      "cogs": 484126000,
      "rd": null,
      "sga": 138768000,
      "fcf": 183339000,
      "ocf": 199563000,
      "capex": -16224000,
      "gross_margin": 0.2840819187526156,
      "op_margin": 0.07546090019534744,
      "fcf_margin": 0.27111889280438195,
      "incr_op_margin_yoy": -0.4009869083585096,
      "rev_growth_yoy": 0.07923955562010339,
      "fcf_margin_change": 0.025897967406932676
    },
    {
      "date": "2022-03-31T00:00:00",
      "quarter_label": "2022-03 (Q1)",
      "revenue": 723620000,
      "gross_profit": 230516000,
      "operating_income": 79277000,
      "net_income": 59321000,
      "opex": 644343000,
      "cogs": 493104000,
      "rd": null,
      "sga": 148971000,
      "fcf": -216385000,
      "ocf": -203778000,
      "capex": -12607000,
      "gross_margin": 0.3185594649125231,
      "op_margin": 0.10955612061579283,
      "fcf_margin": -0.29903125950084297,
      "incr_op_margin_yoy": -0.2471413651822296,
      "rev_growth_yoy": 0.05441388826960542,
      "rev_growth_yoy_accel": -0.024825667350497967,
      "op_leverage_ratio": 2.2889600021233307,
      "fcf_margin_change": -0.5701501523052249
    },
    {
      "date": "2022-06-30T00:00:00",
      "quarter_label": "2022-06 (Q2)",
      "revenue": 754992000,
      "gross_profit": 234912000,
      "operating_income": 64235000,
      "net_income": 51428000,
      "opex": 690757000,
      "cogs": 520080000,
      "rd": null,
      "sga": 167940000,
      "fcf": 22017000,
      "ocf": 35047000,
      "capex": -13030000,
      "gross_margin": 0.3111450187551656,
      "op_margin": 0.08508037171254795,
      "fcf_margin": 0.029161898404221502,
      "incr_op_margin_yoy": -0.453845446605066,
      "rev_growth_yoy": 0.061148075998684444,
      "rev_growth_yoy_accel": 0.006734187729079022,
      "op_leverage_ratio": 0.6018659323488893,
      "fcf_margin_change": 0.3281931579050645
    },
    {
      "date": "2022-09-30T00:00:00",
      "quarter_label": "2022-09 (Q3)",
      "revenue": 775865000,
      "gross_profit": 249211000,
      "operating_income": 87710000,
      "net_income": 77267000,
      "opex": 688155000,
      "cogs": 526654000,
      "rd": null,
      "sga": 159186000,
      "fcf": 114994000,
      "ocf": 128292000,
      "capex": -13298000,
      "gross_margin": 0.3212040754512705,
      "op_margin": 0.11304801737415658,
      "fcf_margin": 0.14821392896960167,
      "incr_op_margin_yoy": -0.011176446623300786,
      "rev_growth_yoy": 0.10486195366746982,
      "rev_growth_yoy_accel": 0.04371387766878538,
      "op_leverage_ratio": Infinity,
      "fcf_margin_change": 0.11905203056538016
    },
    {
      "date": "2022-12-31T00:00:00",
      "quarter_label": "2022-12 (Q4)",
      "revenue": 774431000,
      "gross_profit": 248292000,
      "operating_income": 72656000,
      "net_income": 47498000,
      "opex": 701775000,
      "cogs": 526139000,
      "rd": null,
      "sga": 164973000,
      "fcf": 214849000,
      "ocf": 229233000,
      "capex": -14384000,
      "gross_margin": 0.32061216557704947,
      "op_margin": 0.09381855839965084,
      "fcf_margin": 0.2774282021251732,
      "incr_op_margin_yoy": 0.22023421588594705,
      "rev_growth_yoy": 0.14521664934024026,
      "rev_growth_yoy_accel": 0.04035469567277043,
      "fcf_margin_change": 0.12921427315557155
    },
    {
      "date": "2023-03-31T00:00:00",
      "quarter_label": "2023-03 (Q1)",
      "revenue": 806706000,
      "gross_profit": 253197000,
      "operating_income": 66802000,
      "net_income": 47547000,
      "opex": 739904000,
      "cogs": 553509000,
      "rd": null,
      "sga": 184213000,
      "fcf": -272218000,
      "ocf": -254206000,
      "capex": -18012000,
      "gross_margin": 0.3138652743378629,
      "op_margin": 0.08280835893125872,
      "fcf_margin": -0.33744387670353265,
      "incr_op_margin_yoy": -0.15014563223647787,
      "rev_growth_yoy": 0.1148199331140654,
      "rev_growth_yoy_accel": -0.03039671622617486,
      "op_leverage_ratio": 0.7670541065239389,
      "fcf_margin_change": -0.6148720788287059
    },
    {
      "date": "2023-06-30T00:00:00",
      "quarter_label": "2023-06 (Q2)",
      "revenue": 864591000,
      "gross_profit": 276497000,
      "operating_income": 88709000,
      "net_income": 62395000,
      "opex": 775882000,
      "cogs": 588094000,
      "rd": null,
      "sga": 186371000,
      "fcf": -22009000,
      "ocf": -10994000,
      "capex": -11015000,
      "gross_margin": 0.31980092321109055,
      "op_margin": 0.1026022709003448,
      "fcf_margin": -0.025455967041063347,
      "incr_op_margin_yoy": 0.2233049571620179,
      "rev_growth_yoy": 0.14516577659101024,
      "rev_growth_yoy_accel": 0.030345843476944842,
      "op_leverage_ratio": 1.4756695242443738,
      "fcf_margin_change": 0.3119879096624693
    },
    {
      "date": "2023-09-30T00:00:00",
      "quarter_label": "2023-09 (Q3)",
      "revenue": 893261000,
      "gross_profit": 294457000,
      "operating_income": 107029000,
      "net_income": 83317000,
      "opex": 786232000,
      "cogs": 598804000,
      "rd": null,
      "sga": 186088000,
      "fcf": 92478000,
      "ocf": 106675000,
      "capex": -14197000,
      "gross_margin": 0.32964273599765354,
      "op_margin": 0.11981828379387435,
      "fcf_margin": 0.10352853197441733,
      "incr_op_margin_yoy": 0.16456267675218916,
      "rev_growth_yoy": 0.15130982838509277,
      "rev_growth_yoy_accel": 0.0061440517940825334,
      "op_leverage_ratio": 2.4858350621533445,
      "fcf_margin_change": 0.12898449901548067
    },
    {
      "date": "2023-12-31T00:00:00",
      "quarter_label": "2023-12 (Q4)",
      "revenue": 924684000,
      "gross_profit": 310875000,
      "operating_income": 115021000,
      "net_income": 81633000,
      "opex": 809663000,
      "cogs": 613809000,
      "rd": null,
      "sga": 194634000,
      "fcf": 376731000,
      "ocf": 382986000,
      "capex": -6255000,
      "gross_margin": 0.3361959328808544,
      "op_margin": 0.12438952117696424,
      "fcf_margin": 0.40741593885046135,
      "incr_op_margin_yoy": 0.28195776457042454,
      "rev_growth_yoy": 0.19401728494856224,
      "rev_growth_yoy_accel": 0.04270745656346947,
      "op_leverage_ratio": 1.180399900488459,
      "fcf_margin_change": 0.303887406876044
    },
    {
      "date": "2024-03-31T00:00:00",
      "quarter_label": "2024-03 (Q1)",
      "revenue": 928553000,
      "gross_profit": 302519000,
      "operating_income": 99633000,
      "net_income": 79965000,
      "opex": 828920000,
      "cogs": 626034000,
      "rd": null,
      "sga": 201870000,
      "fcf": -279458000,
      "ocf": -274818000,
      "capex": -4640000,
      "gross_margin": 0.3257961581083686,
      "op_margin": 0.1072992063996347,
      "fcf_margin": -0.30096074214395946,
      "incr_op_margin_yoy": 0.2694444672417048,
      "rev_growth_yoy": 0.15104263511118052,
      "rev_growth_yoy_accel": -0.04297464983738172,
      "fcf_margin_change": -0.7083766809944207
    },
    {
      "date": "2024-06-30T00:00:00",
      "quarter_label": "2024-06 (Q2)",
      "revenue": 949156000,
      "gross_profit": 311407000,
      "operating_income": 104092000,
      "net_income": 83947000,
      "opex": 845064000,
      "cogs": 637749000,
      "rd": null,
      "sga": 206235000,
      "fcf": 125166000,
      "ocf": 135226000,
      "capex": -10060000,
      "gross_margin": 0.3280883226782531,
      "op_margin": 0.10966795763815432,
      "fcf_margin": 0.1318708410419362,
      "incr_op_margin_yoy": 0.18190740850233547,
      "rev_growth_yoy": 0.09780925316132136,
      "rev_growth_yoy_accel": -0.05323338194985916,
      "op_leverage_ratio": 1.1392662568476415,
      "fcf_margin_change": 0.43283158318589565
    },
    {
      "date": "2024-09-30T00:00:00",
      "quarter_label": "2024-09 (Q3)",
      "revenue": 926019000,
      "gross_profit": 297940000,
      "operating_income": 90892000,
      "net_income": 66466000,
      "opex": 835127000,
      "cogs": 628079000,
      "rd": null,
      "sga": 205995000,
      "fcf": 212345000,
      "ocf": 219374000,
      "capex": -7029000,
      "gross_margin": 0.32174285840787287,
      "op_margin": 0.09815349361082223,
      "fcf_margin": 0.2293095498040537,
      "incr_op_margin_yoy": -0.4926124916051041,
      "rev_growth_yoy": 0.0366723723525375,
      "rev_growth_yoy_accel": -0.06113688080878386,
      "fcf_margin_change": 0.09743870876211749
    },
    {
      "date": "2024-12-31T00:00:00",
      "quarter_label": "2024-12 (Q4)",
      "revenue": 894924000,
      "gross_profit": 270060000,
      "operating_income": 52745000,
      "net_income": 49710000,
      "opex": 842179000,
      "cogs": 624864000,
      "rd": null,
      "sga": 208051000,
      "fcf": 301636000,
      "ocf": 315315000,
      "capex": -13679000,
      "gross_margin": 0.3017686418064551,
      "op_margin": 0.05893796568200205,
      "fcf_margin": 0.33705208486977667,
      "incr_op_margin_yoy": 2.0926075268817206,
      "rev_growth_yoy": -0.03218396771221304,
      "rev_growth_yoy_accel": -0.06885634006475054,
      "fcf_margin_change": 0.10774253506572298
    },
    {
      "date": "2025-03-31T00:00:00",
      "quarter_label": "2025-03 (Q1)",
      "revenue": 898282000,
      "gross_profit": 289354000,
      "operating_income": 78707000,
      "net_income": 61824000,
      "opex": 819575000,
      "cogs": 608928000,
      "rd": null,
      "sga": 184335000,
      "fcf": -483013000,
      "ocf": -465210000,
      "capex": -17803000,
      "gross_margin": 0.322119334462897,
      "op_margin": 0.08761947807036098,
      "fcf_margin": -0.5377075350502404,
      "incr_op_margin_yoy": 0.6912886921476,
      "rev_growth_yoy": -0.03260018544983431,
      "rev_growth_yoy_accel": -0.00041621773762127307,
      "fcf_margin_change": -0.874759619920017
    },
    {
      "date": "2025-06-30T00:00:00",
      "quarter_label": "2025-06 (Q2)",
      "revenue": 943662000,
      "gross_profit": 302521000,
      "operating_income": 99264000,
      "net_income": 71698000,
      "opex": 844398000,
      "cogs": 641141000,
      "rd": null,
      "sga": 202204000,
      "fcf": 38268000,
      "ocf": 55693000,
      "capex": -17425000,
      "gross_margin": 0.3205819456542703,
      "op_margin": 0.10519020581521774,
      "fcf_margin": 0.04055265550589088,
      "incr_op_margin_yoy": 0.8787768474699672,
      "rev_growth_yoy": -0.00578830034262018,
      "rev_growth_yoy_accel": 0.026811885107214134,
      "op_leverage_ratio": 1.6679622964656575,
      "fcf_margin_change": 0.5782601905561313
    },
    {
      "date": "2025-09-30T00:00:00",
      "quarter_label": "2025-09 (Q3)",
      "revenue": 956167000,
      "gross_profit": 317934000,
      "operating_income": 117670000,
      "net_income": 82818000,
      "opex": 838497000,
      "cogs": 638233000,
      "rd": null,
      "sga": 199484000,
      "fcf": 186979000,
      "ocf": 201893000,
      "capex": -14914000,
      "gross_margin": 0.3325088608998219,
      "op_margin": 0.12306427642869917,
      "fcf_margin": 0.1955505680493052,
      "incr_op_margin_yoy": 0.8882181239219848,
      "rev_growth_yoy": 0.03255656741384356,
      "rev_growth_yoy_accel": 0.03834486775646374,
      "op_leverage_ratio": Infinity,
      "fcf_margin_change": 0.15499791254341433
    }
  ],
  "signals": [
    {
      "quarter": "2025-09 (Q3)",
      "signal": "FCF MARGIN EXPANSION",
      "detail": "FCF margin: +4.1% -> +19.6% (+15.5%)",
      "severity": "MEDIUM"
    },
    {
      "quarter": "2025-09 (Q3)",
      "signal": "INCREMENTAL MARGIN (YoY)",
      "detail": "YoY Incr OPM: +88.8% vs year-ago OPM: +9.8%",
      "severity": "HIGH"
    },
    {
      "quarter": "2025-06 (Q2)",
      "signal": "FCF TURNED POSITIVE",
      "detail": "FCF margin: -53.8% -> +4.1%",
      "severity": "HIGH"
    },
    {
      "quarter": "2025-06 (Q2)",
      "signal": "OPERATING LEVERAGE",
      "detail": "Rev growth +5.1% vs OpEx growth +3.0% (leverage: 1.7x)",
      "severity": "MEDIUM"
    },
    {
      "quarter": "2025-06 (Q2)",
      "signal": "INCREMENTAL MARGIN (YoY)",
      "detail": "YoY Incr OPM: +87.9% vs year-ago OPM: +11.0%",
      "severity": "HIGH"
    },
    {
      "quarter": "2025-03 (Q1)",
      "signal": "GROSS MARGIN INFLECTION",
      "detail": "GM: +32.2% -> +30.2% -> +32.2% (reversal +2.0%)",
      "severity": "MEDIUM"
    },
    {
      "quarter": "2025-03 (Q1)",
      "signal": "INCREMENTAL MARGIN (YoY)",
      "detail": "YoY Incr OPM: +69.1% vs year-ago OPM: +10.7%",
      "severity": "HIGH"
    },
    {
      "quarter": "2024-12 (Q4)",
      "signal": "FCF MARGIN EXPANSION",
      "detail": "FCF margin: +22.9% -> +33.7% (+10.8%)",
      "severity": "MEDIUM"
    },
    {
      "quarter": "2024-12 (Q4)",
      "signal": "YoY REVENUE GROWTH DECELERATION",
      "detail": "YoY growth: -3.2% vs prior quarter YoY: +3.7% (decel: -6.9%)",
      "severity": "WARNING"
    },
    {
      "quarter": "2024-12 (Q4)",
      "signal": "INCREMENTAL MARGIN (YoY)",
      "detail": "YoY Incr OPM: +209.3% vs year-ago OPM: +12.4%",
      "severity": "HIGH"
    },
    {
      "quarter": "2024-09 (Q3)",
      "signal": "FCF MARGIN EXPANSION",
      "detail": "FCF margin: +13.2% -> +22.9% (+9.7%)",
      "severity": "MEDIUM"
    },
    {
      "quarter": "2024-09 (Q3)",
      "signal": "YoY REVENUE GROWTH DECELERATION",
      "detail": "YoY growth: +3.7% vs prior quarter YoY: +9.8% (decel: -6.1%)",
      "severity": "WARNING"
    },
    {
      "quarter": "2024-06 (Q2)",
      "signal": "FCF TURNED POSITIVE",
      "detail": "FCF margin: -30.1% -> +13.2%",
      "severity": "HIGH"
    },
    {
      "quarter": "2024-06 (Q2)",
      "signal": "YoY REVENUE GROWTH DECELERATION",
      "detail": "YoY growth: +9.8% vs prior quarter YoY: +15.1% (decel: -5.3%)",
      "severity": "WARNING"
    },
    {
      "quarter": "2024-03 (Q1)",
      "signal": "INCREMENTAL MARGIN (YoY)",
      "detail": "YoY Incr OPM: +26.9% vs year-ago OPM: +8.3%",
      "severity": "MEDIUM"
    },
    {
      "quarter": "2023-12 (Q4)",
      "signal": "FCF MARGIN EXPANSION",
      "detail": "FCF margin: +10.4% -> +40.7% (+30.4%)",
      "severity": "MEDIUM"
    },
    {
      "quarter": "2023-12 (Q4)",
      "signal": "INCREMENTAL MARGIN (YoY)",
      "detail": "YoY Incr OPM: +28.2% vs year-ago OPM: +9.4%",
      "severity": "MEDIUM"
    },
    {
      "quarter": "2023-09 (Q3)",
      "signal": "FCF TURNED POSITIVE",
      "detail": "FCF margin: -2.5% -> +10.4%",
      "severity": "HIGH"
    },
    {
      "quarter": "2023-09 (Q3)",
      "signal": "OPERATING LEVERAGE",
      "detail": "Rev growth +3.3% vs OpEx growth +1.3% (leverage: 2.5x)",
      "severity": "MEDIUM"
    },
    {
      "quarter": "2023-06 (Q2)",
      "signal": "FCF MARGIN EXPANSION",
      "detail": "FCF margin: -33.7% -> -2.5% (+31.2%)",
      "severity": "MEDIUM"
    },
    {
      "quarter": "2023-06 (Q2)",
      "signal": "INCREMENTAL MARGIN (YoY)",
      "detail": "YoY Incr OPM: +22.3% vs year-ago OPM: +8.5%",
      "severity": "MEDIUM"
    },
    {
      "quarter": "2022-12 (Q4)",
      "signal": "FCF MARGIN EXPANSION",
      "detail": "FCF margin: +14.8% -> +27.7% (+12.9%)",
      "severity": "MEDIUM"
    },
    {
      "quarter": "2022-12 (Q4)",
      "signal": "INCREMENTAL MARGIN (YoY)",
      "detail": "YoY Incr OPM: +22.0% vs year-ago OPM: +7.5%",
      "severity": "MEDIUM"
    },
    {
      "quarter": "2022-09 (Q3)",
      "signal": "FCF MARGIN EXPANSION",
      "detail": "FCF margin: +2.9% -> +14.8% (+11.9%)",
      "severity": "MEDIUM"
    },
    {
      "quarter": "2022-06 (Q2)",
      "signal": "FCF TURNED POSITIVE",
      "detail": "FCF margin: -29.9% -> +2.9%",
      "severity": "HIGH"
    },
    {
      "quarter": "2022-03 (Q1)",
      "signal": "OPERATING LEVERAGE",
      "detail": "Rev growth +7.0% vs OpEx growth +3.1% (leverage: 2.3x)",
      "severity": "MEDIUM"
    },
    {
      "quarter": "2022-03 (Q1)",
      "signal": "GROSS MARGIN INFLECTION",
      "detail": "GM: +32.8% -> +28.4% -> +31.9% (reversal +3.4%)",
      "severity": "MEDIUM"
    },
    {
      "quarter": "2021-09 (Q3)",
      "signal": "FCF MARGIN EXPANSION",
      "detail": "FCF margin: +14.9% -> +24.5% (+9.6%)",
      "severity": "MEDIUM"
    },
    {
      "quarter": "2021-06 (Q2)",
      "signal": "FCF TURNED POSITIVE",
      "detail": "FCF margin: -25.4% -> +14.9%",
      "severity": "HIGH"
    }
  ],
  "data_quality": {
    "n_quarters": 20,
    "coverage": {
      "revenue": [
        20,
        20
      ],
      "gross_profit": [
        20,
        20
      ],
      "op_income": [
        20,
        20
      ],
      "fcf": [
        20,
        20
      ]
    },
    "gaps": [],
    "warnings": []
  },
  "market_cap": null,
  "source": "SEC EDGAR",
  "last_updated": "2026-02-02T20:57:03.269817"
}