{
  "ticker": "FCX",
  "name": "Freeport-McMoRan Inc.",
  "quarters": [
    {
      "date": "2020-12-31T00:00:00",
      "quarter_label": "2020-12 (Q4)",
      "revenue": 4495000000,
      "gross_profit": 1429000000,
      "operating_income": 1709000000,
      "net_income": null,
      "opex": 2786000000,
      "cogs": 3066000000,
      "rd": null,
      "sga": 97000000,
      "fcf": 1327000000,
      "ocf": 1327000000,
      "capex": null,
      "gross_margin": 0.31790878754171303,
      "op_margin": 0.38020022246941043,
      "fcf_margin": 0.29521690767519465
    },
    {
      "date": "2021-03-31T00:00:00",
      "quarter_label": "2021-03 (Q1)",
      "revenue": 4850000000,
      "gross_profit": 1644000000,
      "operating_income": 1532000000,
      "net_income": null,
      "opex": 3318000000,
      "cogs": 3206000000,
      "rd": null,
      "sga": 100000000,
      "fcf": 1075000000,
      "ocf": 1075000000,
      "capex": null,
      "gross_margin": 0.3389690721649484,
      "op_margin": 0.31587628865979384,
      "fcf_margin": 0.22164948453608246,
      "op_leverage_ratio": 0.4135881974123295,
      "fcf_margin_change": -0.07356742313911219
    },
    {
      "date": "2021-06-30T00:00:00",
      "quarter_label": "2021-06 (Q2)",
      "revenue": 5748000000,
      "gross_profit": 2198000000,
      "operating_income": 2067000000,
      "net_income": null,
      "opex": 3681000000,
      "cogs": 3550000000,
      "rd": null,
      "sga": 87000000,
      "fcf": 2395000000,
      "ocf": 2395000000,
      "capex": null,
      "gross_margin": 0.3823938761308281,
      "op_margin": 0.3596033402922756,
      "fcf_margin": 0.4166666666666667,
      "op_leverage_ratio": 1.6924052142796284,
      "fcf_margin_change": 0.19501718213058422
    },
    {
      "date": "2021-09-30T00:00:00",
      "quarter_label": "2021-09 (Q3)",
      "revenue": 6083000000,
      "gross_profit": 2532000000,
      "operating_income": 2462000000,
      "net_income": null,
      "opex": 3621000000,
      "cogs": 3551000000,
      "rd": null,
      "sga": 102000000,
      "fcf": 1965000000,
      "ocf": 1965000000,
      "capex": null,
      "gross_margin": 0.41624198586223904,
      "op_margin": 0.4047345060003288,
      "fcf_margin": 0.32303139898076605,
      "op_leverage_ratio": Infinity,
      "fcf_margin_change": -0.09363526768590064
    },
    {
      "date": "2021-12-31T00:00:00",
      "quarter_label": "2021-12 (Q4)",
      "revenue": 6164000000,
      "gross_profit": 2441000000,
      "operating_income": 2305000000,
      "net_income": null,
      "opex": 3859000000,
      "cogs": 3723000000,
      "rd": null,
      "sga": 94000000,
      "fcf": 2280000000,
      "ocf": 2280000000,
      "capex": null,
      "gross_margin": 0.3960090850097339,
      "op_margin": 0.3739454899415964,
      "fcf_margin": 0.3698896820246593,
      "incr_op_margin_yoy": 0.35710005991611743,
      "rev_growth_yoy": 0.37130144605116794,
      "op_leverage_ratio": 0.20259035720156876,
      "fcf_margin_change": 0.04685828304389328
    },
    {
      "date": "2022-03-31T00:00:00",
      "quarter_label": "2022-03 (Q1)",
      "revenue": 6603000000,
      "gross_profit": 2964000000,
      "operating_income": 2809000000,
      "net_income": null,
      "opex": 3794000000,
      "cogs": 3639000000,
      "rd": null,
      "sga": 115000000,
      "fcf": 1691000000,
      "ocf": 1691000000,
      "capex": null,
      "gross_margin": 0.4488868696047251,
      "op_margin": 0.42541269120096925,
      "fcf_margin": 0.25609571406936243,
      "incr_op_margin_yoy": 0.728465487735311,
      "rev_growth_yoy": 0.3614432989690722,
      "rev_growth_yoy_accel": -0.009858147082095758,
      "op_leverage_ratio": Infinity,
      "fcf_margin_change": -0.11379396795529689
    },
    {
      "date": "2022-06-30T00:00:00",
      "quarter_label": "2022-06 (Q2)",
      "revenue": 5416000000,
      "gross_profit": 1888000000,
      "operating_income": 1736000000,
      "net_income": null,
      "opex": 3680000000,
      "cogs": 3528000000,
      "rd": null,
      "sga": 100000000,
      "fcf": 1621000000,
      "ocf": 1621000000,
      "capex": null,
      "gross_margin": 0.34859675036927623,
      "op_margin": 0.3205317577548006,
      "fcf_margin": 0.2992983751846381,
      "incr_op_margin_yoy": 0.9969879518072289,
      "rev_growth_yoy": -0.05775922059846903,
      "rev_growth_yoy_accel": -0.41920251956754123,
      "fcf_margin_change": 0.04320266111527565
    },
    {
      "date": "2022-09-30T00:00:00",
      "quarter_label": "2022-09 (Q3)",
      "revenue": 5003000000,
      "gross_profit": 1104000000,
      "operating_income": 962000000,
      "net_income": null,
      "opex": 4041000000,
      "cogs": 3899000000,
      "rd": null,
      "sga": 98000000,
      "fcf": 758000000,
      "ocf": 758000000,
      "capex": null,
      "gross_margin": 0.2206675994403358,
      "op_margin": 0.19228462922246653,
      "fcf_margin": 0.15150909454327405,
      "incr_op_margin_yoy": 1.3888888888888888,
      "rev_growth_yoy": -0.17754397501232944,
      "rev_growth_yoy_accel": -0.11978475441386041,
      "fcf_margin_change": -0.14778928064136404
    },
    {
      "date": "2022-12-31T00:00:00",
      "quarter_label": "2022-12 (Q4)",
      "revenue": 5758000000,
      "gross_profit": 1735000000,
      "operating_income": 1530000000,
      "net_income": null,
      "opex": 4228000000,
      "cogs": 4023000000,
      "rd": null,
      "sga": 107000000,
      "fcf": 1069000000,
      "ocf": 1069000000,
      "capex": null,
      "gross_margin": 0.3013199027440083,
      "op_margin": 0.2657172629385203,
      "fcf_margin": 0.1856547412295936,
      "incr_op_margin_yoy": 1.9088669950738917,
      "rev_growth_yoy": -0.06586632057105775,
      "rev_growth_yoy_accel": 0.11167765444127169,
      "op_leverage_ratio": 3.2610968178451216,
      "fcf_margin_change": 0.03414564668631956
    },
    {
      "date": "2023-03-31T00:00:00",
      "quarter_label": "2023-03 (Q1)",
      "revenue": 5389000000,
      "gross_profit": 1825000000,
      "operating_income": 1601000000,
      "net_income": null,
      "opex": 3788000000,
      "cogs": 3564000000,
      "rd": null,
      "sga": 126000000,
      "fcf": 1050000000,
      "ocf": 1050000000,
      "capex": null,
      "gross_margin": 0.3386528112822416,
      "op_margin": 0.2970866580070514,
      "fcf_margin": 0.19484134347745408,
      "incr_op_margin_yoy": 0.9950576606260296,
      "rev_growth_yoy": -0.18385582311070725,
      "rev_growth_yoy_accel": -0.1179895025396495,
      "fcf_margin_change": 0.00918660224786047
    },
    {
      "date": "2023-06-30T00:00:00",
      "quarter_label": "2023-06 (Q2)",
      "revenue": 5737000000,
      "gross_profit": 1641000000,
      "operating_income": 1410000000,
      "net_income": null,
      "opex": 4327000000,
      "cogs": 4096000000,
      "rd": null,
      "sga": 115000000,
      "fcf": 1673000000,
      "ocf": 1673000000,
      "capex": null,
      "gross_margin": 0.2860379989541572,
      "op_margin": 0.24577305211783163,
      "fcf_margin": 0.29161582708732786,
      "incr_op_margin_yoy": -1.0155763239875388,
      "rev_growth_yoy": 0.05926883308714919,
      "rev_growth_yoy_accel": 0.24312465619785645,
      "op_leverage_ratio": 0.4538290222885828,
      "fcf_margin_change": 0.09677448360987378
    },
    {
      "date": "2023-09-30T00:00:00",
      "quarter_label": "2023-09 (Q3)",
      "revenue": 5824000000,
      "gross_profit": 1738000000,
      "operating_income": 1492000000,
      "net_income": null,
      "opex": 4332000000,
      "cogs": 4086000000,
      "rd": null,
      "sga": 118000000,
      "fcf": 1236000000,
      "ocf": 1236000000,
      "capex": null,
      "gross_margin": 0.29842032967032966,
      "op_margin": 0.25618131868131866,
      "fcf_margin": 0.21222527472527472,
      "incr_op_margin_yoy": 0.6455542021924482,
      "rev_growth_yoy": 0.16410153907655406,
      "rev_growth_yoy_accel": 0.10483270598940486,
      "op_leverage_ratio": 13.12354889314973,
      "fcf_margin_change": -0.07939055236205314
    },
    {
      "date": "2023-12-31T00:00:00",
      "quarter_label": "2023-12 (Q4)",
      "revenue": 5905000000,
      "gross_profit": 1956000000,
      "operating_income": 1722000000,
      "net_income": null,
      "opex": 4183000000,
      "cogs": 3949000000,
      "rd": null,
      "sga": 120000000,
      "fcf": 1320000000,
      "ocf": 1320000000,
      "capex": null,
      "gross_margin": 0.33124470787468246,
      "op_margin": 0.2916172734970364,
      "fcf_margin": 0.2235393734123624,
      "incr_op_margin_yoy": 1.3061224489795917,
      "rev_growth_yoy": 0.025529697811740186,
      "rev_growth_yoy_accel": -0.13857184126481387,
      "op_leverage_ratio": Infinity,
      "fcf_margin_change": 0.011314098687087687
    },
    {
      "date": "2024-03-31T00:00:00",
      "quarter_label": "2024-03 (Q1)",
      "revenue": 6321000000,
      "gross_profit": 1882000000,
      "operating_income": 1634000000,
      "net_income": null,
      "opex": 4687000000,
      "cogs": 4439000000,
      "rd": null,
      "sga": 144000000,
      "fcf": 1896000000,
      "ocf": 1896000000,
      "capex": null,
      "gross_margin": 0.29773769973105524,
      "op_margin": 0.2585034013605442,
      "fcf_margin": 0.299952539155197,
      "incr_op_margin_yoy": 0.03540772532188841,
      "rev_growth_yoy": 0.17294488773427352,
      "rev_growth_yoy_accel": 0.14741518992253333,
      "op_leverage_ratio": 0.5846968536214937,
      "fcf_margin_change": 0.07641316574283458
    },
    {
      "date": "2024-06-30T00:00:00",
      "quarter_label": "2024-06 (Q2)",
      "revenue": 6624000000,
      "gross_profit": 2240000000,
      "operating_income": 2049000000,
      "net_income": null,
      "opex": 4575000000,
      "cogs": 4384000000,
      "rd": null,
      "sga": 123000000,
      "fcf": 1956000000,
      "ocf": 1956000000,
      "capex": null,
      "gross_margin": 0.33816425120772947,
      "op_margin": 0.30932971014492755,
      "fcf_margin": 0.29528985507246375,
      "incr_op_margin_yoy": 0.7204058624577226,
      "rev_growth_yoy": 0.15461042356632387,
      "rev_growth_yoy_accel": -0.01833446416794965,
      "op_leverage_ratio": Infinity,
      "fcf_margin_change": -0.004662684082733237
    },
    {
      "date": "2024-09-30T00:00:00",
      "quarter_label": "2024-09 (Q3)",
      "revenue": 6790000000,
      "gross_profit": 2113000000,
      "operating_income": 1938000000,
      "net_income": null,
      "opex": 4852000000,
      "cogs": 4677000000,
      "rd": null,
      "sga": 117000000,
      "fcf": 1872000000,
      "ocf": 1872000000,
      "capex": null,
      "gross_margin": 0.31119293078055965,
      "op_margin": 0.28541973490427097,
      "fcf_margin": 0.275699558173785,
      "incr_op_margin_yoy": 0.4616977225672878,
      "rev_growth_yoy": 0.1658653846153846,
      "rev_growth_yoy_accel": 0.011254961049060735,
      "op_leverage_ratio": 0.4139034950034008,
      "fcf_margin_change": -0.01959029689867875
    },
    {
      "date": "2024-12-31T00:00:00",
      "quarter_label": "2024-12 (Q4)",
      "revenue": 5720000000,
      "gross_profit": 1425000000,
      "operating_income": 1243000000,
      "net_income": null,
      "opex": 4477000000,
      "cogs": 4295000000,
      "rd": null,
      "sga": 129000000,
      "fcf": 1436000000,
      "ocf": 1436000000,
      "capex": null,
      "gross_margin": 0.2491258741258741,
      "op_margin": 0.2173076923076923,
      "fcf_margin": 0.25104895104895103,
      "incr_op_margin_yoy": 2.5891891891891894,
      "rev_growth_yoy": -0.03132938187976291,
      "rev_growth_yoy_accel": -0.19719476649514753,
      "fcf_margin_change": -0.024650607124833968
    },
    {
      "date": "2025-03-31T00:00:00",
      "quarter_label": "2025-03 (Q1)",
      "revenue": 5728000000,
      "gross_profit": 1506000000,
      "operating_income": 1303000000,
      "net_income": null,
      "opex": 4425000000,
      "cogs": 4222000000,
      "rd": null,
      "sga": 154000000,
      "fcf": 1058000000,
      "ocf": 1058000000,
      "capex": null,
      "gross_margin": 0.2629189944134078,
      "op_margin": 0.2274790502793296,
      "fcf_margin": 0.18470670391061453,
      "incr_op_margin_yoy": 0.5581787521079258,
      "rev_growth_yoy": -0.09381426989400411,
      "rev_growth_yoy_accel": -0.0624848880142412,
      "fcf_margin_change": -0.0663422471383365
    },
    {
      "date": "2025-06-30T00:00:00",
      "quarter_label": "2025-06 (Q2)",
      "revenue": 7582000000,
      "gross_profit": 2632000000,
      "operating_income": 2432000000,
      "net_income": null,
      "opex": 5150000000,
      "cogs": 4950000000,
      "rd": null,
      "sga": 127000000,
      "fcf": 2195000000,
      "ocf": 2195000000,
      "capex": null,
      "gross_margin": 0.3471379583223424,
      "op_margin": 0.320759694012134,
      "fcf_margin": 0.28950145080453704,
      "incr_op_margin_yoy": 0.39979123173277664,
      "rev_growth_yoy": 0.1446256038647343,
      "rev_growth_yoy_accel": 0.23843987375873843,
      "op_leverage_ratio": 1.9755225390098248,
      "fcf_margin_change": 0.10479474689392251
    },
    {
      "date": "2025-09-30T00:00:00",
      "quarter_label": "2025-09 (Q3)",
      "revenue": 6972000000,
      "gross_profit": 2142000000,
      "operating_income": 1972000000,
      "net_income": null,
      "opex": 5000000000,
      "cogs": 4830000000,
      "rd": null,
      "sga": 131000000,
      "fcf": 1664000000,
      "ocf": 1664000000,
      "capex": null,
      "gross_margin": 0.3072289156626506,
      "op_margin": 0.28284566838783703,
      "fcf_margin": 0.23866896156052783,
      "incr_op_margin_yoy": 0.18681318681318682,
      "rev_growth_yoy": 0.026804123711340205,
      "rev_growth_yoy_accel": -0.1178214801533941,
      "fcf_margin_change": -0.05083248924400921
    }
  ],
  "signals": [
    {
      "quarter": "2025-09 (Q3)",
      "signal": "YoY REVENUE GROWTH DECELERATION",
      "detail": "YoY growth: +2.7% vs prior quarter YoY: +14.5% (decel: -11.8%)",
      "severity": "WARNING"
    },
    {
      "quarter": "2025-06 (Q2)",
      "signal": "FCF MARGIN EXPANSION",
      "detail": "FCF margin: +18.5% -> +29.0% (+10.5%)",
      "severity": "MEDIUM"
    },
    {
      "quarter": "2025-06 (Q2)",
      "signal": "OPERATING LEVERAGE",
      "detail": "Rev growth +32.4% vs OpEx growth +16.4% (leverage: 2.0x)",
      "severity": "MEDIUM"
    },
    {
      "quarter": "2025-06 (Q2)",
      "signal": "YoY REVENUE GROWTH ACCELERATION",
      "detail": "YoY growth: +14.5% vs prior quarter YoY: -9.4% (accel: +23.8%)",
      "severity": "HIGH"
    },
    {
      "quarter": "2025-03 (Q1)",
      "signal": "YoY REVENUE GROWTH DECELERATION",
      "detail": "YoY growth: -9.4% vs prior quarter YoY: -3.1% (decel: -6.2%)",
      "severity": "WARNING"
    },
    {
      "quarter": "2025-03 (Q1)",
      "signal": "INCREMENTAL MARGIN (YoY)",
      "detail": "YoY Incr OPM: +55.8% vs year-ago OPM: +25.9%",
      "severity": "HIGH"
    },
    {
      "quarter": "2024-12 (Q4)",
      "signal": "YoY REVENUE GROWTH DECELERATION",
      "detail": "YoY growth: -3.1% vs prior quarter YoY: +16.6% (decel: -19.7%)",
      "severity": "WARNING"
    },
    {
      "quarter": "2024-12 (Q4)",
      "signal": "INCREMENTAL MARGIN (YoY)",
      "detail": "YoY Incr OPM: +258.9% vs year-ago OPM: +29.2%",
      "severity": "HIGH"
    },
    {
      "quarter": "2024-09 (Q3)",
      "signal": "INCREMENTAL MARGIN (YoY)",
      "detail": "YoY Incr OPM: +46.2% vs year-ago OPM: +25.6%",
      "severity": "HIGH"
    },
    {
      "quarter": "2024-06 (Q2)",
      "signal": "GROSS MARGIN INFLECTION",
      "detail": "GM: +33.1% -> +29.8% -> +33.8% (reversal +4.0%)",
      "severity": "MEDIUM"
    },
    {
      "quarter": "2024-06 (Q2)",
      "signal": "INCREMENTAL MARGIN (YoY)",
      "detail": "YoY Incr OPM: +72.0% vs year-ago OPM: +24.6%",
      "severity": "HIGH"
    },
    {
      "quarter": "2024-03 (Q1)",
      "signal": "FCF MARGIN EXPANSION",
      "detail": "FCF margin: +22.4% -> +30.0% (+7.6%)",
      "severity": "MEDIUM"
    },
    {
      "quarter": "2024-03 (Q1)",
      "signal": "YoY REVENUE GROWTH ACCELERATION",
      "detail": "YoY growth: +17.3% vs prior quarter YoY: +2.6% (accel: +14.7%)",
      "severity": "MEDIUM"
    },
    {
      "quarter": "2023-12 (Q4)",
      "signal": "YoY REVENUE GROWTH DECELERATION",
      "detail": "YoY growth: +2.6% vs prior quarter YoY: +16.4% (decel: -13.9%)",
      "severity": "WARNING"
    },
    {
      "quarter": "2023-12 (Q4)",
      "signal": "INCREMENTAL MARGIN (YoY)",
      "detail": "YoY Incr OPM: +130.6% vs year-ago OPM: +26.6%",
      "severity": "HIGH"
    },
    {
      "quarter": "2023-09 (Q3)",
      "signal": "OPERATING LEVERAGE",
      "detail": "Rev growth +1.5% vs OpEx growth +0.1% (leverage: 13.1x)",
      "severity": "MEDIUM"
    },
    {
      "quarter": "2023-09 (Q3)",
      "signal": "YoY REVENUE GROWTH ACCELERATION",
      "detail": "YoY growth: +16.4% vs prior quarter YoY: +5.9% (accel: +10.5%)",
      "severity": "MEDIUM"
    },
    {
      "quarter": "2023-09 (Q3)",
      "signal": "INCREMENTAL MARGIN (YoY)",
      "detail": "YoY Incr OPM: +64.6% vs year-ago OPM: +19.2%",
      "severity": "HIGH"
    },
    {
      "quarter": "2023-06 (Q2)",
      "signal": "FCF MARGIN EXPANSION",
      "detail": "FCF margin: +19.5% -> +29.2% (+9.7%)",
      "severity": "MEDIUM"
    },
    {
      "quarter": "2023-06 (Q2)",
      "signal": "YoY REVENUE GROWTH ACCELERATION",
      "detail": "YoY growth: +5.9% vs prior quarter YoY: -18.4% (accel: +24.3%)",
      "severity": "HIGH"
    },
    {
      "quarter": "2023-03 (Q1)",
      "signal": "YoY REVENUE GROWTH DECELERATION",
      "detail": "YoY growth: -18.4% vs prior quarter YoY: -6.6% (decel: -11.8%)",
      "severity": "WARNING"
    },
    {
      "quarter": "2023-03 (Q1)",
      "signal": "INCREMENTAL MARGIN (YoY)",
      "detail": "YoY Incr OPM: +99.5% vs year-ago OPM: +42.5%",
      "severity": "HIGH"
    },
    {
      "quarter": "2022-12 (Q4)",
      "signal": "OPERATING LEVERAGE",
      "detail": "Rev growth +15.1% vs OpEx growth +4.6% (leverage: 3.3x)",
      "severity": "MEDIUM"
    },
    {
      "quarter": "2022-12 (Q4)",
      "signal": "GROSS MARGIN INFLECTION",
      "detail": "GM: +34.9% -> +22.1% -> +30.1% (reversal +8.1%)",
      "severity": "HIGH"
    },
    {
      "quarter": "2022-12 (Q4)",
      "signal": "YoY REVENUE GROWTH ACCELERATION",
      "detail": "YoY growth: -6.6% vs prior quarter YoY: -17.8% (accel: +11.2%)",
      "severity": "MEDIUM"
    },
    {
      "quarter": "2022-12 (Q4)",
      "signal": "INCREMENTAL MARGIN (YoY)",
      "detail": "YoY Incr OPM: +190.9% vs year-ago OPM: +37.4%",
      "severity": "HIGH"
    },
    {
      "quarter": "2022-09 (Q3)",
      "signal": "YoY REVENUE GROWTH DECELERATION",
      "detail": "YoY growth: -17.8% vs prior quarter YoY: -5.8% (decel: -12.0%)",
      "severity": "WARNING"
    },
    {
      "quarter": "2022-09 (Q3)",
      "signal": "INCREMENTAL MARGIN (YoY)",
      "detail": "YoY Incr OPM: +138.9% vs year-ago OPM: +40.5%",
      "severity": "HIGH"
    },
    {
      "quarter": "2022-06 (Q2)",
      "signal": "YoY REVENUE GROWTH DECELERATION",
      "detail": "YoY growth: -5.8% vs prior quarter YoY: +36.1% (decel: -41.9%)",
      "severity": "WARNING"
    },
    {
      "quarter": "2022-06 (Q2)",
      "signal": "INCREMENTAL MARGIN (YoY)",
      "detail": "YoY Incr OPM: +99.7% vs year-ago OPM: +36.0%",
      "severity": "HIGH"
    },
    {
      "quarter": "2022-03 (Q1)",
      "signal": "GROSS MARGIN INFLECTION",
      "detail": "GM: +41.6% -> +39.6% -> +44.9% (reversal +5.3%)",
      "severity": "HIGH"
    },
    {
      "quarter": "2022-03 (Q1)",
      "signal": "INCREMENTAL MARGIN (YoY)",
      "detail": "YoY Incr OPM: +72.8% vs year-ago OPM: +31.6%",
      "severity": "HIGH"
    },
    {
      "quarter": "2021-06 (Q2)",
      "signal": "FCF MARGIN EXPANSION",
      "detail": "FCF margin: +22.2% -> +41.7% (+19.5%)",
      "severity": "MEDIUM"
    },
    {
      "quarter": "2021-06 (Q2)",
      "signal": "OPERATING LEVERAGE",
      "detail": "Rev growth +18.5% vs OpEx growth +10.9% (leverage: 1.7x)",
      "severity": "MEDIUM"
    }
  ],
  "data_quality": {
    "n_quarters": 20,
    "coverage": {
      "revenue": [
        20,
        20
      ],
      "gross_profit": [
        20,
        20
      ],
      "op_income": [
        20,
        20
      ],
      "fcf": [
        20,
        20
      ]
    },
    "gaps": [],
    "warnings": []
  },
  "market_cap": null,
  "source": "SEC EDGAR",
  "last_updated": "2026-02-02T19:51:29.292195",
  "sector": "Basic Materials",
  "industry": "Copper"
}