{
  "ticker": "FDCT",
  "name": "FDCTECH, INC.",
  "quarters": [
    {
      "date": "2020-12-31T00:00:00",
      "quarter_label": "2020-12 (Q4)",
      "revenue": 42002,
      "gross_profit": -26613,
      "operating_income": -166261,
      "net_income": -181973,
      "opex": 139648,
      "cogs": 68615,
      "rd": null,
      "sga": null,
      "fcf": 4194,
      "ocf": 4194,
      "capex": null,
      "gross_margin": -0.6336126851102328,
      "op_margin": -3.9584067425360696,
      "fcf_margin": 0.0998523879815247
    },
    {
      "date": "2021-03-31T00:00:00",
      "quarter_label": "2021-03 (Q1)",
      "revenue": 64353,
      "gross_profit": -4263,
      "operating_income": -221736,
      "net_income": -221838,
      "opex": 217473,
      "cogs": 68616,
      "rd": 15600,
      "sga": null,
      "fcf": -12307,
      "ocf": -12307,
      "capex": null,
      "gross_margin": -0.06624399794881357,
      "op_margin": -3.4456202508041582,
      "fcf_margin": -0.19124205553742638,
      "op_leverage_ratio": 0.9548663280118841,
      "fcf_margin_change": -0.2910944435189511
    },
    {
      "date": "2021-06-30T00:00:00",
      "quarter_label": "2021-06 (Q2)",
      "revenue": 82725,
      "gross_profit": 14109,
      "operating_income": -262692,
      "net_income": -265705,
      "opex": 276801,
      "cogs": 68616,
      "rd": 15600,
      "sga": null,
      "fcf": 109066,
      "ocf": 109066,
      "capex": null,
      "gross_margin": 0.17055303717135087,
      "op_margin": -3.175485040797824,
      "fcf_margin": 1.3184164400120884,
      "op_leverage_ratio": 1.0464856478805689,
      "fcf_margin_change": 1.5096584955495147
    },
    {
      "date": "2021-09-30T00:00:00",
      "quarter_label": "2021-09 (Q3)",
      "revenue": 73925,
      "gross_profit": 5309,
      "operating_income": -487057,
      "net_income": -490391,
      "opex": 492366,
      "cogs": 68616,
      "rd": 15600,
      "sga": null,
      "fcf": -201744,
      "ocf": -201744,
      "capex": null,
      "gross_margin": 0.07181602975989178,
      "op_margin": -6.588528914440311,
      "fcf_margin": -2.7290361853229625,
      "fcf_margin_change": -4.047452625335051
    },
    {
      "date": "2021-12-31T00:00:00",
      "quarter_label": "2021-12 (Q4)",
      "revenue": 236658,
      "gross_profit": 27121,
      "operating_income": -762575,
      "net_income": -761964,
      "opex": 789697,
      "cogs": 209537,
      "rd": -15600,
      "sga": null,
      "fcf": -2525167,
      "ocf": -2525167,
      "capex": null,
      "gross_margin": 0.11459997126655343,
      "op_margin": -3.222265885793001,
      "fcf_margin": -10.670110454749047,
      "rev_growth_yoy": 4.634445978762916,
      "op_leverage_ratio": 3.6452906484844556,
      "fcf_margin_change": -7.941074269426084
    },
    {
      "date": "2022-03-31T00:00:00",
      "quarter_label": "2022-03 (Q1)",
      "revenue": 1541122,
      "gross_profit": 165672,
      "operating_income": -392774,
      "net_income": -389196,
      "opex": 558446,
      "cogs": 1375450,
      "rd": 0,
      "sga": null,
      "fcf": -328435,
      "ocf": -328435,
      "capex": null,
      "gross_margin": 0.10750089869588521,
      "op_margin": -0.254862366509595,
      "fcf_margin": -0.21311421159389068,
      "incr_op_margin_yoy": -0.11581906174899392,
      "rev_growth_yoy": 22.94794337482324,
      "rev_growth_yoy_accel": 18.313497396060324,
      "op_leverage_ratio": Infinity,
      "fcf_margin_change": 10.456996243155157
    },
    {
      "date": "2022-06-30T00:00:00",
      "quarter_label": "2022-06 (Q2)",
      "revenue": 1525849,
      "gross_profit": 155121,
      "operating_income": -370934,
      "net_income": -330227,
      "opex": 526055,
      "cogs": 1370728,
      "rd": 0,
      "sga": null,
      "fcf": -32195,
      "ocf": -32195,
      "capex": null,
      "gross_margin": 0.10166209107192127,
      "op_margin": -0.24310007084580454,
      "fcf_margin": -0.0210997287411795,
      "incr_op_margin_yoy": -0.07500533564683284,
      "rev_growth_yoy": 17.444835297673013,
      "rev_growth_yoy_accel": -5.503108077150227,
      "fcf_margin_change": 0.1920144828527112
    },
    {
      "date": "2022-09-30T00:00:00",
      "quarter_label": "2022-09 (Q3)",
      "revenue": 1530126,
      "gross_profit": 198702,
      "operating_income": -195908,
      "net_income": -226065,
      "opex": 394610,
      "cogs": 1331424,
      "rd": 0,
      "sga": null,
      "fcf": 137378,
      "ocf": 137378,
      "capex": null,
      "gross_margin": 0.12985989389109132,
      "op_margin": -0.12803390047616994,
      "fcf_margin": 0.08978214865965287,
      "incr_op_margin_yoy": 0.1999373712832226,
      "rev_growth_yoy": 19.69835644234021,
      "rev_growth_yoy_accel": 2.2535211446671966,
      "fcf_margin_change": 0.11088187740083237
    },
    {
      "date": "2022-12-31T00:00:00",
      "quarter_label": "2022-12 (Q4)",
      "revenue": 1856635,
      "gross_profit": 499445,
      "operating_income": -83429,
      "net_income": -128030,
      "opex": 582874,
      "cogs": 1357190,
      "rd": 0,
      "sga": null,
      "fcf": -292794,
      "ocf": -292794,
      "capex": null,
      "gross_margin": 0.26900548573090566,
      "op_margin": -0.04493559584948038,
      "fcf_margin": -0.15770143296878492,
      "incr_op_margin_yoy": 0.41923187798345285,
      "rev_growth_yoy": 6.845223909607958,
      "rev_growth_yoy_accel": -12.853132532732252,
      "op_leverage_ratio": 0.4472689675405819,
      "fcf_margin_change": -0.24748358162843778
    },
    {
      "date": "2023-03-31T00:00:00",
      "quarter_label": "2023-03 (Q1)",
      "revenue": 1545687,
      "gross_profit": 296541,
      "operating_income": -228153,
      "net_income": -237175,
      "opex": 524694,
      "cogs": 1249146,
      "rd": 0,
      "sga": null,
      "fcf": -96972,
      "ocf": -96972,
      "capex": null,
      "gross_margin": 0.19185061399882383,
      "op_margin": -0.1476062100541701,
      "fcf_margin": -0.06273715182957482,
      "rev_growth_yoy": 0.002962127592753851,
      "rev_growth_yoy_accel": -6.842261782015203,
      "fcf_margin_change": 0.0949642811392101
    },
    {
      "date": "2023-06-30T00:00:00",
      "quarter_label": "2023-06 (Q2)",
      "revenue": 1765149,
      "gross_profit": 442657,
      "operating_income": -54181,
      "net_income": 922343,
      "opex": 496838,
      "cogs": 1322492,
      "rd": 0,
      "sga": null,
      "fcf": -2832653,
      "ocf": -2832653,
      "capex": null,
      "gross_margin": 0.2507759968138667,
      "op_margin": -0.030694859187524678,
      "fcf_margin": -1.6047670763204693,
      "rev_growth_yoy": 0.15683072178177526,
      "rev_growth_yoy_accel": 0.1538685941890214,
      "op_leverage_ratio": Infinity,
      "fcf_margin_change": -1.5420299244908946
    },
    {
      "date": "2023-09-30T00:00:00",
      "quarter_label": "2023-09 (Q3)",
      "revenue": 3646830,
      "gross_profit": 2311165,
      "operating_income": 692369,
      "net_income": 638084,
      "opex": 1618796,
      "cogs": 1335665,
      "rd": 0,
      "sga": null,
      "fcf": 2123729,
      "ocf": 2123729,
      "capex": null,
      "gross_margin": 0.6337462947272015,
      "op_margin": 0.1898550247749415,
      "fcf_margin": 0.58234932804655,
      "incr_op_margin_yoy": 0.4196510234780111,
      "rev_growth_yoy": 1.383352743499555,
      "rev_growth_yoy_accel": 1.2265220217177797,
      "op_leverage_ratio": 0.4720661217189539,
      "fcf_margin_change": 2.1871164043670195
    },
    {
      "date": "2023-12-31T00:00:00",
      "quarter_label": "2023-12 (Q4)",
      "revenue": 5797234,
      "gross_profit": 3197495,
      "operating_income": 1167210,
      "net_income": 206399,
      "opex": 2030285,
      "cogs": 2599739,
      "rd": 0,
      "sga": null,
      "fcf": 21786426,
      "ocf": 21786426,
      "capex": null,
      "gross_margin": 0.55155527618861,
      "op_margin": 0.2013391213809896,
      "fcf_margin": 3.758072556670992,
      "incr_op_margin_yoy": 0.3173728156556909,
      "rev_growth_yoy": 2.1224414060922046,
      "rev_growth_yoy_accel": 0.7390886625926496,
      "op_leverage_ratio": 2.3197353087699053,
      "fcf_margin_change": 3.1757232286244417
    },
    {
      "date": "2024-03-31T00:00:00",
      "quarter_label": "2024-03 (Q1)",
      "revenue": 6376335,
      "gross_profit": 2342101,
      "operating_income": -44246,
      "net_income": 833445,
      "opex": 2386347,
      "cogs": 4034234,
      "rd": 0,
      "sga": null,
      "fcf": 7787146,
      "ocf": 7787146,
      "capex": null,
      "gross_margin": 0.36731147281314425,
      "op_margin": -0.0069390958912917845,
      "fcf_margin": 1.2212573523818933,
      "incr_op_margin_yoy": 0.03807087579140521,
      "rev_growth_yoy": 3.125243338399042,
      "rev_growth_yoy_accel": 1.0028019323068373,
      "op_leverage_ratio": 0.5695932884308006,
      "fcf_margin_change": -2.5368152042890983
    },
    {
      "date": "2024-06-30T00:00:00",
      "quarter_label": "2024-06 (Q2)",
      "revenue": 6129521,
      "gross_profit": 2231372,
      "operating_income": -1118534,
      "net_income": -1045275,
      "opex": 3349906,
      "cogs": 3898149,
      "rd": 0,
      "sga": null,
      "fcf": -7348778,
      "ocf": -7348778,
      "capex": null,
      "gross_margin": 0.3640369288236389,
      "op_margin": -0.18248310104492668,
      "fcf_margin": -1.198915543318964,
      "incr_op_margin_yoy": -0.24387311622382327,
      "rev_growth_yoy": 2.472523282737038,
      "rev_growth_yoy_accel": -0.6527200556620039,
      "fcf_margin_change": -2.4201728957008575
    },
    {
      "date": "2024-09-30T00:00:00",
      "quarter_label": "2024-09 (Q3)",
      "revenue": 5673008,
      "gross_profit": 2660381,
      "operating_income": -523252,
      "net_income": -649565,
      "opex": 3183633,
      "cogs": 3012627,
      "rd": 0,
      "sga": null,
      "fcf": -3994484,
      "ocf": -3994484,
      "capex": null,
      "gross_margin": 0.4689542126505022,
      "op_margin": -0.09223537142905493,
      "fcf_margin": -0.7041209883716011,
      "incr_op_margin_yoy": -0.599957654263347,
      "rev_growth_yoy": 0.5555997948903568,
      "rev_growth_yoy_accel": -1.9169234878466812,
      "fcf_margin_change": 0.4947945549473629
    },
    {
      "date": "2024-12-31T00:00:00",
      "quarter_label": "2024-12 (Q4)",
      "revenue": 8764854,
      "gross_profit": 4807514,
      "operating_income": 883077,
      "net_income": 941422,
      "opex": 3924437,
      "cogs": 3957340,
      "rd": 0,
      "sga": null,
      "fcf": -3679417,
      "ocf": -3679417,
      "capex": null,
      "gross_margin": 0.5484990394591855,
      "op_margin": 0.10075204903584246,
      "fcf_margin": -0.41979216082777876,
      "incr_op_margin_yoy": -0.09574440123735518,
      "rev_growth_yoy": 0.5119027453437277,
      "rev_growth_yoy_accel": -0.04369704954662912,
      "op_leverage_ratio": 2.34220086659635,
      "fcf_margin_change": 0.2843288275438223
    },
    {
      "date": "2025-03-31T00:00:00",
      "quarter_label": "2025-03 (Q1)",
      "revenue": 10112368,
      "gross_profit": 5183624,
      "operating_income": 329660,
      "net_income": 301002,
      "opex": 4853964,
      "cogs": 4928744,
      "rd": 0,
      "sga": null,
      "fcf": 179534,
      "ocf": 179534,
      "capex": null,
      "gross_margin": 0.5126023894700035,
      "op_margin": 0.03259968387226414,
      "fcf_margin": 0.01775390294340554,
      "incr_op_margin_yoy": 0.10008102176827667,
      "rev_growth_yoy": 0.5859216932610974,
      "rev_growth_yoy_accel": 0.07401894791736974,
      "op_leverage_ratio": 0.6490885558497179,
      "fcf_margin_change": 0.4375460637711843
    },
    {
      "date": "2025-06-30T00:00:00",
      "quarter_label": "2025-06 (Q2)",
      "revenue": 5435403,
      "gross_profit": 2321310,
      "operating_income": -164886,
      "net_income": -423797,
      "opex": 2486196,
      "cogs": 3114093,
      "rd": 0,
      "sga": null,
      "fcf": -3343907,
      "ocf": -3343907,
      "capex": null,
      "gross_margin": 0.4270722888440839,
      "op_margin": -0.030335561135025314,
      "fcf_margin": -0.6152086607009637,
      "rev_growth_yoy": -0.11324180143929681,
      "rev_growth_yoy_accel": -0.6991634947003943,
      "fcf_margin_change": -0.6329625636443692
    },
    {
      "date": "2025-09-30T00:00:00",
      "quarter_label": "2025-09 (Q3)",
      "revenue": 5903372,
      "gross_profit": 3770976,
      "operating_income": 658776,
      "net_income": 755408,
      "opex": 3112200,
      "cogs": 2132396,
      "rd": 0,
      "sga": null,
      "fcf": -650675,
      "ocf": -650675,
      "capex": null,
      "gross_margin": 0.6387833936265579,
      "op_margin": 0.11159317081830519,
      "fcf_margin": -0.11022090425607602,
      "rev_growth_yoy": 0.04060702893420915,
      "rev_growth_yoy_accel": 0.15384883037350597,
      "op_leverage_ratio": 0.34193502620889604,
      "fcf_margin_change": 0.5049877564448877
    }
  ],
  "signals": [
    {
      "quarter": "2025-09 (Q3)",
      "signal": "FCF MARGIN EXPANSION",
      "detail": "FCF margin: -61.5% -> -11.0% (+50.5%)",
      "severity": "MEDIUM"
    },
    {
      "quarter": "2025-09 (Q3)",
      "signal": "GROSS MARGIN INFLECTION",
      "detail": "GM: +51.3% -> +42.7% -> +63.9% (reversal +21.2%)",
      "severity": "HIGH"
    },
    {
      "quarter": "2025-09 (Q3)",
      "signal": "YoY REVENUE GROWTH ACCELERATION",
      "detail": "YoY growth: +4.1% vs prior quarter YoY: -11.3% (accel: +15.4%)",
      "severity": "HIGH"
    },
    {
      "quarter": "2025-09 (Q3)",
      "signal": "OP MARGIN TURNED POSITIVE (YoY)",
      "detail": "Op margin: -9.2% (year-ago) -> +11.2%",
      "severity": "HIGH"
    },
    {
      "quarter": "2025-09 (Q3)",
      "signal": "OP MARGIN TURNED POSITIVE (QoQ)",
      "detail": "Op margin: -3.0% -> +11.2%",
      "severity": "HIGH"
    },
    {
      "quarter": "2025-06 (Q2)",
      "signal": "YoY REVENUE GROWTH DECELERATION",
      "detail": "YoY growth: -11.3% vs prior quarter YoY: +58.6% (decel: -69.9%)",
      "severity": "WARNING"
    },
    {
      "quarter": "2025-03 (Q1)",
      "signal": "FCF TURNED POSITIVE",
      "detail": "FCF margin: -42.0% -> +1.8%",
      "severity": "HIGH"
    },
    {
      "quarter": "2025-03 (Q1)",
      "signal": "YoY REVENUE GROWTH ACCELERATION",
      "detail": "YoY growth: +58.6% vs prior quarter YoY: +51.2% (accel: +7.4%)",
      "severity": "MEDIUM"
    },
    {
      "quarter": "2025-03 (Q1)",
      "signal": "OP MARGIN TURNED POSITIVE (YoY)",
      "detail": "Op margin: -0.7% (year-ago) -> +3.3%",
      "severity": "HIGH"
    },
    {
      "quarter": "2024-12 (Q4)",
      "signal": "FCF MARGIN EXPANSION",
      "detail": "FCF margin: -70.4% -> -42.0% (+28.4%)",
      "severity": "MEDIUM"
    },
    {
      "quarter": "2024-12 (Q4)",
      "signal": "OPERATING LEVERAGE",
      "detail": "Rev growth +54.5% vs OpEx growth +23.3% (leverage: 2.3x)",
      "severity": "MEDIUM"
    },
    {
      "quarter": "2024-12 (Q4)",
      "signal": "OP MARGIN TURNED POSITIVE (QoQ)",
      "detail": "Op margin: -9.2% -> +10.1%",
      "severity": "HIGH"
    },
    {
      "quarter": "2024-09 (Q3)",
      "signal": "FCF MARGIN EXPANSION",
      "detail": "FCF margin: -119.9% -> -70.4% (+49.5%)",
      "severity": "MEDIUM"
    },
    {
      "quarter": "2024-09 (Q3)",
      "signal": "GROSS MARGIN INFLECTION",
      "detail": "GM: +36.7% -> +36.4% -> +46.9% (reversal +10.5%)",
      "severity": "HIGH"
    },
    {
      "quarter": "2024-09 (Q3)",
      "signal": "YoY REVENUE GROWTH DECELERATION",
      "detail": "YoY growth: +55.6% vs prior quarter YoY: +247.3% (decel: -191.7%)",
      "severity": "WARNING"
    },
    {
      "quarter": "2024-06 (Q2)",
      "signal": "YoY REVENUE GROWTH DECELERATION",
      "detail": "YoY growth: +247.3% vs prior quarter YoY: +312.5% (decel: -65.3%)",
      "severity": "WARNING"
    },
    {
      "quarter": "2024-03 (Q1)",
      "signal": "YoY REVENUE GROWTH ACCELERATION",
      "detail": "YoY growth: +312.5% vs prior quarter YoY: +212.2% (accel: +100.3%)",
      "severity": "HIGH"
    },
    {
      "quarter": "2023-12 (Q4)",
      "signal": "FCF MARGIN EXPANSION",
      "detail": "FCF margin: +58.2% -> +375.8% (+317.6%)",
      "severity": "MEDIUM"
    },
    {
      "quarter": "2023-12 (Q4)",
      "signal": "OPERATING LEVERAGE",
      "detail": "Rev growth +59.0% vs OpEx growth +25.4% (leverage: 2.3x)",
      "severity": "MEDIUM"
    },
    {
      "quarter": "2023-12 (Q4)",
      "signal": "YoY REVENUE GROWTH ACCELERATION",
      "detail": "YoY growth: +212.2% vs prior quarter YoY: +138.3% (accel: +73.9%)",
      "severity": "HIGH"
    },
    {
      "quarter": "2023-12 (Q4)",
      "signal": "OP MARGIN TURNED POSITIVE (YoY)",
      "detail": "Op margin: -4.5% (year-ago) -> +20.1%",
      "severity": "HIGH"
    },
    {
      "quarter": "2023-09 (Q3)",
      "signal": "FCF TURNED POSITIVE",
      "detail": "FCF margin: -160.5% -> +58.2%",
      "severity": "HIGH"
    },
    {
      "quarter": "2023-09 (Q3)",
      "signal": "YoY REVENUE GROWTH ACCELERATION",
      "detail": "YoY growth: +138.3% vs prior quarter YoY: +15.7% (accel: +122.7%)",
      "severity": "HIGH"
    },
    {
      "quarter": "2023-09 (Q3)",
      "signal": "OP MARGIN TURNED POSITIVE (YoY)",
      "detail": "Op margin: -12.8% (year-ago) -> +19.0%",
      "severity": "HIGH"
    },
    {
      "quarter": "2023-09 (Q3)",
      "signal": "OP MARGIN TURNED POSITIVE (QoQ)",
      "detail": "Op margin: -3.1% -> +19.0%",
      "severity": "HIGH"
    },
    {
      "quarter": "2023-06 (Q2)",
      "signal": "GROSS MARGIN INFLECTION",
      "detail": "GM: +26.9% -> +19.2% -> +25.1% (reversal +5.9%)",
      "severity": "HIGH"
    },
    {
      "quarter": "2023-06 (Q2)",
      "signal": "YoY REVENUE GROWTH ACCELERATION",
      "detail": "YoY growth: +15.7% vs prior quarter YoY: +0.3% (accel: +15.4%)",
      "severity": "HIGH"
    },
    {
      "quarter": "2023-03 (Q1)",
      "signal": "FCF MARGIN EXPANSION",
      "detail": "FCF margin: -15.8% -> -6.3% (+9.5%)",
      "severity": "MEDIUM"
    },
    {
      "quarter": "2023-03 (Q1)",
      "signal": "YoY REVENUE GROWTH DECELERATION",
      "detail": "YoY growth: +0.3% vs prior quarter YoY: +684.5% (decel: -684.2%)",
      "severity": "WARNING"
    },
    {
      "quarter": "2022-12 (Q4)",
      "signal": "YoY REVENUE GROWTH DECELERATION",
      "detail": "YoY growth: +684.5% vs prior quarter YoY: +1969.8% (decel: -1285.3%)",
      "severity": "WARNING"
    },
    {
      "quarter": "2022-09 (Q3)",
      "signal": "FCF TURNED POSITIVE",
      "detail": "FCF margin: -2.1% -> +9.0%",
      "severity": "HIGH"
    },
    {
      "quarter": "2022-09 (Q3)",
      "signal": "GROSS MARGIN INFLECTION",
      "detail": "GM: +10.8% -> +10.2% -> +13.0% (reversal +2.8%)",
      "severity": "MEDIUM"
    },
    {
      "quarter": "2022-09 (Q3)",
      "signal": "YoY REVENUE GROWTH ACCELERATION",
      "detail": "YoY growth: +1969.8% vs prior quarter YoY: +1744.5% (accel: +225.4%)",
      "severity": "HIGH"
    },
    {
      "quarter": "2022-06 (Q2)",
      "signal": "FCF MARGIN EXPANSION",
      "detail": "FCF margin: -21.3% -> -2.1% (+19.2%)",
      "severity": "MEDIUM"
    },
    {
      "quarter": "2022-06 (Q2)",
      "signal": "YoY REVENUE GROWTH DECELERATION",
      "detail": "YoY growth: +1744.5% vs prior quarter YoY: +2294.8% (decel: -550.3%)",
      "severity": "WARNING"
    },
    {
      "quarter": "2022-03 (Q1)",
      "signal": "FCF MARGIN EXPANSION",
      "detail": "FCF margin: -1067.0% -> -21.3% (+1045.7%)",
      "severity": "MEDIUM"
    },
    {
      "quarter": "2022-03 (Q1)",
      "signal": "YoY REVENUE GROWTH ACCELERATION",
      "detail": "YoY growth: +2294.8% vs prior quarter YoY: +463.4% (accel: +1831.3%)",
      "severity": "HIGH"
    },
    {
      "quarter": "2021-12 (Q4)",
      "signal": "OPERATING LEVERAGE",
      "detail": "Rev growth +220.1% vs OpEx growth +60.4% (leverage: 3.6x)",
      "severity": "MEDIUM"
    },
    {
      "quarter": "2021-12 (Q4)",
      "signal": "GROSS MARGIN INFLECTION",
      "detail": "GM: +17.1% -> +7.2% -> +11.5% (reversal +4.3%)",
      "severity": "MEDIUM"
    },
    {
      "quarter": "2021-06 (Q2)",
      "signal": "FCF TURNED POSITIVE",
      "detail": "FCF margin: -19.1% -> +131.8%",
      "severity": "HIGH"
    }
  ],
  "data_quality": {
    "n_quarters": 20,
    "coverage": {
      "revenue": [
        20,
        20
      ],
      "gross_profit": [
        20,
        20
      ],
      "op_income": [
        20,
        20
      ],
      "fcf": [
        20,
        20
      ]
    },
    "gaps": [],
    "warnings": []
  },
  "market_cap": null,
  "source": "SEC EDGAR",
  "last_updated": "2026-02-03T00:01:57.198474",
  "sector": "Financial Services",
  "industry": "Capital Markets"
}