{
  "ticker": "FDS",
  "name": "FACTSET RESEARCH SYSTEMS INC.",
  "quarters": [
    {
      "date": "2021-02-28T00:00:00",
      "quarter_label": "2021-02 (Q1)",
      "revenue": 391788000,
      "gross_profit": null,
      "operating_income": 116133000,
      "net_income": 96643000,
      "opex": 275655000,
      "cogs": null,
      "rd": null,
      "sga": 80132000,
      "fcf": 130235000,
      "ocf": 140660000,
      "capex": -10425000,
      "gross_margin": null,
      "op_margin": 0.2964179607338663,
      "fcf_margin": 0.3324119166487999
    },
    {
      "date": "2021-05-31T00:00:00",
      "quarter_label": "2021-05 (Q2)",
      "revenue": 399558000,
      "gross_profit": 194301000,
      "operating_income": 117702000,
      "net_income": 100679000,
      "opex": 281856000,
      "cogs": 205257000,
      "rd": null,
      "sga": 76599000,
      "fcf": 121657000,
      "ocf": 140313000,
      "capex": -18656000,
      "gross_margin": 0.48628985028456445,
      "op_margin": 0.294580511465169,
      "fcf_margin": 0.304478949238909,
      "op_leverage_ratio": 0.8816049742134912,
      "fcf_margin_change": -0.027932967409890874
    },
    {
      "date": "2021-08-31T00:00:00",
      "quarter_label": "2021-08 (Q3)",
      "revenue": 411894000,
      "gross_profit": 214362000,
      "operating_income": 119176000,
      "net_income": 101062000,
      "opex": 292718000,
      "cogs": 197532000,
      "rd": null,
      "sga": 95186000,
      "fcf": 171066000,
      "ocf": 184977000,
      "capex": -13911000,
      "gross_margin": 0.5204300135471748,
      "op_margin": 0.2893365768862863,
      "fcf_margin": 0.415315590904456,
      "op_leverage_ratio": 0.8011466406339233,
      "fcf_margin_change": 0.11083664166554702
    },
    {
      "date": "2021-11-30T00:00:00",
      "quarter_label": "2021-11 (Q4)",
      "revenue": 424725000,
      "gross_profit": 217594000,
      "operating_income": 122661000,
      "net_income": 107647000,
      "opex": 302064000,
      "cogs": 207131000,
      "rd": null,
      "sga": 94915000,
      "fcf": 64335000,
      "ocf": 72918000,
      "capex": -8583000,
      "gross_margin": 0.5123173818353052,
      "op_margin": 0.2888009888751545,
      "fcf_margin": 0.1514744834893166,
      "op_leverage_ratio": 0.9756604303415432,
      "fcf_margin_change": -0.26384110741513944
    },
    {
      "date": "2022-02-28T00:00:00",
      "quarter_label": "2022-02 (Q1)",
      "revenue": 431119000,
      "gross_profit": 231706000,
      "operating_income": 123348000,
      "net_income": 109938000,
      "opex": 307771000,
      "cogs": 199413000,
      "rd": null,
      "sga": 108376000,
      "fcf": 110071000,
      "ocf": 122034000,
      "capex": -11963000,
      "gross_margin": 0.537452536306681,
      "op_margin": 0.2861112593042756,
      "fcf_margin": 0.25531465790187857,
      "incr_op_margin_yoy": 0.18344308560677328,
      "rev_growth_yoy": 0.10038847539996121,
      "op_leverage_ratio": 0.7968120688859754,
      "fcf_margin_change": 0.10384017441256196
    },
    {
      "date": "2022-05-31T00:00:00",
      "quarter_label": "2022-05 (Q2)",
      "revenue": 488751000,
      "gross_profit": 266133000,
      "operating_income": 97254000,
      "net_income": 74910000,
      "opex": 391497000,
      "cogs": 222618000,
      "rd": null,
      "sga": 119881000,
      "fcf": 176568000,
      "ocf": 191972000,
      "capex": -15404000,
      "gross_margin": 0.5445165329585003,
      "op_margin": 0.19898475911046729,
      "fcf_margin": 0.3612637109693893,
      "incr_op_margin_yoy": -0.22925565907638493,
      "rev_growth_yoy": 0.22322916823089514,
      "rev_growth_yoy_accel": 0.12284069283093393,
      "op_leverage_ratio": 0.4913985608266965,
      "fcf_margin_change": 0.10594905306751073
    },
    {
      "date": "2022-08-31T00:00:00",
      "quarter_label": "2022-08 (Q3)",
      "revenue": 499297000,
      "gross_profit": 257353000,
      "operating_income": 132219000,
      "net_income": 104422000,
      "opex": 367078000,
      "cogs": 241944000,
      "rd": null,
      "sga": 123847000,
      "fcf": 136147000,
      "ocf": 151353000,
      "capex": -15206000,
      "gross_margin": 0.5154306955579545,
      "op_margin": 0.2648103233145803,
      "fcf_margin": 0.27267738440246986,
      "incr_op_margin_yoy": 0.14922828735855748,
      "rev_growth_yoy": 0.21219779846271128,
      "rev_growth_yoy_accel": -0.011031369768183863,
      "op_leverage_ratio": Infinity,
      "fcf_margin_change": -0.08858632656691945
    },
    {
      "date": "2022-11-30T00:00:00",
      "quarter_label": "2022-11 (Q4)",
      "revenue": 504815000,
      "gross_profit": 277773000,
      "operating_income": 171895000,
      "net_income": 136798000,
      "opex": 332920000,
      "cogs": 227042000,
      "rd": null,
      "sga": 105596000,
      "fcf": 88676000,
      "ocf": 106636000,
      "capex": -17960000,
      "gross_margin": 0.5502471202321643,
      "op_margin": 0.3405108802234482,
      "fcf_margin": 0.1756603904400622,
      "incr_op_margin_yoy": 0.6147334248969909,
      "rev_growth_yoy": 0.18856907410677498,
      "rev_growth_yoy_accel": -0.023628724355936298,
      "op_leverage_ratio": Infinity,
      "fcf_margin_change": -0.09701699396240765
    },
    {
      "date": "2023-02-28T00:00:00",
      "quarter_label": "2023-02 (Q1)",
      "revenue": 515085000,
      "gross_profit": 274279000,
      "operating_income": 169250000,
      "net_income": 131593000,
      "opex": 345835000,
      "cogs": 240806000,
      "rd": null,
      "sga": 104582000,
      "fcf": 147222000,
      "ocf": 164678000,
      "capex": -17456000,
      "gross_margin": 0.5324926953803741,
      "op_margin": 0.3285865439684712,
      "fcf_margin": 0.2858207868604211,
      "incr_op_margin_yoy": 0.5466736536217041,
      "rev_growth_yoy": 0.19476293088451216,
      "rev_growth_yoy_accel": 0.006193856777737178,
      "op_leverage_ratio": 0.5244253395358255,
      "fcf_margin_change": 0.11016039642035891
    },
    {
      "date": "2023-05-31T00:00:00",
      "quarter_label": "2023-05 (Q2)",
      "revenue": 529811000,
      "gross_profit": 288122000,
      "operating_income": 171959000,
      "net_income": 134663000,
      "opex": 357852000,
      "cogs": 241689000,
      "rd": null,
      "sga": 115725000,
      "fcf": 192584000,
      "ocf": 218589000,
      "capex": -26005000,
      "gross_margin": 0.5438203434809772,
      "op_margin": 0.32456668510091335,
      "fcf_margin": 0.3634956616604789,
      "incr_op_margin_yoy": 1.8194106186069168,
      "rev_growth_yoy": 0.08401005829144084,
      "rev_growth_yoy_accel": -0.11075287259307132,
      "op_leverage_ratio": 0.8227706210801609,
      "fcf_margin_change": 0.0776748748000578
    },
    {
      "date": "2023-08-31T00:00:00",
      "quarter_label": "2023-08 (Q3)",
      "revenue": 535797000,
      "gross_profit": 272109000,
      "operating_income": 116103000,
      "net_income": 65119000,
      "opex": 419694000,
      "cogs": 263688000,
      "rd": null,
      "sga": 131227000,
      "fcf": 156305000,
      "ocf": 155670000,
      "capex": 635000,
      "gross_margin": 0.5078583866650989,
      "op_margin": 0.216692142733162,
      "fcf_margin": 0.2917242911027871,
      "incr_op_margin_yoy": -0.44153424657534246,
      "rev_growth_yoy": 0.07310278251221217,
      "rev_growth_yoy_accel": -0.010907275779228676,
      "op_leverage_ratio": 0.06537860714378468,
      "fcf_margin_change": -0.07177137055769184
    },
    {
      "date": "2023-11-30T00:00:00",
      "quarter_label": "2023-11 (Q4)",
      "revenue": 542216000,
      "gross_profit": 290595000,
      "operating_income": 189040000,
      "net_income": 148555000,
      "opex": 353176000,
      "cogs": 251621000,
      "rd": null,
      "sga": 100711000,
      "fcf": 155144000,
      "ocf": 155144000,
      "capex": null,
      "gross_margin": 0.5359395517653481,
      "op_margin": 0.34864334508756656,
      "fcf_margin": 0.28612951296162414,
      "incr_op_margin_yoy": 0.45841020293575035,
      "rev_growth_yoy": 0.0740885274803641,
      "rev_growth_yoy_accel": 0.0009857449681519304,
      "op_leverage_ratio": Infinity,
      "fcf_margin_change": -0.005594778141162937
    },
    {
      "date": "2024-02-29T00:00:00",
      "quarter_label": "2024-02 (Q1)",
      "revenue": 545945000,
      "gross_profit": 290803000,
      "operating_income": 181942000,
      "net_income": 140940000,
      "opex": 364003000,
      "cogs": 255142000,
      "rd": null,
      "sga": 108807000,
      "fcf": 143798000,
      "ocf": 143798000,
      "capex": null,
      "gross_margin": 0.53265988332158,
      "op_margin": 0.3332606764417661,
      "fcf_margin": 0.2633928326113436,
      "incr_op_margin_yoy": 0.41127673363577444,
      "rev_growth_yoy": 0.05991244163584651,
      "rev_growth_yoy_accel": -0.014176085844517586,
      "fcf_margin_change": -0.022736680350280536
    },
    {
      "date": "2024-05-31T00:00:00",
      "quarter_label": "2024-05 (Q2)",
      "revenue": 552708000,
      "gross_profit": 305722000,
      "operating_income": 202459000,
      "net_income": 158135000,
      "opex": 350249000,
      "cogs": 246986000,
      "rd": null,
      "sga": 103098000,
      "fcf": 238235000,
      "ocf": 238235000,
      "capex": null,
      "gross_margin": 0.5531347474615891,
      "op_margin": 0.36630372637993297,
      "fcf_margin": 0.4310322991525362,
      "incr_op_margin_yoy": 1.332052233917107,
      "rev_growth_yoy": 0.04321729824409082,
      "rev_growth_yoy_accel": -0.016695143391755693,
      "op_leverage_ratio": Infinity,
      "fcf_margin_change": 0.1676394665411926
    },
    {
      "date": "2024-08-31T00:00:00",
      "quarter_label": "2024-08 (Q3)",
      "revenue": 562187000,
      "gross_profit": 303991000,
      "operating_income": 127858000,
      "net_income": 89496000,
      "opex": 434329000,
      "cogs": 258196000,
      "rd": null,
      "sga": 172519000,
      "fcf": 163161000,
      "ocf": 163161000,
      "capex": null,
      "gross_margin": 0.5407293302762248,
      "op_margin": 0.22742966308363588,
      "fcf_margin": 0.290225494363975,
      "incr_op_margin_yoy": 0.44543387646835925,
      "rev_growth_yoy": 0.04925372855764403,
      "rev_growth_yoy_accel": 0.0060364303135532135,
      "op_leverage_ratio": 0.07144156728882749,
      "fcf_margin_change": -0.14080680478856122
    },
    {
      "date": "2024-11-30T00:00:00",
      "quarter_label": "2024-11 (Q4)",
      "revenue": 568667000,
      "gross_profit": 309888000,
      "operating_income": 191335000,
      "net_income": 150022000,
      "opex": 377332000,
      "cogs": 258779000,
      "rd": null,
      "sga": 118553000,
      "fcf": 86372000,
      "ocf": 86372000,
      "capex": null,
      "gross_margin": 0.5449375469299256,
      "op_margin": 0.33646228812292606,
      "fcf_margin": 0.15188502234172196,
      "incr_op_margin_yoy": 0.08676420551207893,
      "rev_growth_yoy": 0.04878314177375806,
      "rev_growth_yoy_accel": -0.000470586783885972,
      "op_leverage_ratio": Infinity,
      "fcf_margin_change": -0.13834047202225302
    },
    {
      "date": "2025-02-28T00:00:00",
      "quarter_label": "2025-02 (Q1)",
      "revenue": 570660000,
      "gross_profit": 301056000,
      "operating_income": 185492000,
      "net_income": 144860000,
      "opex": 385168000,
      "cogs": 269604000,
      "rd": null,
      "sga": 115564000,
      "fcf": 173955000,
      "ocf": 173955000,
      "capex": null,
      "gross_margin": 0.5275575649248239,
      "op_margin": 0.3250481898153016,
      "fcf_margin": 0.30483124802859846,
      "incr_op_margin_yoy": 0.1436374671252276,
      "rev_growth_yoy": 0.045270127943290994,
      "rev_growth_yoy_accel": -0.0035130138304670655,
      "fcf_margin_change": 0.1529462256868765
    },
    {
      "date": "2025-05-31T00:00:00",
      "quarter_label": "2025-05 (Q2)",
      "revenue": 585520000,
      "gross_profit": 304791000,
      "operating_income": 194155000,
      "net_income": 148542000,
      "opex": 391365000,
      "cogs": 280729000,
      "rd": null,
      "sga": 110636000,
      "fcf": 253833000,
      "ocf": 253833000,
      "capex": null,
      "gross_margin": 0.5205475474791639,
      "op_margin": 0.3315941385435169,
      "fcf_margin": 0.4335172154665938,
      "incr_op_margin_yoy": -0.25307814214311836,
      "rev_growth_yoy": 0.05936588578417537,
      "rev_growth_yoy_accel": 0.014095757840884376,
      "op_leverage_ratio": 1.6184902209689558,
      "fcf_margin_change": 0.12868596743799532
    },
    {
      "date": "2025-08-31T00:00:00",
      "quarter_label": "2025-08 (Q3)",
      "revenue": 596901000,
      "gross_profit": 308231000,
      "operating_income": 177321000,
      "net_income": 153616000,
      "opex": 419580000,
      "cogs": 288670000,
      "rd": null,
      "sga": 130910000,
      "fcf": 212100000,
      "ocf": 212100000,
      "capex": null,
      "gross_margin": 0.5163854642562167,
      "op_margin": 0.29706936326124433,
      "fcf_margin": 0.35533530685993153,
      "incr_op_margin_yoy": 1.4248718096445239,
      "rev_growth_yoy": 0.06174813718566954,
      "rev_growth_yoy_accel": 0.002382251401494166,
      "op_leverage_ratio": 0.26961286936864204,
      "fcf_margin_change": -0.07818190860666224
    },
    {
      "date": "2025-11-30T00:00:00",
      "quarter_label": "2025-11 (Q4)",
      "revenue": 607621000,
      "gross_profit": 319705000,
      "operating_income": 192071000,
      "net_income": 152580000,
      "opex": 415550000,
      "cogs": 287916000,
      "rd": null,
      "sga": 127634000,
      "fcf": 121284000,
      "ocf": 121284000,
      "capex": null,
      "gross_margin": 0.5261585758227579,
      "op_margin": 0.31610329465242315,
      "fcf_margin": 0.19960468779058,
      "incr_op_margin_yoy": 0.01889408019715562,
      "rev_growth_yoy": 0.06850054601374794,
      "rev_growth_yoy_accel": 0.006752408828078406,
      "op_leverage_ratio": Infinity,
      "fcf_margin_change": -0.15573061906935154
    }
  ],
  "signals": [
    {
      "quarter": "2025-08 (Q3)",
      "signal": "INCREMENTAL MARGIN (YoY)",
      "detail": "YoY Incr OPM: +142.5% vs year-ago OPM: +22.7%",
      "severity": "HIGH"
    },
    {
      "quarter": "2025-05 (Q2)",
      "signal": "FCF MARGIN EXPANSION",
      "detail": "FCF margin: +30.5% -> +43.4% (+12.9%)",
      "severity": "MEDIUM"
    },
    {
      "quarter": "2025-05 (Q2)",
      "signal": "OPERATING LEVERAGE",
      "detail": "Rev growth +2.6% vs OpEx growth +1.6% (leverage: 1.6x)",
      "severity": "MEDIUM"
    },
    {
      "quarter": "2025-02 (Q1)",
      "signal": "FCF MARGIN EXPANSION",
      "detail": "FCF margin: +15.2% -> +30.5% (+15.3%)",
      "severity": "MEDIUM"
    },
    {
      "quarter": "2024-08 (Q3)",
      "signal": "INCREMENTAL MARGIN (YoY)",
      "detail": "YoY Incr OPM: +44.5% vs year-ago OPM: +21.7%",
      "severity": "HIGH"
    },
    {
      "quarter": "2024-05 (Q2)",
      "signal": "FCF MARGIN EXPANSION",
      "detail": "FCF margin: +26.3% -> +43.1% (+16.8%)",
      "severity": "MEDIUM"
    },
    {
      "quarter": "2024-05 (Q2)",
      "signal": "GROSS MARGIN INFLECTION",
      "detail": "GM: +53.6% -> +53.3% -> +55.3% (reversal +2.0%)",
      "severity": "MEDIUM"
    },
    {
      "quarter": "2024-05 (Q2)",
      "signal": "INCREMENTAL MARGIN (YoY)",
      "detail": "YoY Incr OPM: +133.2% vs year-ago OPM: +32.5%",
      "severity": "HIGH"
    },
    {
      "quarter": "2023-11 (Q4)",
      "signal": "GROSS MARGIN INFLECTION",
      "detail": "GM: +54.4% -> +50.8% -> +53.6% (reversal +2.8%)",
      "severity": "MEDIUM"
    },
    {
      "quarter": "2023-11 (Q4)",
      "signal": "INCREMENTAL MARGIN (YoY)",
      "detail": "YoY Incr OPM: +45.8% vs year-ago OPM: +34.1%",
      "severity": "MEDIUM"
    },
    {
      "quarter": "2023-05 (Q2)",
      "signal": "FCF MARGIN EXPANSION",
      "detail": "FCF margin: +28.6% -> +36.3% (+7.8%)",
      "severity": "MEDIUM"
    },
    {
      "quarter": "2023-05 (Q2)",
      "signal": "YoY REVENUE GROWTH DECELERATION",
      "detail": "YoY growth: +8.4% vs prior quarter YoY: +19.5% (decel: -11.1%)",
      "severity": "WARNING"
    },
    {
      "quarter": "2023-05 (Q2)",
      "signal": "INCREMENTAL MARGIN (YoY)",
      "detail": "YoY Incr OPM: +181.9% vs year-ago OPM: +19.9%",
      "severity": "HIGH"
    },
    {
      "quarter": "2023-02 (Q1)",
      "signal": "FCF MARGIN EXPANSION",
      "detail": "FCF margin: +17.6% -> +28.6% (+11.0%)",
      "severity": "MEDIUM"
    },
    {
      "quarter": "2023-02 (Q1)",
      "signal": "INCREMENTAL MARGIN (YoY)",
      "detail": "YoY Incr OPM: +54.7% vs year-ago OPM: +28.6%",
      "severity": "HIGH"
    },
    {
      "quarter": "2022-11 (Q4)",
      "signal": "GROSS MARGIN INFLECTION",
      "detail": "GM: +54.5% -> +51.5% -> +55.0% (reversal +3.5%)",
      "severity": "MEDIUM"
    },
    {
      "quarter": "2022-11 (Q4)",
      "signal": "INCREMENTAL MARGIN (YoY)",
      "detail": "YoY Incr OPM: +61.5% vs year-ago OPM: +28.9%",
      "severity": "HIGH"
    },
    {
      "quarter": "2022-05 (Q2)",
      "signal": "FCF MARGIN EXPANSION",
      "detail": "FCF margin: +25.5% -> +36.1% (+10.6%)",
      "severity": "MEDIUM"
    },
    {
      "quarter": "2022-05 (Q2)",
      "signal": "YoY REVENUE GROWTH ACCELERATION",
      "detail": "YoY growth: +22.3% vs prior quarter YoY: +10.0% (accel: +12.3%)",
      "severity": "MEDIUM"
    },
    {
      "quarter": "2022-02 (Q1)",
      "signal": "FCF MARGIN EXPANSION",
      "detail": "FCF margin: +15.1% -> +25.5% (+10.4%)",
      "severity": "MEDIUM"
    },
    {
      "quarter": "2022-02 (Q1)",
      "signal": "GROSS MARGIN INFLECTION",
      "detail": "GM: +52.0% -> +51.2% -> +53.7% (reversal +2.5%)",
      "severity": "MEDIUM"
    },
    {
      "quarter": "2021-08 (Q3)",
      "signal": "FCF MARGIN EXPANSION",
      "detail": "FCF margin: +30.4% -> +41.5% (+11.1%)",
      "severity": "MEDIUM"
    }
  ],
  "data_quality": {
    "n_quarters": 20,
    "coverage": {
      "revenue": [
        20,
        20
      ],
      "gross_profit": [
        19,
        20
      ],
      "op_income": [
        20,
        20
      ],
      "fcf": [
        20,
        20
      ]
    },
    "gaps": [],
    "warnings": []
  },
  "market_cap": null,
  "source": "SEC EDGAR",
  "last_updated": "2026-02-02T20:37:56.806692",
  "sector": "Financial Services",
  "industry": "Financial Data & Stock Exchanges"
}