{
  "ticker": "FEIM",
  "name": "FREQUENCY ELECTRONICS, INC.",
  "quarters": [
    {
      "date": "2021-01-31T00:00:00",
      "quarter_label": "2021-01 (Q1)",
      "revenue": 11672000,
      "gross_profit": 2804000,
      "operating_income": -939000,
      "net_income": -800000,
      "opex": 3743000,
      "cogs": 8868000,
      "rd": 1289000,
      "sga": 2454000,
      "fcf": 7163000,
      "ocf": 7353000,
      "capex": -190000,
      "gross_margin": 0.24023303632625087,
      "op_margin": -0.08044893762851268,
      "fcf_margin": 0.6136908841672378
    },
    {
      "date": "2021-04-30T00:00:00",
      "quarter_label": "2021-04 (Q2)",
      "revenue": 15642000,
      "gross_profit": 4707000,
      "operating_income": 99000,
      "net_income": 1413000,
      "opex": 4608000,
      "cogs": 10935000,
      "rd": 1224000,
      "sga": 3384000,
      "fcf": 2556000,
      "ocf": 2824000,
      "capex": -268000,
      "gross_margin": 0.3009205983889528,
      "op_margin": 0.006329113924050633,
      "fcf_margin": 0.16340621403912542,
      "op_leverage_ratio": 1.4718005047403597,
      "fcf_margin_change": -0.4502846701281124
    },
    {
      "date": "2021-07-31T00:00:00",
      "quarter_label": "2021-07 (Q3)",
      "revenue": 12955000,
      "gross_profit": 4062000,
      "operating_income": -1687000,
      "net_income": -1575000,
      "opex": 5749000,
      "cogs": 8893000,
      "rd": 1355000,
      "sga": 4394000,
      "fcf": -1332000,
      "ocf": -828000,
      "capex": -504000,
      "gross_margin": 0.3135468930914705,
      "op_margin": -0.13021999228097259,
      "fcf_margin": -0.10281744500192976,
      "fcf_margin_change": -0.26622365904105516
    },
    {
      "date": "2021-10-31T00:00:00",
      "quarter_label": "2021-10 (Q4)",
      "revenue": 12936000,
      "gross_profit": 4091000,
      "operating_income": 303000,
      "net_income": 497000,
      "opex": 3788000,
      "cogs": 8845000,
      "rd": 1377000,
      "sga": 2411000,
      "fcf": 1885000,
      "ocf": 2489000,
      "capex": -604000,
      "gross_margin": 0.31624922696351265,
      "op_margin": 0.023423005565862708,
      "fcf_margin": 0.145717377860235,
      "fcf_margin_change": 0.24853482286216477
    },
    {
      "date": "2022-01-31T00:00:00",
      "quarter_label": "2022-01 (Q1)",
      "revenue": 12245000,
      "gross_profit": 3240000,
      "operating_income": -721000,
      "net_income": -735000,
      "opex": 3961000,
      "cogs": 9005000,
      "rd": 1129000,
      "sga": 2832000,
      "fcf": 1883000,
      "ocf": 2309000,
      "capex": -426000,
      "gross_margin": 0.2645977950183748,
      "op_margin": -0.05888117599020008,
      "fcf_margin": 0.1537770518579012,
      "rev_growth_yoy": 0.04909184372858122,
      "fcf_margin_change": 0.008059673997666189
    },
    {
      "date": "2022-04-30T00:00:00",
      "quarter_label": "2022-04 (Q2)",
      "revenue": 10160000,
      "gross_profit": -2793000,
      "operating_income": -5932000,
      "net_income": -6850000,
      "opex": 3139000,
      "cogs": 12953000,
      "rd": 1114000,
      "sga": 2025000,
      "fcf": -260000,
      "ocf": 66000,
      "capex": -326000,
      "gross_margin": -0.2749015748031496,
      "op_margin": -0.5838582677165355,
      "fcf_margin": -0.025590551181102362,
      "incr_op_margin_yoy": 1.100145932141554,
      "rev_growth_yoy": -0.35046669223884414,
      "rev_growth_yoy_accel": -0.39955853596742535,
      "fcf_margin_change": -0.17936760303900356
    },
    {
      "date": "2022-07-31T00:00:00",
      "quarter_label": "2022-07 (Q3)",
      "revenue": 8204000,
      "gross_profit": -5000,
      "operating_income": -3107000,
      "net_income": -3117000,
      "opex": 3102000,
      "cogs": 8209000,
      "rd": 1110000,
      "sga": 1992000,
      "fcf": -4039000,
      "ocf": -3574000,
      "capex": -465000,
      "gross_margin": -0.0006094588005850804,
      "op_margin": -0.37871769868356897,
      "fcf_margin": -0.492320819112628,
      "incr_op_margin_yoy": 0.29888444537992004,
      "rev_growth_yoy": -0.36673099189502123,
      "rev_growth_yoy_accel": -0.016264299656177095,
      "fcf_margin_change": -0.4667302679315256
    },
    {
      "date": "2022-10-31T00:00:00",
      "quarter_label": "2022-10 (Q4)",
      "revenue": 8949000,
      "gross_profit": 350000,
      "operating_income": -2283000,
      "net_income": -2314000,
      "opex": 2633000,
      "cogs": 8599000,
      "rd": 599000,
      "sga": 2034000,
      "fcf": 2844000,
      "ocf": 3108000,
      "capex": -264000,
      "gross_margin": 0.03911051514135658,
      "op_margin": -0.25511230305062016,
      "fcf_margin": 0.31780087160576603,
      "incr_op_margin_yoy": 0.6486079759217457,
      "rev_growth_yoy": -0.3082096474953618,
      "rev_growth_yoy_accel": 0.05852134439965945,
      "op_leverage_ratio": Infinity,
      "fcf_margin_change": 0.810121690718394
    },
    {
      "date": "2023-01-31T00:00:00",
      "quarter_label": "2023-01 (Q1)",
      "revenue": 10620000,
      "gross_profit": 3465000,
      "operating_income": 325000,
      "net_income": -316000,
      "opex": 3140000,
      "cogs": 7155000,
      "rd": 783000,
      "sga": 2357000,
      "fcf": 2257000,
      "ocf": 2414000,
      "capex": -157000,
      "gross_margin": 0.326271186440678,
      "op_margin": 0.030602636534839925,
      "fcf_margin": 0.21252354048964217,
      "incr_op_margin_yoy": -0.6436923076923077,
      "rev_growth_yoy": -0.13270722743977134,
      "rev_growth_yoy_accel": 0.17550242005559044,
      "op_leverage_ratio": 0.9697166256386452,
      "fcf_margin_change": -0.10527733111612386
    },
    {
      "date": "2023-04-30T00:00:00",
      "quarter_label": "2023-04 (Q2)",
      "revenue": 13004000,
      "gross_profit": 4039000,
      "operating_income": 393000,
      "net_income": 246000,
      "opex": 3646000,
      "cogs": 8965000,
      "rd": 657000,
      "sga": 2989000,
      "fcf": -805000,
      "ocf": -773000,
      "capex": -32000,
      "gross_margin": 0.31059673946478006,
      "op_margin": 0.030221470316825594,
      "fcf_margin": -0.06190402952937558,
      "incr_op_margin_yoy": 2.2239803094233475,
      "rev_growth_yoy": 0.2799212598425197,
      "rev_growth_yoy_accel": 0.41262848728229107,
      "op_leverage_ratio": 1.3930312707026045,
      "fcf_margin_change": -0.27442757001901774
    },
    {
      "date": "2023-07-31T00:00:00",
      "quarter_label": "2023-07 (Q3)",
      "revenue": 12408000,
      "gross_profit": 4868000,
      "operating_income": 2060000,
      "net_income": 2042000,
      "opex": 2808000,
      "cogs": 7540000,
      "rd": 506000,
      "sga": 2302000,
      "fcf": -2988000,
      "ocf": -2801000,
      "capex": -187000,
      "gross_margin": 0.392327530625403,
      "op_margin": 0.16602192134107027,
      "fcf_margin": -0.24081237911025144,
      "incr_op_margin_yoy": 1.2290675547098002,
      "rev_growth_yoy": 0.5124329595319357,
      "rev_growth_yoy_accel": 0.23251169968941598,
      "fcf_margin_change": -0.17890834958087587
    },
    {
      "date": "2023-10-31T00:00:00",
      "quarter_label": "2023-10 (Q4)",
      "revenue": 13575000,
      "gross_profit": 4330000,
      "operating_income": 938000,
      "net_income": 797000,
      "opex": 3392000,
      "cogs": 9245000,
      "rd": 840000,
      "sga": 2552000,
      "fcf": -353000,
      "ocf": -180000,
      "capex": -173000,
      "gross_margin": 0.31896869244935544,
      "op_margin": 0.069097605893186,
      "fcf_margin": -0.026003683241252303,
      "incr_op_margin_yoy": 0.6962818849978383,
      "rev_growth_yoy": 0.5169292658397586,
      "rev_growth_yoy_accel": 0.004496306307822939,
      "op_leverage_ratio": 0.4522237089637265,
      "fcf_margin_change": 0.21480869586899914
    },
    {
      "date": "2024-01-31T00:00:00",
      "quarter_label": "2024-01 (Q1)",
      "revenue": 13714000,
      "gross_profit": 3104000,
      "operating_income": -473000,
      "net_income": 130000,
      "opex": 3577000,
      "cogs": 10610000,
      "rd": 958000,
      "sga": 2619000,
      "fcf": 3896000,
      "ocf": 4207000,
      "capex": -311000,
      "gross_margin": 0.22633804870934812,
      "op_margin": -0.034490301881289195,
      "fcf_margin": 0.28408925185941375,
      "incr_op_margin_yoy": -0.2579185520361991,
      "rev_growth_yoy": 0.2913370998116761,
      "rev_growth_yoy_accel": -0.22559216602808252,
      "op_leverage_ratio": 0.1877409785476084,
      "fcf_margin_change": 0.31009293510066605
    },
    {
      "date": "2024-04-30T00:00:00",
      "quarter_label": "2024-04 (Q2)",
      "revenue": 15576000,
      "gross_profit": 6281000,
      "operating_income": 2494000,
      "net_income": 2625000,
      "opex": 3787000,
      "cogs": 9295000,
      "rd": 1076000,
      "sga": 2711000,
      "fcf": 6661000,
      "ocf": 7482000,
      "capex": -821000,
      "gross_margin": 0.4032485875706215,
      "op_margin": 0.1601181304571135,
      "fcf_margin": 0.4276450950179764,
      "incr_op_margin_yoy": 0.8168740279937792,
      "rev_growth_yoy": 0.1977852968317441,
      "rev_growth_yoy_accel": -0.09355180297993201,
      "op_leverage_ratio": 2.312678041903651,
      "fcf_margin_change": 0.14355584315856262
    },
    {
      "date": "2024-07-31T00:00:00",
      "quarter_label": "2024-07 (Q3)",
      "revenue": 15077000,
      "gross_profit": 6698000,
      "operating_income": 2365000,
      "net_income": 2430000,
      "opex": 4333000,
      "cogs": 8379000,
      "rd": 1488000,
      "sga": 2845000,
      "fcf": -1785000,
      "ocf": -1458000,
      "capex": -327000,
      "gross_margin": 0.4442528354447171,
      "op_margin": 0.1568614445844664,
      "fcf_margin": -0.11839225310074948,
      "incr_op_margin_yoy": 0.11427500936680404,
      "rev_growth_yoy": 0.21510315925209542,
      "rev_growth_yoy_accel": 0.017317862420351327,
      "fcf_margin_change": -0.5460373481187258
    },
    {
      "date": "2024-10-31T00:00:00",
      "quarter_label": "2024-10 (Q4)",
      "revenue": 15820000,
      "gross_profit": 7619000,
      "operating_income": 2618000,
      "net_income": 2654000,
      "opex": 5001000,
      "cogs": 8201000,
      "rd": 1613000,
      "sga": 3388000,
      "fcf": 3289000,
      "ocf": 3810000,
      "capex": -521000,
      "gross_margin": 0.4816055625790139,
      "op_margin": 0.1654867256637168,
      "fcf_margin": 0.20790139064475346,
      "incr_op_margin_yoy": 0.7483296213808464,
      "rev_growth_yoy": 0.16537753222836096,
      "rev_growth_yoy_accel": -0.04972562702373445,
      "op_leverage_ratio": 0.31965838833707527,
      "fcf_margin_change": 0.32629364374550296
    },
    {
      "date": "2025-01-31T00:00:00",
      "quarter_label": "2025-01 (Q1)",
      "revenue": 18927000,
      "gross_profit": 8285000,
      "operating_income": 3469000,
      "net_income": 15405000,
      "opex": 4816000,
      "cogs": 10642000,
      "rd": 1436000,
      "sga": 3380000,
      "fcf": -3954000,
      "ocf": -3625000,
      "capex": -329000,
      "gross_margin": 0.43773445342632217,
      "op_margin": 0.1832831404871348,
      "fcf_margin": -0.2089079093358694,
      "incr_op_margin_yoy": 0.7561864569345866,
      "rev_growth_yoy": 0.3801225025521365,
      "rev_growth_yoy_accel": 0.2147449703237755,
      "op_leverage_ratio": Infinity,
      "fcf_margin_change": -0.4168092999806229
    },
    {
      "date": "2025-04-30T00:00:00",
      "quarter_label": "2025-04 (Q2)",
      "revenue": 19986000,
      "gross_profit": 7494000,
      "operating_income": 3279000,
      "net_income": 3197000,
      "opex": 4215000,
      "cogs": 12492000,
      "rd": 1540000,
      "sga": 2675000,
      "fcf": -786000,
      "ocf": -155000,
      "capex": -631000,
      "gross_margin": 0.3749624737316121,
      "op_margin": 0.16406484539177424,
      "fcf_margin": -0.03932752927048934,
      "incr_op_margin_yoy": 0.17800453514739228,
      "rev_growth_yoy": 0.28312788906009245,
      "rev_growth_yoy_accel": -0.09699461349204402,
      "op_leverage_ratio": Infinity,
      "fcf_margin_change": 0.16958038006538007
    },
    {
      "date": "2025-07-31T00:00:00",
      "quarter_label": "2025-07 (Q3)",
      "revenue": 13812000,
      "gross_profit": 5082000,
      "operating_income": 364000,
      "net_income": 634000,
      "opex": 4718000,
      "cogs": 8730000,
      "rd": 1133000,
      "sga": 3585000,
      "fcf": 385000,
      "ocf": 1161000,
      "capex": -776000,
      "gross_margin": 0.3679409209383145,
      "op_margin": 0.026353895163625834,
      "fcf_margin": 0.027874312192296552,
      "incr_op_margin_yoy": 1.5818181818181818,
      "rev_growth_yoy": -0.08390263314983087,
      "rev_growth_yoy_accel": -0.3670305222099233,
      "fcf_margin_change": 0.06720184146278589
    },
    {
      "date": "2025-10-31T00:00:00",
      "quarter_label": "2025-10 (Q4)",
      "revenue": 17127000,
      "gross_profit": 6536000,
      "operating_income": 1714000,
      "net_income": 1801000,
      "opex": 4822000,
      "cogs": 10591000,
      "rd": 1199000,
      "sga": 3623000,
      "fcf": -1136000,
      "ocf": -523000,
      "capex": -613000,
      "gross_margin": 0.3816196648566591,
      "op_margin": 0.10007590354411164,
      "fcf_margin": -0.06632802008524552,
      "incr_op_margin_yoy": -0.6916602907421576,
      "rev_growth_yoy": 0.08261694058154236,
      "rev_growth_yoy_accel": 0.16651957373137322,
      "op_leverage_ratio": 10.8880864465682,
      "fcf_margin_change": -0.09420233227754207
    }
  ],
  "signals": [
    {
      "quarter": "2025-10 (Q4)",
      "signal": "OPERATING LEVERAGE",
      "detail": "Rev growth +24.0% vs OpEx growth +2.2% (leverage: 10.9x)",
      "severity": "MEDIUM"
    },
    {
      "quarter": "2025-10 (Q4)",
      "signal": "YoY REVENUE GROWTH ACCELERATION",
      "detail": "YoY growth: +8.3% vs prior quarter YoY: -8.4% (accel: +16.7%)",
      "severity": "HIGH"
    },
    {
      "quarter": "2025-07 (Q3)",
      "signal": "FCF TURNED POSITIVE",
      "detail": "FCF margin: -3.9% -> +2.8%",
      "severity": "HIGH"
    },
    {
      "quarter": "2025-07 (Q3)",
      "signal": "YoY REVENUE GROWTH DECELERATION",
      "detail": "YoY growth: -8.4% vs prior quarter YoY: +28.3% (decel: -36.7%)",
      "severity": "WARNING"
    },
    {
      "quarter": "2025-07 (Q3)",
      "signal": "INCREMENTAL MARGIN (YoY)",
      "detail": "YoY Incr OPM: +158.2% vs year-ago OPM: +15.7%",
      "severity": "HIGH"
    },
    {
      "quarter": "2025-04 (Q2)",
      "signal": "FCF MARGIN EXPANSION",
      "detail": "FCF margin: -20.9% -> -3.9% (+17.0%)",
      "severity": "MEDIUM"
    },
    {
      "quarter": "2025-04 (Q2)",
      "signal": "YoY REVENUE GROWTH DECELERATION",
      "detail": "YoY growth: +28.3% vs prior quarter YoY: +38.0% (decel: -9.7%)",
      "severity": "WARNING"
    },
    {
      "quarter": "2025-01 (Q1)",
      "signal": "YoY REVENUE GROWTH ACCELERATION",
      "detail": "YoY growth: +38.0% vs prior quarter YoY: +16.5% (accel: +21.5%)",
      "severity": "HIGH"
    },
    {
      "quarter": "2025-01 (Q1)",
      "signal": "OP MARGIN TURNED POSITIVE (YoY)",
      "detail": "Op margin: -3.4% (year-ago) -> +18.3%",
      "severity": "HIGH"
    },
    {
      "quarter": "2024-10 (Q4)",
      "signal": "FCF TURNED POSITIVE",
      "detail": "FCF margin: -11.8% -> +20.8%",
      "severity": "HIGH"
    },
    {
      "quarter": "2024-10 (Q4)",
      "signal": "INCREMENTAL MARGIN (YoY)",
      "detail": "YoY Incr OPM: +74.8% vs year-ago OPM: +6.9%",
      "severity": "HIGH"
    },
    {
      "quarter": "2024-04 (Q2)",
      "signal": "FCF MARGIN EXPANSION",
      "detail": "FCF margin: +28.4% -> +42.8% (+14.4%)",
      "severity": "MEDIUM"
    },
    {
      "quarter": "2024-04 (Q2)",
      "signal": "OPERATING LEVERAGE",
      "detail": "Rev growth +13.6% vs OpEx growth +5.9% (leverage: 2.3x)",
      "severity": "MEDIUM"
    },
    {
      "quarter": "2024-04 (Q2)",
      "signal": "GROSS MARGIN INFLECTION",
      "detail": "GM: +31.9% -> +22.6% -> +40.3% (reversal +17.7%)",
      "severity": "HIGH"
    },
    {
      "quarter": "2024-04 (Q2)",
      "signal": "YoY REVENUE GROWTH DECELERATION",
      "detail": "YoY growth: +19.8% vs prior quarter YoY: +29.1% (decel: -9.4%)",
      "severity": "WARNING"
    },
    {
      "quarter": "2024-04 (Q2)",
      "signal": "INCREMENTAL MARGIN (YoY)",
      "detail": "YoY Incr OPM: +81.7% vs year-ago OPM: +3.0%",
      "severity": "HIGH"
    },
    {
      "quarter": "2024-04 (Q2)",
      "signal": "OP MARGIN TURNED POSITIVE (QoQ)",
      "detail": "Op margin: -3.4% -> +16.0%",
      "severity": "HIGH"
    },
    {
      "quarter": "2024-01 (Q1)",
      "signal": "FCF TURNED POSITIVE",
      "detail": "FCF margin: -2.6% -> +28.4%",
      "severity": "HIGH"
    },
    {
      "quarter": "2024-01 (Q1)",
      "signal": "YoY REVENUE GROWTH DECELERATION",
      "detail": "YoY growth: +29.1% vs prior quarter YoY: +51.7% (decel: -22.6%)",
      "severity": "WARNING"
    },
    {
      "quarter": "2023-10 (Q4)",
      "signal": "FCF MARGIN EXPANSION",
      "detail": "FCF margin: -24.1% -> -2.6% (+21.5%)",
      "severity": "MEDIUM"
    },
    {
      "quarter": "2023-10 (Q4)",
      "signal": "OP MARGIN TURNED POSITIVE (YoY)",
      "detail": "Op margin: -25.5% (year-ago) -> +6.9%",
      "severity": "HIGH"
    },
    {
      "quarter": "2023-07 (Q3)",
      "signal": "GROSS MARGIN INFLECTION",
      "detail": "GM: +32.6% -> +31.1% -> +39.2% (reversal +8.2%)",
      "severity": "HIGH"
    },
    {
      "quarter": "2023-07 (Q3)",
      "signal": "YoY REVENUE GROWTH ACCELERATION",
      "detail": "YoY growth: +51.2% vs prior quarter YoY: +28.0% (accel: +23.3%)",
      "severity": "HIGH"
    },
    {
      "quarter": "2023-07 (Q3)",
      "signal": "OP MARGIN TURNED POSITIVE (YoY)",
      "detail": "Op margin: -37.9% (year-ago) -> +16.6%",
      "severity": "HIGH"
    },
    {
      "quarter": "2023-04 (Q2)",
      "signal": "YoY REVENUE GROWTH ACCELERATION",
      "detail": "YoY growth: +28.0% vs prior quarter YoY: -13.3% (accel: +41.3%)",
      "severity": "HIGH"
    },
    {
      "quarter": "2023-04 (Q2)",
      "signal": "OP MARGIN TURNED POSITIVE (YoY)",
      "detail": "Op margin: -58.4% (year-ago) -> +3.0%",
      "severity": "HIGH"
    },
    {
      "quarter": "2023-01 (Q1)",
      "signal": "YoY REVENUE GROWTH ACCELERATION",
      "detail": "YoY growth: -13.3% vs prior quarter YoY: -30.8% (accel: +17.6%)",
      "severity": "HIGH"
    },
    {
      "quarter": "2023-01 (Q1)",
      "signal": "OP MARGIN TURNED POSITIVE (YoY)",
      "detail": "Op margin: -5.9% (year-ago) -> +3.1%",
      "severity": "HIGH"
    },
    {
      "quarter": "2023-01 (Q1)",
      "signal": "OP MARGIN TURNED POSITIVE (QoQ)",
      "detail": "Op margin: -25.5% -> +3.1%",
      "severity": "HIGH"
    },
    {
      "quarter": "2022-10 (Q4)",
      "signal": "FCF TURNED POSITIVE",
      "detail": "FCF margin: -49.2% -> +31.8%",
      "severity": "HIGH"
    },
    {
      "quarter": "2022-10 (Q4)",
      "signal": "YoY REVENUE GROWTH ACCELERATION",
      "detail": "YoY growth: -30.8% vs prior quarter YoY: -36.7% (accel: +5.9%)",
      "severity": "MEDIUM"
    },
    {
      "quarter": "2022-07 (Q3)",
      "signal": "GROSS MARGIN INFLECTION",
      "detail": "GM: +26.5% -> -27.5% -> -0.1% (reversal +27.4%)",
      "severity": "HIGH"
    },
    {
      "quarter": "2022-04 (Q2)",
      "signal": "YoY REVENUE GROWTH DECELERATION",
      "detail": "YoY growth: -35.0% vs prior quarter YoY: +4.9% (decel: -40.0%)",
      "severity": "WARNING"
    },
    {
      "quarter": "2021-10 (Q4)",
      "signal": "FCF TURNED POSITIVE",
      "detail": "FCF margin: -10.3% -> +14.6%",
      "severity": "HIGH"
    },
    {
      "quarter": "2021-10 (Q4)",
      "signal": "OP MARGIN TURNED POSITIVE (QoQ)",
      "detail": "Op margin: -13.0% -> +2.3%",
      "severity": "HIGH"
    },
    {
      "quarter": "2021-04 (Q2)",
      "signal": "OP MARGIN TURNED POSITIVE (QoQ)",
      "detail": "Op margin: -8.0% -> +0.6%",
      "severity": "HIGH"
    }
  ],
  "data_quality": {
    "n_quarters": 20,
    "coverage": {
      "revenue": [
        20,
        20
      ],
      "gross_profit": [
        20,
        20
      ],
      "op_income": [
        20,
        20
      ],
      "fcf": [
        20,
        20
      ]
    },
    "gaps": [],
    "warnings": []
  },
  "market_cap": null,
  "source": "SEC EDGAR",
  "last_updated": "2026-02-02T22:21:44.928897"
}