{
  "ticker": "FELE",
  "name": "FRANKLIN ELECTRIC CO., INC.",
  "quarters": [
    {
      "date": "2020-12-31T00:00:00",
      "quarter_label": "2020-12 (Q4)",
      "revenue": 321106000,
      "gross_profit": 111403000,
      "operating_income": 34373000,
      "net_income": 26794000,
      "opex": 77030000,
      "cogs": 209703000,
      "rd": null,
      "sga": 76713000,
      "fcf": 70529000,
      "ocf": 78146000,
      "capex": -7617000,
      "gross_margin": 0.3469352799387118,
      "op_margin": 0.10704564847744981,
      "fcf_margin": 0.21964398049242306
    },
    {
      "date": "2021-03-31T00:00:00",
      "quarter_label": "2021-03 (Q1)",
      "revenue": 333046000,
      "gross_profit": 115546000,
      "operating_income": 33791000,
      "net_income": 27880000,
      "opex": 81755000,
      "cogs": 217500000,
      "rd": null,
      "sga": 81603000,
      "fcf": -1362000,
      "ocf": 5382000,
      "capex": -6744000,
      "gross_margin": 0.3469370597455006,
      "op_margin": 0.10146045891558524,
      "fcf_margin": -0.0040895251706971406,
      "op_leverage_ratio": 0.6061972909306812,
      "fcf_margin_change": -0.2237335056631202
    },
    {
      "date": "2021-06-30T00:00:00",
      "quarter_label": "2021-06 (Q2)",
      "revenue": 437280000,
      "gross_profit": 152239000,
      "operating_income": 51601000,
      "net_income": 39141000,
      "opex": 100638000,
      "cogs": 285041000,
      "rd": null,
      "sga": 100485000,
      "fcf": 24115000,
      "ocf": 30148000,
      "capex": -6033000,
      "gross_margin": 0.34814992682034396,
      "op_margin": 0.11800448225393341,
      "fcf_margin": 0.055147731430662275,
      "op_leverage_ratio": 1.3550287566014616,
      "fcf_margin_change": 0.059237256601359416
    },
    {
      "date": "2021-09-30T00:00:00",
      "quarter_label": "2021-09 (Q3)",
      "revenue": 459019000,
      "gross_profit": 163116000,
      "operating_income": 56594000,
      "net_income": 46172000,
      "opex": 106522000,
      "cogs": 295903000,
      "rd": null,
      "sga": 106446000,
      "fcf": 50875000,
      "ocf": 58372000,
      "capex": -7497000,
      "gross_margin": 0.3553578392179844,
      "op_margin": 0.12329337129835584,
      "fcf_margin": 0.11083419204869516,
      "op_leverage_ratio": 0.8502943268914341,
      "fcf_margin_change": 0.05568646061803288
    },
    {
      "date": "2021-12-31T00:00:00",
      "quarter_label": "2021-12 (Q4)",
      "revenue": 432520000,
      "gross_profit": 145188000,
      "operating_income": 47207000,
      "net_income": 40667000,
      "opex": 97981000,
      "cogs": 287332000,
      "rd": null,
      "sga": 97741000,
      "fcf": 26019000,
      "ocf": 35861000,
      "capex": -9842000,
      "gross_margin": 0.33567927494682326,
      "op_margin": 0.10914408582262092,
      "fcf_margin": 0.06015675575695922,
      "incr_op_margin_yoy": 0.11519198664440734,
      "rev_growth_yoy": 0.34696953653933593,
      "fcf_margin_change": -0.05067743629173594
    },
    {
      "date": "2022-03-31T00:00:00",
      "quarter_label": "2022-03 (Q1)",
      "revenue": 451470000,
      "gross_profit": 145334000,
      "operating_income": 39941000,
      "net_income": 29765000,
      "opex": 105393000,
      "cogs": 306136000,
      "rd": null,
      "sga": 104673000,
      "fcf": -70767000,
      "ocf": -61311000,
      "capex": -9456000,
      "gross_margin": 0.3219128624271823,
      "op_margin": 0.08846877976388243,
      "fcf_margin": -0.1567479566748621,
      "incr_op_margin_yoy": 0.051932040802540026,
      "rev_growth_yoy": 0.3555785086744774,
      "rev_growth_yoy_accel": 0.008608972135141446,
      "op_leverage_ratio": 0.5791745593501936,
      "fcf_margin_change": -0.21690471243182133
    },
    {
      "date": "2022-06-30T00:00:00",
      "quarter_label": "2022-06 (Q2)",
      "revenue": 551138000,
      "gross_profit": 189288000,
      "operating_income": 80982000,
      "net_income": 59364000,
      "opex": 108306000,
      "cogs": 361850000,
      "rd": null,
      "sga": 108313000,
      "fcf": -11858000,
      "ocf": -1230000,
      "capex": -10628000,
      "gross_margin": 0.34344937202660675,
      "op_margin": 0.14693597610761733,
      "fcf_margin": -0.02151548251073234,
      "incr_op_margin_yoy": 0.25804950025470325,
      "rev_growth_yoy": 0.2603777899743871,
      "rev_growth_yoy_accel": -0.09520071870009028,
      "op_leverage_ratio": 7.987265647403286,
      "fcf_margin_change": 0.13523247416412976
    },
    {
      "date": "2022-09-30T00:00:00",
      "quarter_label": "2022-09 (Q3)",
      "revenue": 551672000,
      "gross_profit": 190595000,
      "operating_income": 80044000,
      "net_income": 58624000,
      "opex": 110551000,
      "cogs": 361077000,
      "rd": null,
      "sga": 109366000,
      "fcf": 60458000,
      "ocf": 69701000,
      "capex": -9243000,
      "gross_margin": 0.34548608593512087,
      "op_margin": 0.14509346133209589,
      "fcf_margin": 0.10959048130048289,
      "incr_op_margin_yoy": 0.25309488089970106,
      "rev_growth_yoy": 0.201850032351602,
      "rev_growth_yoy_accel": -0.05852775762278509,
      "fcf_margin_change": 0.13110596381121523
    },
    {
      "date": "2022-12-31T00:00:00",
      "quarter_label": "2022-12 (Q4)",
      "revenue": 489431000,
      "gross_profit": 166218000,
      "operating_income": 56222000,
      "net_income": 39579000,
      "opex": 109996000,
      "cogs": 323213000,
      "rd": null,
      "sga": 109724000,
      "fcf": 81938000,
      "ocf": 94514000,
      "capex": -12576000,
      "gross_margin": 0.3396147771595996,
      "op_margin": 0.1148721678847478,
      "fcf_margin": 0.1674148143456381,
      "incr_op_margin_yoy": 0.1584052292175502,
      "rev_growth_yoy": 0.13158004254138536,
      "rev_growth_yoy_accel": -0.07026998981021665,
      "fcf_margin_change": 0.057824333045155205
    },
    {
      "date": "2023-03-31T00:00:00",
      "quarter_label": "2023-03 (Q1)",
      "revenue": 484551000,
      "gross_profit": 162265000,
      "operating_income": 52606000,
      "net_income": 37325000,
      "opex": 109659000,
      "cogs": 322286000,
      "rd": null,
      "sga": 109535000,
      "fcf": -21582000,
      "ocf": -12019000,
      "capex": -9563000,
      "gross_margin": 0.3348770304880188,
      "op_margin": 0.10856648732537957,
      "fcf_margin": -0.04454020319842494,
      "incr_op_margin_yoy": 0.382848160575557,
      "rev_growth_yoy": 0.07327397169247125,
      "rev_growth_yoy_accel": -0.05830607084891411,
      "fcf_margin_change": -0.21195501754406304
    },
    {
      "date": "2023-06-30T00:00:00",
      "quarter_label": "2023-06 (Q2)",
      "revenue": 569181000,
      "gross_profit": 188481000,
      "operating_income": 80903000,
      "net_income": 59600000,
      "opex": 107578000,
      "cogs": 380700000,
      "rd": null,
      "sga": 107429000,
      "fcf": 44367000,
      "ocf": 55045000,
      "capex": -10678000,
      "gross_margin": 0.33114422301517443,
      "op_margin": 0.14213931947833816,
      "fcf_margin": 0.0779488422839132,
      "incr_op_margin_yoy": -0.004378429307764784,
      "rev_growth_yoy": 0.03273771723234471,
      "rev_growth_yoy_accel": -0.04053625446012654,
      "op_leverage_ratio": Infinity,
      "fcf_margin_change": 0.12248904548233813
    },
    {
      "date": "2023-09-30T00:00:00",
      "quarter_label": "2023-09 (Q3)",
      "revenue": 538431000,
      "gross_profit": 186253000,
      "operating_income": 78104000,
      "net_income": 57798000,
      "opex": 108149000,
      "cogs": 352178000,
      "rd": null,
      "sga": 107687000,
      "fcf": 145689000,
      "ocf": 155603000,
      "capex": -9914000,
      "gross_margin": 0.3459180470663836,
      "op_margin": 0.14505851260421485,
      "fcf_margin": 0.27058063150152944,
      "incr_op_margin_yoy": 0.14651461369987162,
      "rev_growth_yoy": -0.024001580649371367,
      "rev_growth_yoy_accel": -0.05673929788171608,
      "fcf_margin_change": 0.19263178921761626
    },
    {
      "date": "2023-12-31T00:00:00",
      "quarter_label": "2023-12 (Q4)",
      "revenue": 472970000,
      "gross_profit": 160009000,
      "operating_income": 50828000,
      "net_income": 38549000,
      "opex": 109181000,
      "cogs": 312961000,
      "rd": null,
      "sga": 108825000,
      "fcf": 105821000,
      "ocf": 117081000,
      "capex": -11260000,
      "gross_margin": 0.3383068693574645,
      "op_margin": 0.10746558978370721,
      "fcf_margin": 0.22373723491976236,
      "incr_op_margin_yoy": 0.327683615819209,
      "rev_growth_yoy": -0.03363293293640983,
      "rev_growth_yoy_accel": -0.009631352287038462,
      "fcf_margin_change": -0.04684339658176709
    },
    {
      "date": "2024-03-31T00:00:00",
      "quarter_label": "2024-03 (Q1)",
      "revenue": 460900000,
      "gross_profit": 163580000,
      "operating_income": 47936000,
      "net_income": 32959000,
      "opex": 115644000,
      "cogs": 297320000,
      "rd": null,
      "sga": 115644000,
      "fcf": -10546000,
      "ocf": -1362000,
      "capex": -9184000,
      "gross_margin": 0.3549142981123888,
      "op_margin": 0.1040052072032979,
      "fcf_margin": -0.0228813191581688,
      "incr_op_margin_yoy": 0.19745465308020801,
      "rev_growth_yoy": -0.04881013556880494,
      "rev_growth_yoy_accel": -0.01517720263239511,
      "fcf_margin_change": -0.24661855407793115
    },
    {
      "date": "2024-06-30T00:00:00",
      "quarter_label": "2024-06 (Q2)",
      "revenue": 543258000,
      "gross_profit": 199797000,
      "operating_income": 79149000,
      "net_income": 59099000,
      "opex": 120648000,
      "cogs": 343461000,
      "rd": null,
      "sga": 120648000,
      "fcf": 26104000,
      "ocf": 36365000,
      "capex": -10261000,
      "gross_margin": 0.36777553206763636,
      "op_margin": 0.14569320654274764,
      "fcf_margin": 0.04805083404202055,
      "incr_op_margin_yoy": 0.06766192184546542,
      "rev_growth_yoy": -0.04554438746198485,
      "rev_growth_yoy_accel": 0.0032657481068200864,
      "op_leverage_ratio": 4.129570525397864,
      "fcf_margin_change": 0.07093215320018935
    },
    {
      "date": "2024-09-30T00:00:00",
      "quarter_label": "2024-09 (Q3)",
      "revenue": 531438000,
      "gross_profit": 189663000,
      "operating_income": 73526000,
      "net_income": 54596000,
      "opex": 116137000,
      "cogs": 341775000,
      "rd": null,
      "sga": 115998000,
      "fcf": 106631000,
      "ocf": 116083000,
      "capex": -9452000,
      "gross_margin": 0.35688641007982114,
      "op_margin": 0.1383529216954753,
      "fcf_margin": 0.20064617133136886,
      "incr_op_margin_yoy": 0.6546546546546547,
      "rev_growth_yoy": -0.012987736590203759,
      "rev_growth_yoy_accel": 0.03255665087178109,
      "fcf_margin_change": 0.15259533728934832
    },
    {
      "date": "2024-12-31T00:00:00",
      "quarter_label": "2024-12 (Q4)",
      "revenue": 485745000,
      "gross_profit": 164240000,
      "operating_income": 43034000,
      "net_income": 33655000,
      "opex": 121206000,
      "cogs": 321505000,
      "rd": null,
      "sga": 117846000,
      "fcf": 97482000,
      "ocf": 110267000,
      "capex": -12785000,
      "gross_margin": 0.33811979536588127,
      "op_margin": 0.08859380950910457,
      "fcf_margin": 0.2006855448846617,
      "incr_op_margin_yoy": -0.6100978473581213,
      "rev_growth_yoy": 0.027010169778210035,
      "rev_growth_yoy_accel": 0.03999790636841379,
      "fcf_margin_change": 3.9373553292837427e-05
    },
    {
      "date": "2025-03-31T00:00:00",
      "quarter_label": "2025-03 (Q1)",
      "revenue": 455247000,
      "gross_profit": 163903000,
      "operating_income": 44101000,
      "net_income": 30962000,
      "opex": 119802000,
      "cogs": 291344000,
      "rd": null,
      "sga": 119643000,
      "fcf": -26304000,
      "ocf": -19468000,
      "capex": -6836000,
      "gross_margin": 0.3600309282653153,
      "op_margin": 0.09687268669535438,
      "fcf_margin": -0.05777962292996988,
      "incr_op_margin_yoy": 0.678400849106669,
      "rev_growth_yoy": -0.012265133434584508,
      "rev_growth_yoy_accel": -0.03927530321279454,
      "fcf_margin_change": -0.2584651678146316
    },
    {
      "date": "2025-06-30T00:00:00",
      "quarter_label": "2025-06 (Q2)",
      "revenue": 587434000,
      "gross_profit": 211826000,
      "operating_income": 88141000,
      "net_income": 60140000,
      "opex": 123685000,
      "cogs": 375608000,
      "rd": null,
      "sga": 123521000,
      "fcf": 39886000,
      "ocf": 51465000,
      "capex": -11579000,
      "gross_margin": 0.36059540305804566,
      "op_margin": 0.15004409005947902,
      "fcf_margin": 0.06789869159769438,
      "incr_op_margin_yoy": 0.20354943860919958,
      "rev_growth_yoy": 0.0813167960711117,
      "rev_growth_yoy_accel": 0.0935819295056962,
      "op_leverage_ratio": 8.95856257491847,
      "fcf_margin_change": 0.12567831452766426
    },
    {
      "date": "2025-09-30T00:00:00",
      "quarter_label": "2025-09 (Q3)",
      "revenue": 581714000,
      "gross_profit": 208704000,
      "operating_income": 85118000,
      "net_income": 16738000,
      "opex": 123586000,
      "cogs": 373010000,
      "rd": null,
      "sga": 123474000,
      "fcf": 91285000,
      "ocf": 102690000,
      "capex": -11405000,
      "gross_margin": 0.3587742430128895,
      "op_margin": 0.14632276341982486,
      "fcf_margin": 0.15692419298830698,
      "incr_op_margin_yoy": 0.2305672686769035,
      "rev_growth_yoy": 0.0946036978913815,
      "rev_growth_yoy_accel": 0.0132869018202698,
      "fcf_margin_change": 0.0890255013906126
    }
  ],
  "signals": [
    {
      "quarter": "2025-09 (Q3)",
      "signal": "FCF MARGIN EXPANSION",
      "detail": "FCF margin: +6.8% -> +15.7% (+8.9%)",
      "severity": "MEDIUM"
    },
    {
      "quarter": "2025-06 (Q2)",
      "signal": "FCF TURNED POSITIVE",
      "detail": "FCF margin: -5.8% -> +6.8%",
      "severity": "HIGH"
    },
    {
      "quarter": "2025-06 (Q2)",
      "signal": "OPERATING LEVERAGE",
      "detail": "Rev growth +29.0% vs OpEx growth +3.2% (leverage: 9.0x)",
      "severity": "MEDIUM"
    },
    {
      "quarter": "2025-06 (Q2)",
      "signal": "YoY REVENUE GROWTH ACCELERATION",
      "detail": "YoY growth: +8.1% vs prior quarter YoY: -1.2% (accel: +9.4%)",
      "severity": "MEDIUM"
    },
    {
      "quarter": "2025-03 (Q1)",
      "signal": "GROSS MARGIN INFLECTION",
      "detail": "GM: +35.7% -> +33.8% -> +36.0% (reversal +2.2%)",
      "severity": "MEDIUM"
    },
    {
      "quarter": "2025-03 (Q1)",
      "signal": "INCREMENTAL MARGIN (YoY)",
      "detail": "YoY Incr OPM: +67.8% vs year-ago OPM: +10.4%",
      "severity": "HIGH"
    },
    {
      "quarter": "2024-09 (Q3)",
      "signal": "FCF MARGIN EXPANSION",
      "detail": "FCF margin: +4.8% -> +20.1% (+15.3%)",
      "severity": "MEDIUM"
    },
    {
      "quarter": "2024-09 (Q3)",
      "signal": "INCREMENTAL MARGIN (YoY)",
      "detail": "YoY Incr OPM: +65.5% vs year-ago OPM: +14.5%",
      "severity": "HIGH"
    },
    {
      "quarter": "2024-06 (Q2)",
      "signal": "FCF TURNED POSITIVE",
      "detail": "FCF margin: -2.3% -> +4.8%",
      "severity": "HIGH"
    },
    {
      "quarter": "2024-06 (Q2)",
      "signal": "OPERATING LEVERAGE",
      "detail": "Rev growth +17.9% vs OpEx growth +4.3% (leverage: 4.1x)",
      "severity": "MEDIUM"
    },
    {
      "quarter": "2023-12 (Q4)",
      "signal": "INCREMENTAL MARGIN (YoY)",
      "detail": "YoY Incr OPM: +32.8% vs year-ago OPM: +11.5%",
      "severity": "HIGH"
    },
    {
      "quarter": "2023-09 (Q3)",
      "signal": "FCF MARGIN EXPANSION",
      "detail": "FCF margin: +7.8% -> +27.1% (+19.3%)",
      "severity": "MEDIUM"
    },
    {
      "quarter": "2023-09 (Q3)",
      "signal": "YoY REVENUE GROWTH DECELERATION",
      "detail": "YoY growth: -2.4% vs prior quarter YoY: +3.3% (decel: -5.7%)",
      "severity": "WARNING"
    },
    {
      "quarter": "2023-06 (Q2)",
      "signal": "FCF TURNED POSITIVE",
      "detail": "FCF margin: -4.5% -> +7.8%",
      "severity": "HIGH"
    },
    {
      "quarter": "2023-03 (Q1)",
      "signal": "YoY REVENUE GROWTH DECELERATION",
      "detail": "YoY growth: +7.3% vs prior quarter YoY: +13.2% (decel: -5.8%)",
      "severity": "WARNING"
    },
    {
      "quarter": "2023-03 (Q1)",
      "signal": "INCREMENTAL MARGIN (YoY)",
      "detail": "YoY Incr OPM: +38.3% vs year-ago OPM: +8.8%",
      "severity": "HIGH"
    },
    {
      "quarter": "2022-12 (Q4)",
      "signal": "FCF MARGIN EXPANSION",
      "detail": "FCF margin: +11.0% -> +16.7% (+5.8%)",
      "severity": "MEDIUM"
    },
    {
      "quarter": "2022-12 (Q4)",
      "signal": "YoY REVENUE GROWTH DECELERATION",
      "detail": "YoY growth: +13.2% vs prior quarter YoY: +20.2% (decel: -7.0%)",
      "severity": "WARNING"
    },
    {
      "quarter": "2022-09 (Q3)",
      "signal": "FCF TURNED POSITIVE",
      "detail": "FCF margin: -2.2% -> +11.0%",
      "severity": "HIGH"
    },
    {
      "quarter": "2022-09 (Q3)",
      "signal": "YoY REVENUE GROWTH DECELERATION",
      "detail": "YoY growth: +20.2% vs prior quarter YoY: +26.0% (decel: -5.9%)",
      "severity": "WARNING"
    },
    {
      "quarter": "2022-09 (Q3)",
      "signal": "INCREMENTAL MARGIN (YoY)",
      "detail": "YoY Incr OPM: +25.3% vs year-ago OPM: +12.3%",
      "severity": "MEDIUM"
    },
    {
      "quarter": "2022-06 (Q2)",
      "signal": "FCF MARGIN EXPANSION",
      "detail": "FCF margin: -15.7% -> -2.2% (+13.5%)",
      "severity": "MEDIUM"
    },
    {
      "quarter": "2022-06 (Q2)",
      "signal": "OPERATING LEVERAGE",
      "detail": "Rev growth +22.1% vs OpEx growth +2.8% (leverage: 8.0x)",
      "severity": "MEDIUM"
    },
    {
      "quarter": "2022-06 (Q2)",
      "signal": "GROSS MARGIN INFLECTION",
      "detail": "GM: +33.6% -> +32.2% -> +34.3% (reversal +2.2%)",
      "severity": "MEDIUM"
    },
    {
      "quarter": "2022-06 (Q2)",
      "signal": "YoY REVENUE GROWTH DECELERATION",
      "detail": "YoY growth: +26.0% vs prior quarter YoY: +35.6% (decel: -9.5%)",
      "severity": "WARNING"
    },
    {
      "quarter": "2022-06 (Q2)",
      "signal": "INCREMENTAL MARGIN (YoY)",
      "detail": "YoY Incr OPM: +25.8% vs year-ago OPM: +11.8%",
      "severity": "MEDIUM"
    },
    {
      "quarter": "2021-09 (Q3)",
      "signal": "FCF MARGIN EXPANSION",
      "detail": "FCF margin: +5.5% -> +11.1% (+5.6%)",
      "severity": "MEDIUM"
    },
    {
      "quarter": "2021-06 (Q2)",
      "signal": "FCF TURNED POSITIVE",
      "detail": "FCF margin: -0.4% -> +5.5%",
      "severity": "HIGH"
    }
  ],
  "data_quality": {
    "n_quarters": 20,
    "coverage": {
      "revenue": [
        20,
        20
      ],
      "gross_profit": [
        20,
        20
      ],
      "op_income": [
        20,
        20
      ],
      "fcf": [
        20,
        20
      ]
    },
    "gaps": [],
    "warnings": []
  },
  "market_cap": null,
  "source": "SEC EDGAR",
  "last_updated": "2026-02-02T21:09:44.291197"
}