{
  "ticker": "FENC",
  "name": "FENNEC PHARMACEUTICALS INC.",
  "quarters": [
    {
      "date": "2019-03-31T00:00:00",
      "quarter_label": "2019-03 (Q1)",
      "revenue": 0,
      "gross_profit": null,
      "operating_income": null,
      "net_income": null,
      "opex": null,
      "cogs": null,
      "rd": null,
      "sga": null,
      "fcf": null,
      "ocf": null,
      "capex": null,
      "gross_margin": null,
      "op_margin": null,
      "fcf_margin": null
    },
    {
      "date": "2019-06-30T00:00:00",
      "quarter_label": "2019-06 (Q2)",
      "revenue": 0,
      "gross_profit": null,
      "operating_income": null,
      "net_income": null,
      "opex": null,
      "cogs": null,
      "rd": null,
      "sga": null,
      "fcf": null,
      "ocf": null,
      "capex": null,
      "gross_margin": null,
      "op_margin": null,
      "fcf_margin": null
    },
    {
      "date": "2019-09-30T00:00:00",
      "quarter_label": "2019-09 (Q3)",
      "revenue": 0,
      "gross_profit": null,
      "operating_income": null,
      "net_income": null,
      "opex": null,
      "cogs": null,
      "rd": null,
      "sga": null,
      "fcf": null,
      "ocf": null,
      "capex": null,
      "gross_margin": null,
      "op_margin": null,
      "fcf_margin": null
    },
    {
      "date": "2019-12-31T00:00:00",
      "quarter_label": "2019-12 (Q4)",
      "revenue": 0,
      "gross_profit": null,
      "operating_income": null,
      "net_income": null,
      "opex": null,
      "cogs": null,
      "rd": null,
      "sga": null,
      "fcf": null,
      "ocf": null,
      "capex": null,
      "gross_margin": null,
      "op_margin": null,
      "fcf_margin": null
    },
    {
      "date": "2020-03-31T00:00:00",
      "quarter_label": "2020-03 (Q1)",
      "revenue": 0,
      "gross_profit": null,
      "operating_income": null,
      "net_income": null,
      "opex": 3835000,
      "cogs": null,
      "rd": null,
      "sga": null,
      "fcf": null,
      "ocf": null,
      "capex": null,
      "gross_margin": null,
      "op_margin": null,
      "fcf_margin": null
    },
    {
      "date": "2020-06-30T00:00:00",
      "quarter_label": "2020-06 (Q2)",
      "revenue": 0,
      "gross_profit": null,
      "operating_income": null,
      "net_income": null,
      "opex": null,
      "cogs": null,
      "rd": null,
      "sga": null,
      "fcf": null,
      "ocf": null,
      "capex": null,
      "gross_margin": null,
      "op_margin": null,
      "fcf_margin": null
    },
    {
      "date": "2020-09-30T00:00:00",
      "quarter_label": "2020-09 (Q3)",
      "revenue": 0,
      "gross_profit": null,
      "operating_income": null,
      "net_income": null,
      "opex": null,
      "cogs": null,
      "rd": null,
      "sga": null,
      "fcf": null,
      "ocf": null,
      "capex": null,
      "gross_margin": null,
      "op_margin": null,
      "fcf_margin": null
    },
    {
      "date": "2020-12-31T00:00:00",
      "quarter_label": "2020-12 (Q4)",
      "revenue": 200000,
      "gross_profit": null,
      "operating_income": -3346000,
      "net_income": -3238000,
      "opex": null,
      "cogs": null,
      "rd": 1223000,
      "sga": null,
      "fcf": -3284000,
      "ocf": -3284000,
      "capex": null,
      "gross_margin": null,
      "op_margin": -16.73,
      "fcf_margin": -16.42
    },
    {
      "date": "2021-03-31T00:00:00",
      "quarter_label": "2021-03 (Q1)",
      "revenue": 0,
      "gross_profit": null,
      "operating_income": -4923000,
      "net_income": -4733000,
      "opex": 4923000,
      "cogs": null,
      "rd": 2416000,
      "sga": null,
      "fcf": -3593000,
      "ocf": -3593000,
      "capex": null,
      "gross_margin": null,
      "op_margin": null,
      "fcf_margin": null
    },
    {
      "date": "2023-03-31T00:00:00",
      "quarter_label": "2023-03 (Q1)",
      "revenue": 1677000,
      "gross_profit": 1582000,
      "operating_income": -5270000,
      "net_income": -6052000,
      "opex": 6852000,
      "cogs": 95000,
      "rd": 4000,
      "sga": null,
      "fcf": -5577000,
      "ocf": -5577000,
      "capex": null,
      "gross_margin": 0.9433512224209899,
      "op_margin": -3.142516398330352,
      "fcf_margin": -3.3255813953488373
    },
    {
      "date": "2023-06-30T00:00:00",
      "quarter_label": "2023-06 (Q2)",
      "revenue": 3325000,
      "gross_profit": 3177000,
      "operating_income": -4666000,
      "net_income": -5444000,
      "opex": -7843000,
      "cogs": 148000,
      "rd": 8000,
      "sga": null,
      "fcf": -3946000,
      "ocf": -3946000,
      "capex": null,
      "gross_margin": 0.9554887218045113,
      "op_margin": -1.4033082706766917,
      "fcf_margin": -1.1867669172932331,
      "op_leverage_ratio": Infinity,
      "fcf_margin_change": 2.138814478055604
    },
    {
      "date": "2023-09-30T00:00:00",
      "quarter_label": "2023-09 (Q3)",
      "revenue": 6515000,
      "gross_profit": 6184000,
      "operating_income": -1017000,
      "net_income": -1867000,
      "opex": 7201000,
      "cogs": 331000,
      "rd": 12000,
      "sga": null,
      "fcf": -2760000,
      "ocf": -2760000,
      "capex": null,
      "gross_margin": 0.9491941673062164,
      "op_margin": -0.1561013046815042,
      "fcf_margin": -0.42363775901765155,
      "op_leverage_ratio": Infinity,
      "fcf_margin_change": 0.7631291582755816
    },
    {
      "date": "2023-12-31T00:00:00",
      "quarter_label": "2023-12 (Q4)",
      "revenue": 9735000,
      "gross_profit": 9050000,
      "operating_income": -1818000,
      "net_income": -2682000,
      "opex": 10868000,
      "cogs": 685000,
      "rd": 32000,
      "sga": null,
      "fcf": -4860000,
      "ocf": -4860000,
      "capex": null,
      "gross_margin": 0.9296353364149974,
      "op_margin": -0.186748844375963,
      "fcf_margin": -0.49922958397534667,
      "op_leverage_ratio": 0.9705621542951897,
      "fcf_margin_change": -0.07559182495769512
    },
    {
      "date": "2024-03-31T00:00:00",
      "quarter_label": "2024-03 (Q1)",
      "revenue": 25377000,
      "gross_profit": null,
      "operating_income": 13743000,
      "net_income": 12837000,
      "opex": 11634000,
      "cogs": null,
      "rd": 3000,
      "sga": null,
      "fcf": 39047000,
      "ocf": 39047000,
      "capex": null,
      "gross_margin": null,
      "op_margin": 0.5415533751034401,
      "fcf_margin": 1.5386767545415139,
      "incr_op_margin_yoy": 0.8022362869198312,
      "rev_growth_yoy": 14.132379248658319,
      "op_leverage_ratio": 22.79697304951985,
      "fcf_margin_change": 2.0379063385168603
    },
    {
      "date": "2024-06-30T00:00:00",
      "quarter_label": "2024-06 (Q2)",
      "revenue": 7262000,
      "gross_profit": null,
      "operating_income": -5039000,
      "net_income": -5553000,
      "opex": 12301000,
      "cogs": null,
      "rd": 157000,
      "sga": null,
      "fcf": -8387000,
      "ocf": -8387000,
      "capex": null,
      "gross_margin": null,
      "op_margin": -0.6938859818231892,
      "fcf_margin": -1.1549160011016248,
      "incr_op_margin_yoy": -0.09474218948437897,
      "rev_growth_yoy": 1.1840601503759398,
      "rev_growth_yoy_accel": -12.94831909828238,
      "fcf_margin_change": -2.693592755643139
    },
    {
      "date": "2024-09-30T00:00:00",
      "quarter_label": "2024-09 (Q3)",
      "revenue": 6974000,
      "gross_profit": null,
      "operating_income": -5202000,
      "net_income": -5735000,
      "opex": 12176000,
      "cogs": null,
      "rd": 97000,
      "sga": null,
      "fcf": -2206000,
      "ocf": -2206000,
      "capex": null,
      "gross_margin": null,
      "op_margin": -0.7459133926010898,
      "fcf_margin": -0.31631775164898196,
      "rev_growth_yoy": 0.07045280122793553,
      "rev_growth_yoy_accel": -1.1136073491480043,
      "fcf_margin_change": 0.8385982494526429
    },
    {
      "date": "2024-12-31T00:00:00",
      "quarter_label": "2024-12 (Q4)",
      "revenue": 7925000,
      "gross_profit": null,
      "operating_income": -934000,
      "net_income": -1985000,
      "opex": 8859000,
      "cogs": null,
      "rd": 50000,
      "sga": null,
      "fcf": -1474000,
      "ocf": -1474000,
      "capex": null,
      "gross_margin": null,
      "op_margin": -0.11785488958990537,
      "fcf_margin": -0.185993690851735,
      "incr_op_margin_yoy": -0.48839779005524864,
      "rev_growth_yoy": -0.1859270672829995,
      "rev_growth_yoy_accel": -0.256379868510935,
      "op_leverage_ratio": Infinity,
      "fcf_margin_change": 0.13032406079724695
    },
    {
      "date": "2025-03-31T00:00:00",
      "quarter_label": "2025-03 (Q1)",
      "revenue": 8751000,
      "gross_profit": null,
      "operating_income": -808000,
      "net_income": -1165000,
      "opex": 9559000,
      "cogs": null,
      "rd": 94000,
      "sga": null,
      "fcf": -4318000,
      "ocf": -4318000,
      "capex": null,
      "gross_margin": null,
      "op_margin": -0.09233230487944236,
      "fcf_margin": -0.4934293223631585,
      "incr_op_margin_yoy": 0.8751954769637916,
      "rev_growth_yoy": -0.6551601844189621,
      "rev_growth_yoy_accel": -0.4692331171359626,
      "op_leverage_ratio": 1.3190687697160883,
      "fcf_margin_change": -0.3074356315114235
    },
    {
      "date": "2025-06-30T00:00:00",
      "quarter_label": "2025-06 (Q2)",
      "revenue": 9652000,
      "gross_profit": null,
      "operating_income": -2732000,
      "net_income": -3152000,
      "opex": 12384000,
      "cogs": null,
      "rd": 107000,
      "sga": null,
      "fcf": -3686000,
      "ocf": -3686000,
      "capex": null,
      "gross_margin": null,
      "op_margin": -0.2830501450476585,
      "fcf_margin": -0.38188976377952755,
      "incr_op_margin_yoy": 0.9652719665271966,
      "rev_growth_yoy": 0.32911043789589645,
      "rev_growth_yoy_accel": 0.9842706223148585,
      "op_leverage_ratio": 0.348386338653585,
      "fcf_margin_change": 0.11153955858363096
    },
    {
      "date": "2025-09-30T00:00:00",
      "quarter_label": "2025-09 (Q3)",
      "revenue": 12462000,
      "gross_profit": null,
      "operating_income": -189000,
      "net_income": -638000,
      "opex": 12651000,
      "cogs": null,
      "rd": 29000,
      "sga": null,
      "fcf": 1493000,
      "ocf": 1493000,
      "capex": null,
      "gross_margin": null,
      "op_margin": -0.01516610495907559,
      "fcf_margin": 0.11980420478253892,
      "incr_op_margin_yoy": 0.9134475218658892,
      "rev_growth_yoy": 0.7869228563234872,
      "rev_growth_yoy_accel": 0.4578124184275908,
      "op_leverage_ratio": 13.503261826157004,
      "fcf_margin_change": 0.5016939685620665
    }
  ],
  "signals": [
    {
      "quarter": "2025-09 (Q3)",
      "signal": "FCF TURNED POSITIVE",
      "detail": "FCF margin: -38.2% -> +12.0%",
      "severity": "HIGH"
    },
    {
      "quarter": "2025-09 (Q3)",
      "signal": "OPERATING LEVERAGE",
      "detail": "Rev growth +29.1% vs OpEx growth +2.2% (leverage: 13.5x)",
      "severity": "MEDIUM"
    },
    {
      "quarter": "2025-09 (Q3)",
      "signal": "YoY REVENUE GROWTH ACCELERATION",
      "detail": "YoY growth: +78.7% vs prior quarter YoY: +32.9% (accel: +45.8%)",
      "severity": "HIGH"
    },
    {
      "quarter": "2025-06 (Q2)",
      "signal": "FCF MARGIN EXPANSION",
      "detail": "FCF margin: -49.3% -> -38.2% (+11.2%)",
      "severity": "MEDIUM"
    },
    {
      "quarter": "2025-06 (Q2)",
      "signal": "YoY REVENUE GROWTH ACCELERATION",
      "detail": "YoY growth: +32.9% vs prior quarter YoY: -65.5% (accel: +98.4%)",
      "severity": "HIGH"
    },
    {
      "quarter": "2025-03 (Q1)",
      "signal": "YoY REVENUE GROWTH DECELERATION",
      "detail": "YoY growth: -65.5% vs prior quarter YoY: -18.6% (decel: -46.9%)",
      "severity": "WARNING"
    },
    {
      "quarter": "2024-12 (Q4)",
      "signal": "FCF MARGIN EXPANSION",
      "detail": "FCF margin: -31.6% -> -18.6% (+13.0%)",
      "severity": "MEDIUM"
    },
    {
      "quarter": "2024-12 (Q4)",
      "signal": "YoY REVENUE GROWTH DECELERATION",
      "detail": "YoY growth: -18.6% vs prior quarter YoY: +7.0% (decel: -25.6%)",
      "severity": "WARNING"
    },
    {
      "quarter": "2024-09 (Q3)",
      "signal": "FCF MARGIN EXPANSION",
      "detail": "FCF margin: -115.5% -> -31.6% (+83.9%)",
      "severity": "MEDIUM"
    },
    {
      "quarter": "2024-09 (Q3)",
      "signal": "YoY REVENUE GROWTH DECELERATION",
      "detail": "YoY growth: +7.0% vs prior quarter YoY: +118.4% (decel: -111.4%)",
      "severity": "WARNING"
    },
    {
      "quarter": "2024-06 (Q2)",
      "signal": "YoY REVENUE GROWTH DECELERATION",
      "detail": "YoY growth: +118.4% vs prior quarter YoY: +1413.2% (decel: -1294.8%)",
      "severity": "WARNING"
    },
    {
      "quarter": "2024-03 (Q1)",
      "signal": "FCF TURNED POSITIVE",
      "detail": "FCF margin: -49.9% -> +153.9%",
      "severity": "HIGH"
    },
    {
      "quarter": "2024-03 (Q1)",
      "signal": "OPERATING LEVERAGE",
      "detail": "Rev growth +160.7% vs OpEx growth +7.0% (leverage: 22.8x)",
      "severity": "MEDIUM"
    },
    {
      "quarter": "2024-03 (Q1)",
      "signal": "OP MARGIN TURNED POSITIVE (YoY)",
      "detail": "Op margin: -314.3% (year-ago) -> +54.2%",
      "severity": "HIGH"
    },
    {
      "quarter": "2024-03 (Q1)",
      "signal": "OP MARGIN TURNED POSITIVE (QoQ)",
      "detail": "Op margin: -18.7% -> +54.2%",
      "severity": "HIGH"
    },
    {
      "quarter": "2023-09 (Q3)",
      "signal": "FCF MARGIN EXPANSION",
      "detail": "FCF margin: -118.7% -> -42.4% (+76.3%)",
      "severity": "MEDIUM"
    },
    {
      "quarter": "2023-06 (Q2)",
      "signal": "FCF MARGIN EXPANSION",
      "detail": "FCF margin: -332.6% -> -118.7% (+213.9%)",
      "severity": "MEDIUM"
    }
  ],
  "data_quality": {
    "n_quarters": 20,
    "coverage": {
      "revenue": [
        20,
        20
      ],
      "gross_profit": [
        4,
        20
      ],
      "op_income": [
        13,
        20
      ],
      "fcf": [
        13,
        20
      ]
    },
    "gaps": [
      [
        "2021-03 (Q1)",
        "2023-03 (Q1)",
        730
      ]
    ],
    "warnings": [
      "gross_profit: 4/20Q",
      "op_income: 13/20Q",
      "fcf: 13/20Q",
      "gap: 7Q missing between 2021-03 (Q1) and 2023-03 (Q1)"
    ]
  },
  "market_cap": null,
  "source": "SEC EDGAR",
  "last_updated": "2026-02-02T22:50:49.543463"
}