{
  "ticker": "FET",
  "name": "FORUM ENERGY TECHNOLOGIES, INC.",
  "quarters": [
    {
      "date": "2020-12-31T00:00:00",
      "quarter_label": "2020-12 (Q4)",
      "revenue": 112963000,
      "gross_profit": -59123000,
      "operating_income": -104147000,
      "net_income": -32700000,
      "opex": 45024000,
      "cogs": 172086000,
      "rd": null,
      "sga": 43165000,
      "fcf": 2104000,
      "ocf": 2182000,
      "capex": -78000,
      "gross_margin": -0.5233837628249958,
      "op_margin": -0.9219567468994272,
      "fcf_margin": 0.018625567663748305
    },
    {
      "date": "2021-03-31T00:00:00",
      "quarter_label": "2021-03 (Q1)",
      "revenue": 114517000,
      "gross_profit": 26185000,
      "operating_income": -14380000,
      "net_income": -29663000,
      "opex": 40565000,
      "cogs": 88332000,
      "rd": null,
      "sga": 41474000,
      "fcf": -1727000,
      "ocf": -1338000,
      "capex": -389000,
      "gross_margin": 0.2286560074050141,
      "op_margin": -0.1255708759398168,
      "fcf_margin": -0.015080730371909847,
      "op_leverage_ratio": Infinity,
      "fcf_margin_change": -0.03370629803565815
    },
    {
      "date": "2021-06-30T00:00:00",
      "quarter_label": "2021-06 (Q2)",
      "revenue": 137420000,
      "gross_profit": 32204000,
      "operating_income": -9620000,
      "net_income": -21806000,
      "opex": 41824000,
      "cogs": 105216000,
      "rd": null,
      "sga": 42184000,
      "fcf": 3379000,
      "ocf": 3694000,
      "capex": -315000,
      "gross_margin": 0.23434725658564984,
      "op_margin": -0.07000436617668461,
      "fcf_margin": 0.024588851695531946,
      "op_leverage_ratio": 6.443890634826578,
      "fcf_margin_change": 0.0396695820674418
    },
    {
      "date": "2021-09-30T00:00:00",
      "quarter_label": "2021-09 (Q3)",
      "revenue": 140984000,
      "gross_profit": 34865000,
      "operating_income": -7376000,
      "net_income": -11587000,
      "opex": 42241000,
      "cogs": 106119000,
      "rd": null,
      "sga": 42334000,
      "fcf": -10751000,
      "ocf": -10456000,
      "capex": -295000,
      "gross_margin": 0.24729756568121206,
      "op_margin": -0.05231799353118084,
      "fcf_margin": -0.07625688021335754,
      "op_leverage_ratio": 2.6012210636090165,
      "fcf_margin_change": -0.10084573190888949
    },
    {
      "date": "2021-12-31T00:00:00",
      "quarter_label": "2021-12 (Q4)",
      "revenue": 148147000,
      "gross_profit": 30087000,
      "operating_income": -13117000,
      "net_income": -19595000,
      "opex": 43204000,
      "cogs": 118060000,
      "rd": null,
      "sga": 42894000,
      "fcf": -9075000,
      "ocf": -7675000,
      "capex": -1400000,
      "gross_margin": 0.2030888239383855,
      "op_margin": -0.08854043618838046,
      "fcf_margin": -0.061256724739616734,
      "incr_op_margin_yoy": 2.587255570713961,
      "rev_growth_yoy": 0.3114648159131751,
      "op_leverage_ratio": 2.2286046216390134,
      "fcf_margin_change": 0.015000155473740805
    },
    {
      "date": "2022-03-31T00:00:00",
      "quarter_label": "2022-03 (Q1)",
      "revenue": 155174000,
      "gross_profit": 38619000,
      "operating_income": -5708000,
      "net_income": -9199000,
      "opex": 44327000,
      "cogs": 116555000,
      "rd": null,
      "sga": 44305000,
      "fcf": -25735000,
      "ocf": -24875000,
      "capex": -860000,
      "gross_margin": 0.24887545593978372,
      "op_margin": -0.036784512869424,
      "fcf_margin": -0.16584608246226817,
      "incr_op_margin_yoy": 0.2132966032909462,
      "rev_growth_yoy": 0.3550302575163513,
      "rev_growth_yoy_accel": 0.043565441603176214,
      "op_leverage_ratio": 1.8248252991191314,
      "fcf_margin_change": -0.10458935772265143
    },
    {
      "date": "2022-06-30T00:00:00",
      "quarter_label": "2022-06 (Q2)",
      "revenue": 172246000,
      "gross_profit": 48573000,
      "operating_income": 5984000,
      "net_income": 9264000,
      "opex": 42589000,
      "cogs": 123673000,
      "rd": null,
      "sga": 43497000,
      "fcf": -28394000,
      "ocf": -25684000,
      "capex": -2710000,
      "gross_margin": 0.2819978402981782,
      "op_margin": 0.0347410099508842,
      "fcf_margin": -0.16484562776494083,
      "incr_op_margin_yoy": 0.4480560500775283,
      "rev_growth_yoy": 0.25342744869742395,
      "rev_growth_yoy_accel": -0.10160280881892736,
      "op_leverage_ratio": Infinity,
      "fcf_margin_change": 0.0010004546973273465
    },
    {
      "date": "2022-09-30T00:00:00",
      "quarter_label": "2022-09 (Q3)",
      "revenue": 181835000,
      "gross_profit": 51363000,
      "operating_income": 7702000,
      "net_income": 16477000,
      "opex": 43661000,
      "cogs": 130472000,
      "rd": null,
      "sga": 43713000,
      "fcf": 17218000,
      "ocf": 18427000,
      "capex": -1209000,
      "gross_margin": 0.28247037149063714,
      "op_margin": 0.04235708196991778,
      "fcf_margin": 0.09469024115269338,
      "incr_op_margin_yoy": 0.3690974517147683,
      "rev_growth_yoy": 0.28975628440106677,
      "rev_growth_yoy_accel": 0.036328835703642814,
      "op_leverage_ratio": 2.2117031214554124,
      "fcf_margin_change": 0.2595358689176342
    },
    {
      "date": "2022-12-31T00:00:00",
      "quarter_label": "2022-12 (Q4)",
      "revenue": 190658000,
      "gross_profit": 49971000,
      "operating_income": 9348000,
      "net_income": -12830000,
      "opex": 40623000,
      "cogs": 140687000,
      "rd": null,
      "sga": 47956000,
      "fcf": 12365000,
      "ocf": 15078000,
      "capex": -2713000,
      "gross_margin": 0.2620975778619308,
      "op_margin": 0.04903020067345718,
      "fcf_margin": 0.0648543465262407,
      "incr_op_margin_yoy": 0.5284514596222154,
      "rev_growth_yoy": 0.2869514738739225,
      "rev_growth_yoy_accel": -0.0028048105271442636,
      "op_leverage_ratio": Infinity,
      "fcf_margin_change": -0.029835894626452683
    },
    {
      "date": "2023-03-31T00:00:00",
      "quarter_label": "2023-03 (Q1)",
      "revenue": 188957000,
      "gross_profit": 52102000,
      "operating_income": 6851000,
      "net_income": -3486000,
      "opex": 45251000,
      "cogs": 136855000,
      "rd": null,
      "sga": 45511000,
      "fcf": -24211000,
      "ocf": -23128000,
      "capex": -1083000,
      "gross_margin": 0.27573469096143566,
      "op_margin": 0.036256926178971936,
      "fcf_margin": -0.12812968029763386,
      "incr_op_margin_yoy": 0.3717550247165734,
      "rev_growth_yoy": 0.2177104411821568,
      "rev_growth_yoy_accel": -0.06924103269176571,
      "fcf_margin_change": -0.19298402682387455
    },
    {
      "date": "2023-06-30T00:00:00",
      "quarter_label": "2023-06 (Q2)",
      "revenue": 185449000,
      "gross_profit": 51306000,
      "operating_income": 6407000,
      "net_income": -6579000,
      "opex": 44899000,
      "cogs": 134143000,
      "rd": null,
      "sga": 44357000,
      "fcf": -8089000,
      "ocf": -6363000,
      "capex": -1726000,
      "gross_margin": 0.2766582726248187,
      "op_margin": 0.03454858208995465,
      "fcf_margin": -0.043618461140259586,
      "incr_op_margin_yoy": 0.032038173142467624,
      "rev_growth_yoy": 0.07665199772418518,
      "rev_growth_yoy_accel": -0.1410584434579716,
      "fcf_margin_change": 0.08451121915737428
    },
    {
      "date": "2023-09-30T00:00:00",
      "quarter_label": "2023-09 (Q3)",
      "revenue": 179253000,
      "gross_profit": 51022000,
      "operating_income": 5671000,
      "net_income": 7969000,
      "opex": 45351000,
      "cogs": 128231000,
      "rd": null,
      "sga": 45496000,
      "fcf": 23726000,
      "ocf": 26414000,
      "capex": -2688000,
      "gross_margin": 0.2846367982683693,
      "op_margin": 0.031636848476734,
      "fcf_margin": 0.1323604067993283,
      "incr_op_margin_yoy": 0.786599535243997,
      "rev_growth_yoy": -0.014199686528996069,
      "rev_growth_yoy_accel": -0.09085168425318126,
      "fcf_margin_change": 0.1759788679395879
    },
    {
      "date": "2023-12-31T00:00:00",
      "quarter_label": "2023-12 (Q4)",
      "revenue": 185205000,
      "gross_profit": 49723000,
      "operating_income": 1787000,
      "net_income": -16780000,
      "opex": 47936000,
      "cogs": 135482000,
      "rd": null,
      "sga": 45025000,
      "fcf": 8813000,
      "ocf": 11260000,
      "capex": -2447000,
      "gross_margin": 0.2684754731243757,
      "op_margin": 0.00964876758186874,
      "fcf_margin": 0.04758510839340191,
      "incr_op_margin_yoy": 1.3865761965890335,
      "rev_growth_yoy": -0.028600950392850023,
      "rev_growth_yoy_accel": -0.014401263863853955,
      "op_leverage_ratio": 0.5825360546072779,
      "fcf_margin_change": -0.0847752984059264
    },
    {
      "date": "2024-03-31T00:00:00",
      "quarter_label": "2024-03 (Q1)",
      "revenue": 202392000,
      "gross_profit": 63759000,
      "operating_income": 3200000,
      "net_income": -10315000,
      "opex": 60559000,
      "cogs": 138633000,
      "rd": null,
      "sga": 54666000,
      "fcf": 2113000,
      "ocf": 5023000,
      "capex": -2910000,
      "gross_margin": 0.3150272738052887,
      "op_margin": 0.01581090161666469,
      "fcf_margin": 0.010440135973753904,
      "incr_op_margin_yoy": -0.2717528842575363,
      "rev_growth_yoy": 0.07110083246452897,
      "rev_growth_yoy_accel": 0.09970178285737899,
      "op_leverage_ratio": 0.35240866578143604,
      "fcf_margin_change": -0.03714497241964801
    },
    {
      "date": "2024-06-30T00:00:00",
      "quarter_label": "2024-06 (Q2)",
      "revenue": 205209000,
      "gross_profit": 63073000,
      "operating_income": 7934000,
      "net_income": -6696000,
      "opex": 55139000,
      "cogs": 142136000,
      "rd": null,
      "sga": 53691000,
      "fcf": 21552000,
      "ocf": 23050000,
      "capex": -1498000,
      "gross_margin": 0.30735981365339726,
      "op_margin": 0.03866302160236637,
      "fcf_margin": 0.10502463342251071,
      "incr_op_margin_yoy": 0.07727732793522267,
      "rev_growth_yoy": 0.10655220572772028,
      "rev_growth_yoy_accel": 0.03545137326319131,
      "op_leverage_ratio": Infinity,
      "fcf_margin_change": 0.09458449744875681
    },
    {
      "date": "2024-09-30T00:00:00",
      "quarter_label": "2024-09 (Q3)",
      "revenue": 207806000,
      "gross_profit": 65736000,
      "operating_income": 8916000,
      "net_income": -14815000,
      "opex": 56820000,
      "cogs": 142070000,
      "rd": null,
      "sga": 56326000,
      "fcf": 24275000,
      "ocf": 25602000,
      "capex": -1327000,
      "gross_margin": 0.31633350336371424,
      "op_margin": 0.042905402153932036,
      "fcf_margin": 0.11681568385898386,
      "incr_op_margin_yoy": 0.11364830315553533,
      "rev_growth_yoy": 0.15928882640736836,
      "rev_growth_yoy_accel": 0.05273662067964807,
      "op_leverage_ratio": 0.41511336642268126,
      "fcf_margin_change": 0.011791050436473147
    },
    {
      "date": "2024-12-31T00:00:00",
      "quarter_label": "2024-12 (Q4)",
      "revenue": 201018000,
      "gross_profit": 62465000,
      "operating_income": -106817000,
      "net_income": -103500000,
      "opex": 169282000,
      "cogs": 138553000,
      "rd": null,
      "sga": 54642000,
      "fcf": 36106000,
      "ocf": 38516000,
      "capex": -2410000,
      "gross_margin": 0.3107433165189187,
      "op_margin": -0.5313802744032873,
      "fcf_margin": 0.1796157558029629,
      "incr_op_margin_yoy": -6.868019983557832,
      "rev_growth_yoy": 0.0853810642261278,
      "rev_growth_yoy_accel": -0.07390776218124055,
      "fcf_margin_change": 0.06280007194397905
    },
    {
      "date": "2025-03-31T00:00:00",
      "quarter_label": "2025-03 (Q1)",
      "revenue": 193279000,
      "gross_profit": 58361000,
      "operating_income": 8804000,
      "net_income": 1122000,
      "opex": 49557000,
      "cogs": 134918000,
      "rd": null,
      "sga": 49383000,
      "fcf": 7216000,
      "ocf": 9326000,
      "capex": -2110000,
      "gross_margin": 0.30195210033164493,
      "op_margin": 0.04555073236099111,
      "fcf_margin": 0.03733463024953564,
      "incr_op_margin_yoy": -0.6149456819927576,
      "rev_growth_yoy": -0.04502648326020792,
      "rev_growth_yoy_accel": -0.1304075474863357,
      "fcf_margin_change": -0.14228112555342726
    },
    {
      "date": "2025-06-30T00:00:00",
      "quarter_label": "2025-06 (Q2)",
      "revenue": 199764000,
      "gross_profit": 59356000,
      "operating_income": 14683000,
      "net_income": 7700000,
      "opex": 44673000,
      "cogs": 140408000,
      "rd": null,
      "sga": 51185000,
      "fcf": 14822000,
      "ocf": 15773000,
      "capex": -951000,
      "gross_margin": 0.2971306141246671,
      "op_margin": 0.0735017320438117,
      "fcf_margin": 0.07419755311267295,
      "incr_op_margin_yoy": -1.239485766758494,
      "rev_growth_yoy": -0.026533923950703916,
      "rev_growth_yoy_accel": 0.018492559309504,
      "op_leverage_ratio": Infinity,
      "fcf_margin_change": 0.03686292286313731
    },
    {
      "date": "2025-09-30T00:00:00",
      "quarter_label": "2025-09 (Q3)",
      "revenue": 196231000,
      "gross_profit": 40237000,
      "operating_income": -6106000,
      "net_income": -20554000,
      "opex": 46343000,
      "cogs": 155994000,
      "rd": null,
      "sga": 50449000,
      "fcf": 21474000,
      "ocf": 22866000,
      "capex": -1392000,
      "gross_margin": 0.20504915125540818,
      "op_margin": -0.03111638833823402,
      "fcf_margin": 0.10943225076567922,
      "incr_op_margin_yoy": 1.2977969762419006,
      "rev_growth_yoy": -0.05570099034676573,
      "rev_growth_yoy_accel": -0.029167066396061817,
      "fcf_margin_change": 0.03523469765300627
    }
  ],
  "signals": [
    {
      "quarter": "2025-03 (Q1)",
      "signal": "YoY REVENUE GROWTH DECELERATION",
      "detail": "YoY growth: -4.5% vs prior quarter YoY: +8.5% (decel: -13.0%)",
      "severity": "WARNING"
    },
    {
      "quarter": "2025-03 (Q1)",
      "signal": "OP MARGIN TURNED POSITIVE (QoQ)",
      "detail": "Op margin: -53.1% -> +4.6%",
      "severity": "HIGH"
    },
    {
      "quarter": "2024-12 (Q4)",
      "signal": "FCF MARGIN EXPANSION",
      "detail": "FCF margin: +11.7% -> +18.0% (+6.3%)",
      "severity": "MEDIUM"
    },
    {
      "quarter": "2024-12 (Q4)",
      "signal": "YoY REVENUE GROWTH DECELERATION",
      "detail": "YoY growth: +8.5% vs prior quarter YoY: +15.9% (decel: -7.4%)",
      "severity": "WARNING"
    },
    {
      "quarter": "2024-09 (Q3)",
      "signal": "YoY REVENUE GROWTH ACCELERATION",
      "detail": "YoY growth: +15.9% vs prior quarter YoY: +10.7% (accel: +5.3%)",
      "severity": "MEDIUM"
    },
    {
      "quarter": "2024-06 (Q2)",
      "signal": "FCF MARGIN EXPANSION",
      "detail": "FCF margin: +1.0% -> +10.5% (+9.5%)",
      "severity": "MEDIUM"
    },
    {
      "quarter": "2024-03 (Q1)",
      "signal": "GROSS MARGIN INFLECTION",
      "detail": "GM: +28.5% -> +26.8% -> +31.5% (reversal +4.7%)",
      "severity": "MEDIUM"
    },
    {
      "quarter": "2024-03 (Q1)",
      "signal": "YoY REVENUE GROWTH ACCELERATION",
      "detail": "YoY growth: +7.1% vs prior quarter YoY: -2.9% (accel: +10.0%)",
      "severity": "MEDIUM"
    },
    {
      "quarter": "2023-12 (Q4)",
      "signal": "INCREMENTAL MARGIN (YoY)",
      "detail": "YoY Incr OPM: +138.7% vs year-ago OPM: +4.9%",
      "severity": "HIGH"
    },
    {
      "quarter": "2023-09 (Q3)",
      "signal": "FCF TURNED POSITIVE",
      "detail": "FCF margin: -4.4% -> +13.2%",
      "severity": "HIGH"
    },
    {
      "quarter": "2023-09 (Q3)",
      "signal": "YoY REVENUE GROWTH DECELERATION",
      "detail": "YoY growth: -1.4% vs prior quarter YoY: +7.7% (decel: -9.1%)",
      "severity": "WARNING"
    },
    {
      "quarter": "2023-09 (Q3)",
      "signal": "INCREMENTAL MARGIN (YoY)",
      "detail": "YoY Incr OPM: +78.7% vs year-ago OPM: +4.2%",
      "severity": "HIGH"
    },
    {
      "quarter": "2023-06 (Q2)",
      "signal": "FCF MARGIN EXPANSION",
      "detail": "FCF margin: -12.8% -> -4.4% (+8.5%)",
      "severity": "MEDIUM"
    },
    {
      "quarter": "2023-06 (Q2)",
      "signal": "YoY REVENUE GROWTH DECELERATION",
      "detail": "YoY growth: +7.7% vs prior quarter YoY: +21.8% (decel: -14.1%)",
      "severity": "WARNING"
    },
    {
      "quarter": "2023-03 (Q1)",
      "signal": "YoY REVENUE GROWTH DECELERATION",
      "detail": "YoY growth: +21.8% vs prior quarter YoY: +28.7% (decel: -6.9%)",
      "severity": "WARNING"
    },
    {
      "quarter": "2023-03 (Q1)",
      "signal": "OP MARGIN TURNED POSITIVE (YoY)",
      "detail": "Op margin: -3.7% (year-ago) -> +3.6%",
      "severity": "HIGH"
    },
    {
      "quarter": "2022-12 (Q4)",
      "signal": "OP MARGIN TURNED POSITIVE (YoY)",
      "detail": "Op margin: -8.9% (year-ago) -> +4.9%",
      "severity": "HIGH"
    },
    {
      "quarter": "2022-09 (Q3)",
      "signal": "FCF TURNED POSITIVE",
      "detail": "FCF margin: -16.5% -> +9.5%",
      "severity": "HIGH"
    },
    {
      "quarter": "2022-09 (Q3)",
      "signal": "OPERATING LEVERAGE",
      "detail": "Rev growth +5.6% vs OpEx growth +2.5% (leverage: 2.2x)",
      "severity": "MEDIUM"
    },
    {
      "quarter": "2022-09 (Q3)",
      "signal": "OP MARGIN TURNED POSITIVE (YoY)",
      "detail": "Op margin: -5.2% (year-ago) -> +4.2%",
      "severity": "HIGH"
    },
    {
      "quarter": "2022-06 (Q2)",
      "signal": "YoY REVENUE GROWTH DECELERATION",
      "detail": "YoY growth: +25.3% vs prior quarter YoY: +35.5% (decel: -10.2%)",
      "severity": "WARNING"
    },
    {
      "quarter": "2022-06 (Q2)",
      "signal": "OP MARGIN TURNED POSITIVE (YoY)",
      "detail": "Op margin: -7.0% (year-ago) -> +3.5%",
      "severity": "HIGH"
    },
    {
      "quarter": "2022-06 (Q2)",
      "signal": "OP MARGIN TURNED POSITIVE (QoQ)",
      "detail": "Op margin: -3.7% -> +3.5%",
      "severity": "HIGH"
    },
    {
      "quarter": "2022-03 (Q1)",
      "signal": "OPERATING LEVERAGE",
      "detail": "Rev growth +4.7% vs OpEx growth +2.6% (leverage: 1.8x)",
      "severity": "MEDIUM"
    },
    {
      "quarter": "2022-03 (Q1)",
      "signal": "GROSS MARGIN INFLECTION",
      "detail": "GM: +24.7% -> +20.3% -> +24.9% (reversal +4.6%)",
      "severity": "MEDIUM"
    },
    {
      "quarter": "2021-12 (Q4)",
      "signal": "OPERATING LEVERAGE",
      "detail": "Rev growth +5.1% vs OpEx growth +2.3% (leverage: 2.2x)",
      "severity": "MEDIUM"
    },
    {
      "quarter": "2021-09 (Q3)",
      "signal": "OPERATING LEVERAGE",
      "detail": "Rev growth +2.6% vs OpEx growth +1.0% (leverage: 2.6x)",
      "severity": "MEDIUM"
    },
    {
      "quarter": "2021-06 (Q2)",
      "signal": "FCF TURNED POSITIVE",
      "detail": "FCF margin: -1.5% -> +2.5%",
      "severity": "HIGH"
    },
    {
      "quarter": "2021-06 (Q2)",
      "signal": "OPERATING LEVERAGE",
      "detail": "Rev growth +20.0% vs OpEx growth +3.1% (leverage: 6.4x)",
      "severity": "MEDIUM"
    }
  ],
  "data_quality": {
    "n_quarters": 20,
    "coverage": {
      "revenue": [
        20,
        20
      ],
      "gross_profit": [
        20,
        20
      ],
      "op_income": [
        20,
        20
      ],
      "fcf": [
        20,
        20
      ]
    },
    "gaps": [],
    "warnings": []
  },
  "market_cap": null,
  "source": "SEC EDGAR",
  "last_updated": "2026-02-02T22:22:08.779196",
  "sector": "Energy",
  "industry": "Oil & Gas Equipment & Services"
}