{
  "ticker": "FICO",
  "name": "Fair Isaac Corp",
  "quarters": [
    {
      "date": "2021-03-31T00:00:00",
      "quarter_label": "2021-03 (Q1)",
      "revenue": 331361000,
      "gross_profit": 243028000,
      "operating_income": 101199000,
      "net_income": 68674000,
      "opex": 230162000,
      "cogs": 88333000,
      "rd": 43612000,
      "sga": 97272000,
      "fcf": 152348000,
      "ocf": 153523000,
      "capex": -1175000,
      "gross_margin": 0.7334236678426248,
      "op_margin": 0.3054040759172021,
      "fcf_margin": 0.45976442610928864
    },
    {
      "date": "2021-06-30T00:00:00",
      "quarter_label": "2021-06 (Q2)",
      "revenue": 338184000,
      "gross_profit": 255944000,
      "operating_income": 194384000,
      "net_income": 151198000,
      "opex": 143800000,
      "cogs": 82240000,
      "rd": 45826000,
      "sga": 107729000,
      "fcf": 99020000,
      "ocf": 100592000,
      "capex": -1572000,
      "gross_margin": 0.7568187732122158,
      "op_margin": 0.5747876895417879,
      "fcf_margin": 0.2927991862418092,
      "op_leverage_ratio": Infinity,
      "fcf_margin_change": -0.16696523986747946
    },
    {
      "date": "2021-09-30T00:00:00",
      "quarter_label": "2021-09 (Q3)",
      "revenue": 334577000,
      "gross_profit": 262216000,
      "operating_income": 115185000,
      "net_income": 85720000,
      "opex": 219392000,
      "cogs": 72361000,
      "rd": 41142000,
      "sga": 97369000,
      "fcf": 89978000,
      "ocf": 91755000,
      "capex": -1777000,
      "gross_margin": 0.7837239260319747,
      "op_margin": 0.34427052666501284,
      "fcf_margin": 0.26893061985731237,
      "fcf_margin_change": -0.023868566384496803
    },
    {
      "date": "2021-12-31T00:00:00",
      "quarter_label": "2021-12 (Q4)",
      "revenue": 322361000,
      "gross_profit": 253158000,
      "operating_income": 115586000,
      "net_income": 84959000,
      "opex": 206775000,
      "cogs": 69203000,
      "rd": 38980000,
      "sga": 98048000,
      "fcf": 123986000,
      "ocf": 124881000,
      "capex": -895000,
      "gross_margin": 0.7853245274707549,
      "op_margin": 0.3585607440105968,
      "fcf_margin": 0.38461848672761284,
      "fcf_margin_change": 0.11568786687030047
    },
    {
      "date": "2022-03-31T00:00:00",
      "quarter_label": "2022-03 (Q1)",
      "revenue": 357195000,
      "gross_profit": 285401000,
      "operating_income": 152057000,
      "net_income": 104383000,
      "opex": 205138000,
      "cogs": 71794000,
      "rd": 36387000,
      "sga": 96414000,
      "fcf": 120205000,
      "ocf": 122603000,
      "capex": -2398000,
      "gross_margin": 0.799006145102815,
      "op_margin": 0.42569744817256683,
      "fcf_margin": 0.3365248673693641,
      "incr_op_margin_yoy": 1.9686459704265697,
      "rev_growth_yoy": 0.07796330889875393,
      "op_leverage_ratio": Infinity,
      "fcf_margin_change": -0.04809361935824874
    },
    {
      "date": "2022-06-30T00:00:00",
      "quarter_label": "2022-06 (Q2)",
      "revenue": 348966000,
      "gross_profit": 270275000,
      "operating_income": 140615000,
      "net_income": 93500000,
      "opex": 208351000,
      "cogs": 78691000,
      "rd": 35880000,
      "sga": 93248000,
      "fcf": 115201000,
      "ocf": 117140000,
      "capex": -1939000,
      "gross_margin": 0.7745023870520337,
      "op_margin": 0.40294756509230123,
      "fcf_margin": 0.330120985998636,
      "incr_op_margin_yoy": -4.98692264885921,
      "rev_growth_yoy": 0.031882052373855656,
      "rev_growth_yoy_accel": -0.04608125652489827,
      "fcf_margin_change": -0.006403881370728115
    },
    {
      "date": "2022-09-30T00:00:00",
      "quarter_label": "2022-09 (Q3)",
      "revenue": 348748000,
      "gross_profit": 266262000,
      "operating_income": 134156000,
      "net_income": 90699000,
      "opex": 214592000,
      "cogs": 82486000,
      "rd": 35511000,
      "sga": 96153000,
      "fcf": 144029000,
      "ocf": 144826000,
      "capex": -797000,
      "gross_margin": 0.7634796471951094,
      "op_margin": 0.3846789085528806,
      "fcf_margin": 0.41298874832257104,
      "incr_op_margin_yoy": 1.3387199209653518,
      "rev_growth_yoy": 0.04235497359352257,
      "rev_growth_yoy_accel": 0.010472921219666913,
      "fcf_margin_change": 0.08286776232393506
    },
    {
      "date": "2022-12-31T00:00:00",
      "quarter_label": "2022-12 (Q4)",
      "revenue": 344870000,
      "gross_profit": 268301000,
      "operating_income": 140339000,
      "net_income": 97643000,
      "opex": 204531000,
      "cogs": 76569000,
      "rd": 36633000,
      "sga": 92995000,
      "fcf": 91590000,
      "ocf": 92440000,
      "capex": -850000,
      "gross_margin": 0.7779772088033172,
      "op_margin": 0.4069330472351901,
      "fcf_margin": 0.2655783338649346,
      "incr_op_margin_yoy": 1.099693455950953,
      "rev_growth_yoy": 0.06982544414491827,
      "rev_growth_yoy_accel": 0.027470470551395704,
      "fcf_margin_change": -0.14741041445763642
    },
    {
      "date": "2023-03-31T00:00:00",
      "quarter_label": "2023-03 (Q1)",
      "revenue": 380266000,
      "gross_profit": 300460000,
      "operating_income": 159761000,
      "net_income": 101550000,
      "opex": 220505000,
      "cogs": 79806000,
      "rd": 40266000,
      "sga": 100158000,
      "fcf": 88277000,
      "ocf": 89804000,
      "capex": -1527000,
      "gross_margin": 0.7901311187431955,
      "op_margin": 0.4201295934950798,
      "fcf_margin": 0.23214539296176886,
      "incr_op_margin_yoy": 0.33392570759828355,
      "rev_growth_yoy": 0.06458936995198701,
      "rev_growth_yoy_accel": -0.0052360741929312615,
      "op_leverage_ratio": 1.3141478565207971,
      "fcf_margin_change": -0.03343294090316576
    },
    {
      "date": "2023-06-30T00:00:00",
      "quarter_label": "2023-06 (Q2)",
      "revenue": 398688000,
      "gross_profit": 326842000,
      "operating_income": 177031000,
      "net_income": 128758000,
      "opex": 221657000,
      "cogs": 71846000,
      "rd": 41455000,
      "sga": 108081000,
      "fcf": 121830000,
      "ocf": 122622000,
      "capex": -792000,
      "gross_margin": 0.8197939240709528,
      "op_margin": 0.44403393129464647,
      "fcf_margin": 0.30557729352275464,
      "incr_op_margin_yoy": 0.732392100076425,
      "rev_growth_yoy": 0.14248379498289232,
      "rev_growth_yoy_accel": 0.07789442503090531,
      "op_leverage_ratio": 9.272892906800037,
      "fcf_margin_change": 0.07343190056098578
    },
    {
      "date": "2023-09-30T00:00:00",
      "quarter_label": "2023-09 (Q3)",
      "revenue": 389733000,
      "gross_profit": 306901000,
      "operating_income": 165699000,
      "net_income": 101424000,
      "opex": 224034000,
      "cogs": 82832000,
      "rd": 41596000,
      "sga": 99331000,
      "fcf": 162981000,
      "ocf": 164049000,
      "capex": -1068000,
      "gross_margin": 0.7874647515093667,
      "op_margin": 0.4251603020529439,
      "fcf_margin": 0.4181862967724057,
      "incr_op_margin_yoy": 0.7696230328168843,
      "rev_growth_yoy": 0.11752038721369011,
      "rev_growth_yoy_accel": -0.02496340776920221,
      "fcf_margin_change": 0.11260900324965106
    },
    {
      "date": "2023-12-31T00:00:00",
      "quarter_label": "2023-12 (Q4)",
      "revenue": 382059000,
      "gross_profit": 298598000,
      "operating_income": 151359000,
      "net_income": 121065000,
      "opex": 230700000,
      "cogs": 83461000,
      "rd": 42635000,
      "sga": 104329000,
      "fcf": 120759000,
      "ocf": 122120000,
      "capex": -1361000,
      "gross_margin": 0.7815494465514489,
      "op_margin": 0.3961665606620967,
      "fcf_margin": 0.31607421890336307,
      "incr_op_margin_yoy": 0.2963241818817392,
      "rev_growth_yoy": 0.10783483631513324,
      "rev_growth_yoy_accel": -0.009685550898556869,
      "fcf_margin_change": -0.10211207786904264
    },
    {
      "date": "2024-03-31T00:00:00",
      "quarter_label": "2024-03 (Q1)",
      "revenue": 433809000,
      "gross_profit": 346863000,
      "operating_income": 194841000,
      "net_income": 129799000,
      "opex": 238968000,
      "cogs": 86946000,
      "rd": 40880000,
      "sga": 110867000,
      "fcf": 66993000,
      "ocf": 71035000,
      "capex": -4042000,
      "gross_margin": 0.7995753891689661,
      "op_margin": 0.44914005933486856,
      "fcf_margin": 0.15442971445958936,
      "incr_op_margin_yoy": 0.6551743458528659,
      "rev_growth_yoy": 0.14080406873083579,
      "rev_growth_yoy_accel": 0.03296923241570254,
      "op_leverage_ratio": 3.7794364399778058,
      "fcf_margin_change": -0.1616445044437737
    },
    {
      "date": "2024-06-30T00:00:00",
      "quarter_label": "2024-06 (Q2)",
      "revenue": 447849000,
      "gross_profit": 359624000,
      "operating_income": 190251000,
      "net_income": 126256000,
      "opex": 257598000,
      "cogs": 88225000,
      "rd": 44217000,
      "sga": 124881000,
      "fcf": 211604000,
      "ocf": 213331000,
      "capex": -1727000,
      "gross_margin": 0.8030027978180145,
      "op_margin": 0.4248105946423906,
      "fcf_margin": 0.4724896114538606,
      "incr_op_margin_yoy": 0.2689123492199101,
      "rev_growth_yoy": 0.1233069467854563,
      "rev_growth_yoy_accel": -0.017497121945379487,
      "op_leverage_ratio": 0.41514082484908454,
      "fcf_margin_change": 0.31805989699427123
    },
    {
      "date": "2024-09-30T00:00:00",
      "quarter_label": "2024-09 (Q3)",
      "revenue": 453809000,
      "gross_profit": 364235000,
      "operating_income": 197178000,
      "net_income": 135691000,
      "opex": 256631000,
      "cogs": 89574000,
      "rd": 44208000,
      "sga": 122757000,
      "fcf": 224724000,
      "ocf": 226478000,
      "capex": -1754000,
      "gross_margin": 0.8026174007126347,
      "op_margin": 0.4344955697220637,
      "fcf_margin": 0.4951951151255264,
      "incr_op_margin_yoy": 0.49127598476808787,
      "rev_growth_yoy": 0.16440999350837623,
      "rev_growth_yoy_accel": 0.041103046722919936,
      "op_leverage_ratio": Infinity,
      "fcf_margin_change": 0.022705503671665794
    },
    {
      "date": "2024-12-31T00:00:00",
      "quarter_label": "2024-12 (Q4)",
      "revenue": 439968000,
      "gross_profit": 352623000,
      "operating_income": 179528000,
      "net_income": 152528000,
      "opex": 260440000,
      "cogs": 87345000,
      "rd": 45145000,
      "sga": 127950000,
      "fcf": 193156000,
      "ocf": 193997000,
      "capex": -841000,
      "gross_margin": 0.8014741981234998,
      "op_margin": 0.40804785802603827,
      "fcf_margin": 0.4390228380245836,
      "incr_op_margin_yoy": 0.4864356144986099,
      "rev_growth_yoy": 0.15157083068321908,
      "rev_growth_yoy_accel": -0.012839162825157152,
      "fcf_margin_change": -0.0561722771009428
    },
    {
      "date": "2025-03-31T00:00:00",
      "quarter_label": "2025-03 (Q1)",
      "revenue": 498735000,
      "gross_profit": 411105000,
      "operating_income": 245648000,
      "net_income": 162615000,
      "opex": 253087000,
      "cogs": 87630000,
      "rd": 45037000,
      "sga": 120420000,
      "fcf": 72799000,
      "ocf": 74918000,
      "capex": -2119000,
      "gross_margin": 0.8242954675328581,
      "op_margin": 0.4925421315929301,
      "fcf_margin": 0.14596729726207305,
      "incr_op_margin_yoy": 0.7825370421710871,
      "rev_growth_yoy": 0.14966494471069064,
      "rev_growth_yoy_accel": -0.0019058859725284427,
      "op_leverage_ratio": Infinity,
      "fcf_margin_change": -0.2930555407625105
    },
    {
      "date": "2025-06-30T00:00:00",
      "quarter_label": "2025-06 (Q2)",
      "revenue": 536415000,
      "gross_profit": 448844000,
      "operating_income": 262518000,
      "net_income": 181789000,
      "opex": 273897000,
      "cogs": 87571000,
      "rd": 47212000,
      "sga": 139114000,
      "fcf": 284432000,
      "ocf": 286223000,
      "capex": -1791000,
      "gross_margin": 0.8367476673843945,
      "op_margin": 0.4893934733368754,
      "fcf_margin": 0.530246171341219,
      "incr_op_margin_yoy": 0.8159677528622722,
      "rev_growth_yoy": 0.19775861953470925,
      "rev_growth_yoy_accel": 0.048093674824018606,
      "op_leverage_ratio": 0.9188376973367801,
      "fcf_margin_change": 0.38427887407914596
    },
    {
      "date": "2025-09-30T00:00:00",
      "quarter_label": "2025-09 (Q3)",
      "revenue": 515751000,
      "gross_profit": 424575000,
      "operating_income": 237156000,
      "net_income": 155014000,
      "opex": 278595000,
      "cogs": 91176000,
      "rd": 50953000,
      "sga": 125544000,
      "fcf": 219498000,
      "ocf": 223669000,
      "capex": -4171000,
      "gross_margin": 0.8232170175142656,
      "op_margin": 0.4598265442044708,
      "fcf_margin": 0.42558909241087267,
      "incr_op_margin_yoy": 0.6454102224661781,
      "rev_growth_yoy": 0.1364935468445976,
      "rev_growth_yoy_accel": -0.06126507269011164,
      "fcf_margin_change": -0.10465707893034631
    },
    {
      "date": "2025-12-31T00:00:00",
      "quarter_label": "2025-12 (Q4)",
      "revenue": 511959000,
      "gross_profit": 424698000,
      "operating_income": 234049000,
      "net_income": 158373000,
      "opex": 277910000,
      "cogs": 87261000,
      "rd": 49912000,
      "sga": 140737000,
      "fcf": 173856000,
      "ocf": 174082000,
      "capex": -226000,
      "gross_margin": 0.8295547104357966,
      "op_margin": 0.45716356192585733,
      "fcf_margin": 0.3395896937059413,
      "incr_op_margin_yoy": 0.7573307774582934,
      "rev_growth_yoy": 0.16362780929522147,
      "rev_growth_yoy_accel": 0.027134262450623864,
      "fcf_margin_change": -0.0859993987049314
    }
  ],
  "signals": [
    {
      "quarter": "2025-12 (Q4)",
      "signal": "INCREMENTAL MARGIN (YoY)",
      "detail": "YoY Incr OPM: +75.7% vs year-ago OPM: +40.8%",
      "severity": "HIGH"
    },
    {
      "quarter": "2025-09 (Q3)",
      "signal": "YoY REVENUE GROWTH DECELERATION",
      "detail": "YoY growth: +13.6% vs prior quarter YoY: +19.8% (decel: -6.1%)",
      "severity": "WARNING"
    },
    {
      "quarter": "2025-09 (Q3)",
      "signal": "INCREMENTAL MARGIN (YoY)",
      "detail": "YoY Incr OPM: +64.5% vs year-ago OPM: +43.4%",
      "severity": "HIGH"
    },
    {
      "quarter": "2025-06 (Q2)",
      "signal": "FCF MARGIN EXPANSION",
      "detail": "FCF margin: +14.6% -> +53.0% (+38.4%)",
      "severity": "MEDIUM"
    },
    {
      "quarter": "2025-06 (Q2)",
      "signal": "INCREMENTAL MARGIN (YoY)",
      "detail": "YoY Incr OPM: +81.6% vs year-ago OPM: +42.5%",
      "severity": "HIGH"
    },
    {
      "quarter": "2025-03 (Q1)",
      "signal": "GROSS MARGIN INFLECTION",
      "detail": "GM: +80.3% -> +80.1% -> +82.4% (reversal +2.3%)",
      "severity": "MEDIUM"
    },
    {
      "quarter": "2025-03 (Q1)",
      "signal": "INCREMENTAL MARGIN (YoY)",
      "detail": "YoY Incr OPM: +78.3% vs year-ago OPM: +44.9%",
      "severity": "HIGH"
    },
    {
      "quarter": "2024-06 (Q2)",
      "signal": "FCF MARGIN EXPANSION",
      "detail": "FCF margin: +15.4% -> +47.2% (+31.8%)",
      "severity": "MEDIUM"
    },
    {
      "quarter": "2024-03 (Q1)",
      "signal": "OPERATING LEVERAGE",
      "detail": "Rev growth +13.5% vs OpEx growth +3.6% (leverage: 3.8x)",
      "severity": "MEDIUM"
    },
    {
      "quarter": "2024-03 (Q1)",
      "signal": "INCREMENTAL MARGIN (YoY)",
      "detail": "YoY Incr OPM: +65.5% vs year-ago OPM: +42.0%",
      "severity": "HIGH"
    },
    {
      "quarter": "2023-09 (Q3)",
      "signal": "FCF MARGIN EXPANSION",
      "detail": "FCF margin: +30.6% -> +41.8% (+11.3%)",
      "severity": "MEDIUM"
    },
    {
      "quarter": "2023-09 (Q3)",
      "signal": "INCREMENTAL MARGIN (YoY)",
      "detail": "YoY Incr OPM: +77.0% vs year-ago OPM: +38.5%",
      "severity": "HIGH"
    },
    {
      "quarter": "2023-06 (Q2)",
      "signal": "FCF MARGIN EXPANSION",
      "detail": "FCF margin: +23.2% -> +30.6% (+7.3%)",
      "severity": "MEDIUM"
    },
    {
      "quarter": "2023-06 (Q2)",
      "signal": "OPERATING LEVERAGE",
      "detail": "Rev growth +4.8% vs OpEx growth +0.5% (leverage: 9.3x)",
      "severity": "MEDIUM"
    },
    {
      "quarter": "2023-06 (Q2)",
      "signal": "YoY REVENUE GROWTH ACCELERATION",
      "detail": "YoY growth: +14.2% vs prior quarter YoY: +6.5% (accel: +7.8%)",
      "severity": "MEDIUM"
    },
    {
      "quarter": "2023-06 (Q2)",
      "signal": "INCREMENTAL MARGIN (YoY)",
      "detail": "YoY Incr OPM: +73.2% vs year-ago OPM: +40.3%",
      "severity": "HIGH"
    },
    {
      "quarter": "2022-12 (Q4)",
      "signal": "INCREMENTAL MARGIN (YoY)",
      "detail": "YoY Incr OPM: +110.0% vs year-ago OPM: +35.9%",
      "severity": "HIGH"
    },
    {
      "quarter": "2022-09 (Q3)",
      "signal": "FCF MARGIN EXPANSION",
      "detail": "FCF margin: +33.0% -> +41.3% (+8.3%)",
      "severity": "MEDIUM"
    },
    {
      "quarter": "2022-09 (Q3)",
      "signal": "INCREMENTAL MARGIN (YoY)",
      "detail": "YoY Incr OPM: +133.9% vs year-ago OPM: +34.4%",
      "severity": "HIGH"
    },
    {
      "quarter": "2022-03 (Q1)",
      "signal": "INCREMENTAL MARGIN (YoY)",
      "detail": "YoY Incr OPM: +196.9% vs year-ago OPM: +30.5%",
      "severity": "HIGH"
    },
    {
      "quarter": "2021-12 (Q4)",
      "signal": "FCF MARGIN EXPANSION",
      "detail": "FCF margin: +26.9% -> +38.5% (+11.6%)",
      "severity": "MEDIUM"
    }
  ],
  "data_quality": {
    "n_quarters": 20,
    "coverage": {
      "revenue": [
        20,
        20
      ],
      "gross_profit": [
        20,
        20
      ],
      "op_income": [
        20,
        20
      ],
      "fcf": [
        20,
        20
      ]
    },
    "gaps": [],
    "warnings": []
  },
  "market_cap": null,
  "source": "SEC EDGAR",
  "last_updated": "2026-02-02T20:05:06.065319"
}