{
  "ticker": "FIVE",
  "name": "FIVE BELOW, INC.",
  "quarters": [
    {
      "date": "2021-01-30T00:00:00",
      "quarter_label": "2021-01 (Q1)",
      "revenue": 858514000,
      "gross_profit": 340930000,
      "operating_income": 169608000,
      "net_income": 123937000,
      "opex": 171322000,
      "cogs": 517584000,
      "rd": null,
      "sga": 171322000,
      "fcf": 193741000,
      "ocf": 244660000,
      "capex": -50919000,
      "gross_margin": 0.3971164127783589,
      "op_margin": 0.19755996990148092,
      "fcf_margin": 0.22567016961866668
    },
    {
      "date": "2021-05-01T00:00:00",
      "quarter_label": "2021-05 (Q2)",
      "revenue": 597823000,
      "gross_profit": 200869000,
      "operating_income": 63687000,
      "net_income": 49596000,
      "opex": 137182000,
      "cogs": 396954000,
      "rd": null,
      "sga": 137182000,
      "fcf": -9702000,
      "ocf": 66742000,
      "capex": -76444000,
      "gross_margin": 0.3360007895313496,
      "op_margin": 0.10653153190827386,
      "fcf_margin": -0.016228883800054533,
      "fcf_margin_change": -0.2418990534187212
    },
    {
      "date": "2021-07-31T00:00:00",
      "quarter_label": "2021-07 (Q3)",
      "revenue": 646554000,
      "gross_profit": 230319000,
      "operating_income": 86168000,
      "net_income": 64841000,
      "opex": 144151000,
      "cogs": 416235000,
      "rd": null,
      "sga": 144151000,
      "fcf": 23895000,
      "ocf": 82065000,
      "capex": -58170000,
      "gross_margin": 0.35622546608635935,
      "op_margin": 0.1332727042134145,
      "fcf_margin": 0.036957469909705915,
      "op_leverage_ratio": 1.6045725919400349,
      "fcf_margin_change": 0.05318635370976045
    },
    {
      "date": "2021-10-30T00:00:00",
      "quarter_label": "2021-10 (Q4)",
      "revenue": 607645000,
      "gross_profit": 202362000,
      "operating_income": 42449000,
      "net_income": 24177000,
      "opex": 159913000,
      "cogs": 405283000,
      "rd": null,
      "sga": 159913000,
      "fcf": -102743000,
      "ocf": -24142000,
      "capex": -78601000,
      "gross_margin": 0.33302668498876814,
      "op_margin": 0.06985822314015584,
      "fcf_margin": -0.16908392235598088,
      "fcf_margin_change": -0.2060413922656868
    },
    {
      "date": "2022-01-29T00:00:00",
      "quarter_label": "2022-01 (Q1)",
      "revenue": 996332000,
      "gross_profit": 396894000,
      "operating_income": 187576000,
      "net_income": 140196000,
      "opex": 209318000,
      "cogs": 599438000,
      "rd": null,
      "sga": 209318000,
      "fcf": 128295000,
      "ocf": 203247000,
      "capex": -74952000,
      "gross_margin": 0.398355166751645,
      "op_margin": 0.18826656174849346,
      "fcf_margin": 0.1287673185243473,
      "incr_op_margin_yoy": 0.1303748421831691,
      "rev_growth_yoy": 0.160530870783703,
      "op_leverage_ratio": 2.070441451888504,
      "fcf_margin_change": 0.2978512408803282
    },
    {
      "date": "2022-04-30T00:00:00",
      "quarter_label": "2022-04 (Q2)",
      "revenue": 639596000,
      "gross_profit": 206777000,
      "operating_income": 42329000,
      "net_income": 32718000,
      "opex": 164448000,
      "cogs": 432819000,
      "rd": null,
      "sga": 164448000,
      "fcf": -15974000,
      "ocf": 42117000,
      "capex": -58091000,
      "gross_margin": 0.32329314129544273,
      "op_margin": 0.06618083915471641,
      "fcf_margin": -0.024975140557476908,
      "incr_op_margin_yoy": -0.5112871950781606,
      "rev_growth_yoy": 0.06987519717374541,
      "rev_growth_yoy_accel": -0.0906556736099576,
      "fcf_margin_change": -0.1537424590818242
    },
    {
      "date": "2022-07-30T00:00:00",
      "quarter_label": "2022-07 (Q3)",
      "revenue": 668927000,
      "gross_profit": 228509000,
      "operating_income": 56011000,
      "net_income": 41344000,
      "opex": 172498000,
      "cogs": 440418000,
      "rd": null,
      "sga": 172498000,
      "fcf": -47579000,
      "ocf": 4040000,
      "capex": -51619000,
      "gross_margin": 0.3416052872734992,
      "op_margin": 0.08373260460408984,
      "fcf_margin": -0.07112734274442503,
      "incr_op_margin_yoy": -1.3479193670942655,
      "rev_growth_yoy": 0.034603451529183954,
      "rev_growth_yoy_accel": -0.03527174564456145,
      "op_leverage_ratio": 0.9368150228682788,
      "fcf_margin_change": -0.04615220218694813
    },
    {
      "date": "2022-10-29T00:00:00",
      "quarter_label": "2022-10 (Q4)",
      "revenue": 645034000,
      "gross_profit": 207808000,
      "operating_income": 20934000,
      "net_income": 16146000,
      "opex": 186874000,
      "cogs": 437226000,
      "rd": null,
      "sga": 186874000,
      "fcf": -155018000,
      "ocf": -91139000,
      "capex": -63879000,
      "gross_margin": 0.3221659633445679,
      "op_margin": 0.03245410319456029,
      "fcf_margin": -0.2403253161848833,
      "incr_op_margin_yoy": -0.5754366257455401,
      "rev_growth_yoy": 0.06153099260258868,
      "rev_growth_yoy_accel": 0.026927541073404726,
      "fcf_margin_change": -0.16919797344045825
    },
    {
      "date": "2023-01-28T00:00:00",
      "quarter_label": "2023-01 (Q1)",
      "revenue": 1122751000,
      "gross_profit": 452397000,
      "operating_income": 225769000,
      "net_income": 171320000,
      "opex": 226628000,
      "cogs": 670354000,
      "rd": null,
      "sga": 226628000,
      "fcf": 281543000,
      "ocf": 359908000,
      "capex": -78365000,
      "gross_margin": 0.40293618086289834,
      "op_margin": 0.20108554790866362,
      "fcf_margin": 0.2507617450351859,
      "incr_op_margin_yoy": 0.30211439736115614,
      "rev_growth_yoy": 0.12688441202330147,
      "rev_growth_yoy_accel": 0.0653534194207128,
      "op_leverage_ratio": 3.481417736461266,
      "fcf_margin_change": 0.4910870612200692
    },
    {
      "date": "2023-04-29T00:00:00",
      "quarter_label": "2023-04 (Q2)",
      "revenue": 726247000,
      "gross_profit": 234804000,
      "operating_income": 42412000,
      "net_income": 37478000,
      "opex": 192392000,
      "cogs": 491443000,
      "rd": null,
      "sga": 192392000,
      "fcf": 40200000,
      "ocf": 85291000,
      "capex": -45091000,
      "gross_margin": 0.323311490443334,
      "op_margin": 0.05839886429823462,
      "fcf_margin": 0.055353068584104305,
      "incr_op_margin_yoy": 0.0009578654602947456,
      "rev_growth_yoy": 0.13547770780305068,
      "rev_growth_yoy_accel": 0.00859329577974921,
      "fcf_margin_change": -0.1954086764510816
    },
    {
      "date": "2023-07-29T00:00:00",
      "quarter_label": "2023-07 (Q3)",
      "revenue": 758981000,
      "gross_profit": 264579000,
      "operating_income": 58594000,
      "net_income": 46835000,
      "opex": 205985000,
      "cogs": 494402000,
      "rd": null,
      "sga": 205985000,
      "fcf": 12645000,
      "ocf": 83977000,
      "capex": -71332000,
      "gross_margin": 0.3485976592299412,
      "op_margin": 0.07720087854636677,
      "fcf_margin": 0.016660496112550906,
      "incr_op_margin_yoy": 0.02868279032580452,
      "rev_growth_yoy": 0.13462455544476454,
      "rev_growth_yoy_accel": -0.0008531523582861467,
      "op_leverage_ratio": 0.6379496729370767,
      "fcf_margin_change": -0.0386925724715534
    },
    {
      "date": "2023-10-28T00:00:00",
      "quarter_label": "2023-10 (Q4)",
      "revenue": 736405000,
      "gross_profit": 222828000,
      "operating_income": 16123000,
      "net_income": 14594000,
      "opex": 206705000,
      "cogs": 513577000,
      "rd": null,
      "sga": 206705000,
      "fcf": -192878000,
      "ocf": -77380000,
      "capex": -115498000,
      "gross_margin": 0.3025889286466007,
      "op_margin": 0.021894202239256932,
      "fcf_margin": -0.26191837372098237,
      "incr_op_margin_yoy": -0.05265346773046153,
      "rev_growth_yoy": 0.14165299813653234,
      "rev_growth_yoy_accel": 0.0070284426917678056,
      "fcf_margin_change": -0.27857886983353325
    },
    {
      "date": "2024-02-03T00:00:00",
      "quarter_label": "2024-02 (Q1)",
      "revenue": 1337736000,
      "gross_profit": 551614000,
      "operating_income": 268442000,
      "net_income": 202199000,
      "opex": 283172000,
      "cogs": 786122000,
      "rd": null,
      "sga": 152425000,
      "fcf": 304602000,
      "ocf": 407731000,
      "capex": -103129000,
      "gross_margin": 0.41234892385343597,
      "op_margin": 0.20066889132085852,
      "fcf_margin": 0.22769963580257988,
      "incr_op_margin_yoy": 0.19849291811056585,
      "rev_growth_yoy": 0.19148056871024832,
      "rev_growth_yoy_accel": 0.04982757057371598,
      "op_leverage_ratio": 2.2073631831411515,
      "fcf_margin_change": 0.48961800952356227
    },
    {
      "date": "2024-05-04T00:00:00",
      "quarter_label": "2024-05 (Q2)",
      "revenue": 811863000,
      "gross_profit": 263520000,
      "operating_income": 36150000,
      "net_income": 31467000,
      "opex": 227370000,
      "cogs": 548343000,
      "rd": null,
      "sga": 190186000,
      "fcf": -61427000,
      "ocf": 26439000,
      "capex": -87866000,
      "gross_margin": 0.3245867837307526,
      "op_margin": 0.04452721703045957,
      "fcf_margin": -0.07566178037427497,
      "incr_op_margin_yoy": -0.07314053447953653,
      "rev_growth_yoy": 0.11788826666409638,
      "rev_growth_yoy_accel": -0.07359230204615194,
      "fcf_margin_change": -0.30336141617685486
    },
    {
      "date": "2024-08-03T00:00:00",
      "quarter_label": "2024-08 (Q3)",
      "revenue": 830069000,
      "gross_profit": 271786000,
      "operating_income": 41509000,
      "net_income": 33000000,
      "opex": 230277000,
      "cogs": 558283000,
      "rd": null,
      "sga": 188809000,
      "fcf": -32351000,
      "ocf": 71255000,
      "capex": -103606000,
      "gross_margin": 0.32742579231365104,
      "op_margin": 0.05000668619114797,
      "fcf_margin": -0.03897386843744315,
      "incr_op_margin_yoy": -0.24033592167454423,
      "rev_growth_yoy": 0.0936624236970359,
      "rev_growth_yoy_accel": -0.024225842967060485,
      "op_leverage_ratio": 1.7539609464552923,
      "fcf_margin_change": 0.03668791193683182
    },
    {
      "date": "2024-11-02T00:00:00",
      "quarter_label": "2024-11 (Q4)",
      "revenue": 843710000,
      "gross_profit": 258042000,
      "operating_income": -606000,
      "net_income": 1687000,
      "opex": 258648000,
      "cogs": 585668000,
      "rd": null,
      "sga": 215367000,
      "fcf": -110964000,
      "ocf": -30581000,
      "capex": -80383000,
      "gross_margin": 0.30584205473444664,
      "op_margin": -0.0007182562728899741,
      "fcf_margin": -0.13151912386957604,
      "incr_op_margin_yoy": -0.15590140254414986,
      "rev_growth_yoy": 0.14571465430028313,
      "rev_growth_yoy_accel": 0.052052230603247235,
      "op_leverage_ratio": 0.13338528873205258,
      "fcf_margin_change": -0.09254525543213288
    },
    {
      "date": "2025-02-01T00:00:00",
      "quarter_label": "2025-02 (Q1)",
      "revenue": 1390885000,
      "gross_profit": 559314000,
      "operating_income": 246764000,
      "net_income": 187457000,
      "opex": 312550000,
      "cogs": 831571000,
      "rd": null,
      "sga": 267036000,
      "fcf": 311396000,
      "ocf": 363535000,
      "capex": -52139000,
      "gross_margin": 0.4021281414351294,
      "op_margin": 0.1774150990196889,
      "fcf_margin": 0.22388335484242047,
      "incr_op_margin_yoy": -0.40787220832000604,
      "rev_growth_yoy": 0.03973055969189736,
      "rev_growth_yoy_accel": -0.10598409460838577,
      "op_leverage_ratio": 3.111983566016835,
      "fcf_margin_change": 0.3554024787119965
    },
    {
      "date": "2025-05-03T00:00:00",
      "quarter_label": "2025-05 (Q2)",
      "revenue": 970527000,
      "gross_profit": 323913000,
      "operating_income": 50847000,
      "net_income": 41148000,
      "opex": 273066000,
      "cogs": 646614000,
      "rd": null,
      "sga": 226502000,
      "fcf": 96453000,
      "ocf": 132662000,
      "capex": -36209000,
      "gross_margin": 0.33374960202034565,
      "op_margin": 0.052391123585433484,
      "fcf_margin": 0.09938208828811564,
      "incr_op_margin_yoy": 0.09262970806232038,
      "rev_growth_yoy": 0.19543198790929012,
      "rev_growth_yoy_accel": 0.15570142821739275,
      "fcf_margin_change": -0.12450126655430484
    },
    {
      "date": "2025-08-02T00:00:00",
      "quarter_label": "2025-08 (Q3)",
      "revenue": 1026847000,
      "gross_profit": 342369000,
      "operating_income": 52365000,
      "net_income": 42762000,
      "opex": 290004000,
      "cogs": 684478000,
      "rd": null,
      "sga": 242314000,
      "fcf": 48277000,
      "ocf": 92996000,
      "capex": -44719000,
      "gross_margin": 0.33341773409281034,
      "op_margin": 0.050995912730913175,
      "fcf_margin": 0.04701479383004479,
      "incr_op_margin_yoy": 0.055168768866438324,
      "rev_growth_yoy": 0.2370622201286881,
      "rev_growth_yoy_accel": 0.04163023221939799,
      "op_leverage_ratio": 0.9355360435384492,
      "fcf_margin_change": -0.05236729445807085
    },
    {
      "date": "2025-11-01T00:00:00",
      "quarter_label": "2025-11 (Q4)",
      "revenue": 1038293000,
      "gross_profit": 351420000,
      "operating_income": 43305000,
      "net_income": 36505000,
      "opex": 308115000,
      "cogs": 686873000,
      "rd": null,
      "sga": 259238000,
      "fcf": -133157000,
      "ocf": -80125000,
      "capex": -53032000,
      "gross_margin": 0.33845937514747765,
      "op_margin": 0.04170788014558511,
      "fcf_margin": -0.1282460731219415,
      "incr_op_margin_yoy": 0.2256671960037619,
      "rev_growth_yoy": 0.2306278223560228,
      "rev_growth_yoy_accel": -0.006434397772665301,
      "op_leverage_ratio": 0.17848822082205704,
      "fcf_margin_change": -0.17526086695198628
    }
  ],
  "signals": [
    {
      "quarter": "2025-11 (Q4)",
      "signal": "OP MARGIN TURNED POSITIVE (YoY)",
      "detail": "Op margin: -0.1% (year-ago) -> +4.2%",
      "severity": "HIGH"
    },
    {
      "quarter": "2025-05 (Q2)",
      "signal": "YoY REVENUE GROWTH ACCELERATION",
      "detail": "YoY growth: +19.5% vs prior quarter YoY: +4.0% (accel: +15.6%)",
      "severity": "HIGH"
    },
    {
      "quarter": "2025-02 (Q1)",
      "signal": "FCF TURNED POSITIVE",
      "detail": "FCF margin: -13.2% -> +22.4%",
      "severity": "HIGH"
    },
    {
      "quarter": "2025-02 (Q1)",
      "signal": "OPERATING LEVERAGE",
      "detail": "Rev growth +64.9% vs OpEx growth +20.8% (leverage: 3.1x)",
      "severity": "MEDIUM"
    },
    {
      "quarter": "2025-02 (Q1)",
      "signal": "GROSS MARGIN INFLECTION",
      "detail": "GM: +32.7% -> +30.6% -> +40.2% (reversal +9.6%)",
      "severity": "HIGH"
    },
    {
      "quarter": "2025-02 (Q1)",
      "signal": "YoY REVENUE GROWTH DECELERATION",
      "detail": "YoY growth: +4.0% vs prior quarter YoY: +14.6% (decel: -10.6%)",
      "severity": "WARNING"
    },
    {
      "quarter": "2025-02 (Q1)",
      "signal": "OP MARGIN TURNED POSITIVE (QoQ)",
      "detail": "Op margin: -0.1% -> +17.7%",
      "severity": "HIGH"
    },
    {
      "quarter": "2024-11 (Q4)",
      "signal": "YoY REVENUE GROWTH ACCELERATION",
      "detail": "YoY growth: +14.6% vs prior quarter YoY: +9.4% (accel: +5.2%)",
      "severity": "MEDIUM"
    },
    {
      "quarter": "2024-08 (Q3)",
      "signal": "OPERATING LEVERAGE",
      "detail": "Rev growth +2.2% vs OpEx growth +1.3% (leverage: 1.8x)",
      "severity": "MEDIUM"
    },
    {
      "quarter": "2024-05 (Q2)",
      "signal": "YoY REVENUE GROWTH DECELERATION",
      "detail": "YoY growth: +11.8% vs prior quarter YoY: +19.1% (decel: -7.4%)",
      "severity": "WARNING"
    },
    {
      "quarter": "2024-02 (Q1)",
      "signal": "FCF TURNED POSITIVE",
      "detail": "FCF margin: -26.2% -> +22.8%",
      "severity": "HIGH"
    },
    {
      "quarter": "2024-02 (Q1)",
      "signal": "OPERATING LEVERAGE",
      "detail": "Rev growth +81.7% vs OpEx growth +37.0% (leverage: 2.2x)",
      "severity": "MEDIUM"
    },
    {
      "quarter": "2024-02 (Q1)",
      "signal": "GROSS MARGIN INFLECTION",
      "detail": "GM: +34.9% -> +30.3% -> +41.2% (reversal +11.0%)",
      "severity": "HIGH"
    },
    {
      "quarter": "2023-07 (Q3)",
      "signal": "GROSS MARGIN INFLECTION",
      "detail": "GM: +40.3% -> +32.3% -> +34.9% (reversal +2.5%)",
      "severity": "MEDIUM"
    },
    {
      "quarter": "2023-01 (Q1)",
      "signal": "FCF TURNED POSITIVE",
      "detail": "FCF margin: -24.0% -> +25.1%",
      "severity": "HIGH"
    },
    {
      "quarter": "2023-01 (Q1)",
      "signal": "OPERATING LEVERAGE",
      "detail": "Rev growth +74.1% vs OpEx growth +21.3% (leverage: 3.5x)",
      "severity": "MEDIUM"
    },
    {
      "quarter": "2023-01 (Q1)",
      "signal": "GROSS MARGIN INFLECTION",
      "detail": "GM: +34.2% -> +32.2% -> +40.3% (reversal +8.1%)",
      "severity": "HIGH"
    },
    {
      "quarter": "2023-01 (Q1)",
      "signal": "YoY REVENUE GROWTH ACCELERATION",
      "detail": "YoY growth: +12.7% vs prior quarter YoY: +6.2% (accel: +6.5%)",
      "severity": "MEDIUM"
    },
    {
      "quarter": "2023-01 (Q1)",
      "signal": "INCREMENTAL MARGIN (YoY)",
      "detail": "YoY Incr OPM: +30.2% vs year-ago OPM: +18.8%",
      "severity": "MEDIUM"
    },
    {
      "quarter": "2022-04 (Q2)",
      "signal": "YoY REVENUE GROWTH DECELERATION",
      "detail": "YoY growth: +7.0% vs prior quarter YoY: +16.1% (decel: -9.1%)",
      "severity": "WARNING"
    },
    {
      "quarter": "2022-01 (Q1)",
      "signal": "FCF TURNED POSITIVE",
      "detail": "FCF margin: -16.9% -> +12.9%",
      "severity": "HIGH"
    },
    {
      "quarter": "2022-01 (Q1)",
      "signal": "OPERATING LEVERAGE",
      "detail": "Rev growth +64.0% vs OpEx growth +30.9% (leverage: 2.1x)",
      "severity": "MEDIUM"
    },
    {
      "quarter": "2022-01 (Q1)",
      "signal": "GROSS MARGIN INFLECTION",
      "detail": "GM: +35.6% -> +33.3% -> +39.8% (reversal +6.5%)",
      "severity": "HIGH"
    },
    {
      "quarter": "2021-07 (Q3)",
      "signal": "FCF TURNED POSITIVE",
      "detail": "FCF margin: -1.6% -> +3.7%",
      "severity": "HIGH"
    },
    {
      "quarter": "2021-07 (Q3)",
      "signal": "OPERATING LEVERAGE",
      "detail": "Rev growth +8.2% vs OpEx growth +5.1% (leverage: 1.6x)",
      "severity": "MEDIUM"
    },
    {
      "quarter": "2021-07 (Q3)",
      "signal": "GROSS MARGIN INFLECTION",
      "detail": "GM: +39.7% -> +33.6% -> +35.6% (reversal +2.0%)",
      "severity": "MEDIUM"
    }
  ],
  "data_quality": {
    "n_quarters": 20,
    "coverage": {
      "revenue": [
        20,
        20
      ],
      "gross_profit": [
        20,
        20
      ],
      "op_income": [
        20,
        20
      ],
      "fcf": [
        20,
        20
      ]
    },
    "gaps": [],
    "warnings": []
  },
  "market_cap": null,
  "source": "SEC EDGAR",
  "last_updated": "2026-02-02T20:37:07.281574",
  "sector": "Consumer Cyclical",
  "industry": "Specialty Retail"
}