{
  "ticker": "FIVN",
  "name": "FIVE9, INC.",
  "quarters": [
    {
      "date": "2020-12-31T00:00:00",
      "quarter_label": "2020-12 (Q4)",
      "revenue": 127885000,
      "gross_profit": 76652000,
      "operating_income": 2665000,
      "net_income": -7210000,
      "opex": 73987000,
      "cogs": 51233000,
      "rd": 18676000,
      "sga": null,
      "fcf": 9302000,
      "ocf": 19312000,
      "capex": -10010000,
      "gross_margin": 0.5993822574969699,
      "op_margin": 0.020839035070571218,
      "fcf_margin": 0.07273722485045157
    },
    {
      "date": "2021-03-31T00:00:00",
      "quarter_label": "2021-03 (Q1)",
      "revenue": 137882000,
      "gross_profit": 78079000,
      "operating_income": -11086000,
      "net_income": -12332000,
      "opex": 89165000,
      "cogs": 59803000,
      "rd": 22121000,
      "sga": null,
      "fcf": 5536000,
      "ocf": 13765000,
      "capex": -8229000,
      "gross_margin": 0.5662740604284823,
      "op_margin": -0.08040208294048534,
      "fcf_margin": 0.04015027342220159,
      "op_leverage_ratio": 0.38105788605855234,
      "fcf_margin_change": -0.03258695142824998
    },
    {
      "date": "2021-06-30T00:00:00",
      "quarter_label": "2021-06 (Q2)",
      "revenue": 143782000,
      "gross_profit": 79387000,
      "operating_income": -14194000,
      "net_income": -16530000,
      "opex": 93581000,
      "cogs": 64395000,
      "rd": 24648000,
      "sga": null,
      "fcf": 144000,
      "ocf": 11392000,
      "capex": -11248000,
      "gross_margin": 0.552134481367626,
      "op_margin": -0.09871889388101432,
      "fcf_margin": 0.001001516184223338,
      "op_leverage_ratio": 0.8639921299540102,
      "fcf_margin_change": -0.039148757237978254
    },
    {
      "date": "2021-09-30T00:00:00",
      "quarter_label": "2021-09 (Q3)",
      "revenue": 154328000,
      "gross_profit": 87191000,
      "operating_income": -18991000,
      "net_income": -20537000,
      "opex": 106182000,
      "cogs": 67137000,
      "rd": 29680000,
      "sga": null,
      "fcf": -13809000,
      "ocf": -4808000,
      "capex": -9001000,
      "gross_margin": 0.5649720076719714,
      "op_margin": -0.12305608833134622,
      "fcf_margin": -0.08947825410813333,
      "op_leverage_ratio": 0.5447107130681819,
      "fcf_margin_change": -0.09047977029235667
    },
    {
      "date": "2021-12-31T00:00:00",
      "quarter_label": "2021-12 (Q4)",
      "revenue": 173599000,
      "gross_profit": 93835000,
      "operating_income": -11979000,
      "net_income": -3601000,
      "opex": 105814000,
      "cogs": 79764000,
      "rd": 30448000,
      "sga": null,
      "fcf": -5089000,
      "ocf": 8649000,
      "capex": -13738000,
      "gross_margin": 0.5405273071849492,
      "op_margin": -0.06900385370883473,
      "fcf_margin": -0.029314684992425073,
      "incr_op_margin_yoy": -0.3203395021218883,
      "rev_growth_yoy": 0.35746178206982837,
      "op_leverage_ratio": Infinity,
      "fcf_margin_change": 0.060163569115708256
    },
    {
      "date": "2022-03-31T00:00:00",
      "quarter_label": "2022-03 (Q1)",
      "revenue": 182777000,
      "gross_profit": 93910000,
      "operating_income": -30839000,
      "net_income": -34120000,
      "opex": 124749000,
      "cogs": 88867000,
      "rd": 35824000,
      "sga": null,
      "fcf": 16326000,
      "ocf": 28724000,
      "capex": -12398000,
      "gross_margin": 0.5137954994337361,
      "op_margin": -0.16872473013562975,
      "fcf_margin": 0.089321960640562,
      "incr_op_margin_yoy": -0.43998218064372424,
      "rev_growth_yoy": 0.3256045024006034,
      "rev_growth_yoy_accel": -0.03185727966922497,
      "op_leverage_ratio": 0.29544636887684966,
      "fcf_margin_change": 0.11863664563298706
    },
    {
      "date": "2022-06-30T00:00:00",
      "quarter_label": "2022-06 (Q2)",
      "revenue": 189382000,
      "gross_profit": 101153000,
      "operating_income": -21761000,
      "net_income": -23670000,
      "opex": 122914000,
      "cogs": 88229000,
      "rd": 34992000,
      "sga": null,
      "fcf": -25201000,
      "ocf": -3125000,
      "capex": -22076000,
      "gross_margin": 0.5341215110200547,
      "op_margin": -0.11490532363160173,
      "fcf_margin": -0.1330696687119156,
      "incr_op_margin_yoy": -0.16594298245614036,
      "rev_growth_yoy": 0.31714679167072374,
      "rev_growth_yoy_accel": -0.008457710729879664,
      "op_leverage_ratio": Infinity,
      "fcf_margin_change": -0.2223916293524776
    },
    {
      "date": "2022-09-30T00:00:00",
      "quarter_label": "2022-09 (Q3)",
      "revenue": 198342000,
      "gross_profit": 104231000,
      "operating_income": -21731000,
      "net_income": -23207000,
      "opex": 125962000,
      "cogs": 94111000,
      "rd": 34113000,
      "sga": null,
      "fcf": 18972000,
      "ocf": 30526000,
      "capex": -11554000,
      "gross_margin": 0.5255114902542074,
      "op_margin": -0.10956327958778272,
      "fcf_margin": 0.09565296306379889,
      "incr_op_margin_yoy": -0.062252919525605487,
      "rev_growth_yoy": 0.28519776061375773,
      "rev_growth_yoy_accel": -0.031949031056966004,
      "op_leverage_ratio": 1.9079004063250795,
      "fcf_margin_change": 0.2287226317757145
    },
    {
      "date": "2022-12-31T00:00:00",
      "quarter_label": "2022-12 (Q4)",
      "revenue": 208345000,
      "gross_profit": 112051000,
      "operating_income": -13251000,
      "net_income": -13653000,
      "opex": 125302000,
      "cogs": 96294000,
      "rd": 36865000,
      "sga": null,
      "fcf": 26496000,
      "ocf": 32740000,
      "capex": -6244000,
      "gross_margin": 0.5378146823777868,
      "op_margin": -0.06360123833065348,
      "fcf_margin": 0.12717367827401665,
      "incr_op_margin_yoy": -0.03660853047832844,
      "rev_growth_yoy": 0.2001509225283556,
      "rev_growth_yoy_accel": -0.08504683808540214,
      "op_leverage_ratio": Infinity,
      "fcf_margin_change": 0.031520715210217765
    },
    {
      "date": "2023-03-31T00:00:00",
      "quarter_label": "2023-03 (Q1)",
      "revenue": 218439000,
      "gross_profit": 113683000,
      "operating_income": -28997000,
      "net_income": -27248000,
      "opex": 142680000,
      "cogs": 104756000,
      "rd": 38108000,
      "sga": null,
      "fcf": 23484000,
      "ocf": 33412000,
      "capex": -9928000,
      "gross_margin": 0.5204336222011637,
      "op_margin": -0.1327464417983968,
      "fcf_margin": 0.10750827462129016,
      "incr_op_margin_yoy": 0.05165161796870619,
      "rev_growth_yoy": 0.19511207646476308,
      "rev_growth_yoy_accel": -0.005038846063592506,
      "op_leverage_ratio": 0.3493320464743352,
      "fcf_margin_change": -0.019665403652726496
    },
    {
      "date": "2023-06-30T00:00:00",
      "quarter_label": "2023-06 (Q2)",
      "revenue": 222882000,
      "gross_profit": 118521000,
      "operating_income": -25243000,
      "net_income": -21739000,
      "opex": 143764000,
      "cogs": 104361000,
      "rd": 39210000,
      "sga": null,
      "fcf": 15138000,
      "ocf": 21852000,
      "capex": -6714000,
      "gross_margin": 0.531765687673298,
      "op_margin": -0.11325723925664702,
      "fcf_margin": 0.06791934745739898,
      "incr_op_margin_yoy": -0.10394029850746268,
      "rev_growth_yoy": 0.17689115121817278,
      "rev_growth_yoy_accel": -0.018220925246590303,
      "op_leverage_ratio": 2.677194671909638,
      "fcf_margin_change": -0.039588927163891174
    },
    {
      "date": "2023-09-30T00:00:00",
      "quarter_label": "2023-09 (Q3)",
      "revenue": 230105000,
      "gross_profit": 119025000,
      "operating_income": -25738000,
      "net_income": -20419000,
      "opex": 144763000,
      "cogs": 111080000,
      "rd": 40391000,
      "sga": null,
      "fcf": 33731000,
      "ocf": 37030000,
      "capex": -3299000,
      "gross_margin": 0.5172638578040459,
      "op_margin": -0.11185328437017883,
      "fcf_margin": 0.14658960039981747,
      "incr_op_margin_yoy": -0.12615307118345245,
      "rev_growth_yoy": 0.16014258200481996,
      "rev_growth_yoy_accel": -0.016748569213352826,
      "op_leverage_ratio": 4.663664265480473,
      "fcf_margin_change": 0.07867025294241849
    },
    {
      "date": "2023-12-31T00:00:00",
      "quarter_label": "2023-12 (Q4)",
      "revenue": 239062000,
      "gross_profit": 126569000,
      "operating_income": -18598000,
      "net_income": -12358000,
      "opex": 145167000,
      "cogs": 112493000,
      "rd": 38873000,
      "sga": null,
      "fcf": 25251000,
      "ocf": 36544000,
      "capex": -11293000,
      "gross_margin": 0.529440061573985,
      "op_margin": -0.07779571826555454,
      "fcf_margin": 0.10562531895491546,
      "incr_op_margin_yoy": -0.17407298889865547,
      "rev_growth_yoy": 0.14743334373275097,
      "rev_growth_yoy_accel": -0.01270923827206899,
      "op_leverage_ratio": 13.948025352610228,
      "fcf_margin_change": -0.04096428144490201
    },
    {
      "date": "2024-03-31T00:00:00",
      "quarter_label": "2024-03 (Q1)",
      "revenue": 247010000,
      "gross_profit": 132480000,
      "operating_income": -20695000,
      "net_income": -7077000,
      "opex": 153175000,
      "cogs": 114530000,
      "rd": 41518000,
      "sga": null,
      "fcf": 20402000,
      "ocf": 32353000,
      "capex": -11951000,
      "gross_margin": 0.5363345613537913,
      "op_margin": -0.08378203311606817,
      "fcf_margin": 0.08259584632201125,
      "incr_op_margin_yoy": 0.2905743586153792,
      "rev_growth_yoy": 0.1307962405980617,
      "rev_growth_yoy_accel": -0.016637103134689274,
      "op_leverage_ratio": 0.6026860612093732,
      "fcf_margin_change": -0.02302947263290421
    },
    {
      "date": "2024-06-30T00:00:00",
      "quarter_label": "2024-06 (Q2)",
      "revenue": 252086000,
      "gross_profit": 133672000,
      "operating_income": -19365000,
      "net_income": -12816000,
      "opex": 153037000,
      "cogs": 118414000,
      "rd": 40717000,
      "sga": null,
      "fcf": 13107000,
      "ocf": 19878000,
      "capex": -6771000,
      "gross_margin": 0.5302634815102782,
      "op_margin": -0.07681902207976643,
      "fcf_margin": 0.05199416072292789,
      "incr_op_margin_yoy": 0.20127379810984797,
      "rev_growth_yoy": 0.13102897497330426,
      "rev_growth_yoy_accel": 0.00023273437524257146,
      "op_leverage_ratio": Infinity,
      "fcf_margin_change": -0.030601685599083363
    },
    {
      "date": "2024-09-30T00:00:00",
      "quarter_label": "2024-09 (Q3)",
      "revenue": 264182000,
      "gross_profit": 142249000,
      "operating_income": -15423000,
      "net_income": -4479000,
      "opex": 157672000,
      "cogs": 121933000,
      "rd": 42482000,
      "sga": null,
      "fcf": 26747000,
      "ocf": 41122000,
      "capex": -14375000,
      "gross_margin": 0.5384507650029147,
      "op_margin": -0.05838020758416546,
      "fcf_margin": 0.10124459652815104,
      "incr_op_margin_yoy": 0.30269683364145905,
      "rev_growth_yoy": 0.14809326177179982,
      "rev_growth_yoy_accel": 0.01706428679849556,
      "op_leverage_ratio": 1.5843085142233397,
      "fcf_margin_change": 0.049250435805223154
    },
    {
      "date": "2024-12-31T00:00:00",
      "quarter_label": "2024-12 (Q4)",
      "revenue": 278660000,
      "gross_profit": 155997000,
      "operating_income": 4180000,
      "net_income": 11577000,
      "opex": 151817000,
      "cogs": 122663000,
      "rd": 41480000,
      "sga": null,
      "fcf": 40524000,
      "ocf": 49815000,
      "capex": -9291000,
      "gross_margin": 0.5598112395033374,
      "op_margin": 0.015000358860259815,
      "fcf_margin": 0.14542453168736094,
      "incr_op_margin_yoy": 0.5752310722763776,
      "rev_growth_yoy": 0.1656390392450494,
      "rev_growth_yoy_accel": 0.01754577747324959,
      "op_leverage_ratio": Infinity,
      "fcf_margin_change": 0.0441799351592099
    },
    {
      "date": "2025-03-31T00:00:00",
      "quarter_label": "2025-03 (Q1)",
      "revenue": 279705000,
      "gross_profit": 153732000,
      "operating_income": -5428000,
      "net_income": 576000,
      "opex": 159160000,
      "cogs": 125973000,
      "rd": 41100000,
      "sga": null,
      "fcf": 43660000,
      "ocf": 48384000,
      "capex": -4724000,
      "gross_margin": 0.5496219230975492,
      "op_margin": -0.019406160061493358,
      "fcf_margin": 0.15609302658157703,
      "incr_op_margin_yoy": 0.4669521333537238,
      "rev_growth_yoy": 0.13236306222420144,
      "rev_growth_yoy_accel": -0.033275977020847974,
      "fcf_margin_change": 0.01066849489421609
    },
    {
      "date": "2025-06-30T00:00:00",
      "quarter_label": "2025-06 (Q2)",
      "revenue": 283269000,
      "gross_profit": 155404000,
      "operating_income": -1561000,
      "net_income": 1154000,
      "opex": 156965000,
      "cogs": 127865000,
      "rd": 39912000,
      "sga": null,
      "fcf": 31567000,
      "ocf": 35061000,
      "capex": -3494000,
      "gross_margin": 0.5486092724583347,
      "op_margin": -0.005510663009365656,
      "fcf_margin": 0.1114382442130978,
      "incr_op_margin_yoy": 0.5709521213481705,
      "rev_growth_yoy": 0.12369984846441294,
      "rev_growth_yoy_accel": -0.008663213759788499,
      "op_leverage_ratio": Infinity,
      "fcf_margin_change": -0.04465478236847924
    },
    {
      "date": "2025-09-30T00:00:00",
      "quarter_label": "2025-09 (Q3)",
      "revenue": 285832000,
      "gross_profit": 157280000,
      "operating_income": 16043000,
      "net_income": 17973000,
      "opex": 141237000,
      "cogs": 128552000,
      "rd": 35218000,
      "sga": null,
      "fcf": 48692000,
      "ocf": 59196000,
      "capex": -10504000,
      "gross_margin": 0.5502532956421954,
      "op_margin": 0.05612737552128523,
      "fcf_margin": 0.17035181505219849,
      "incr_op_margin_yoy": 1.4533949191685913,
      "rev_growth_yoy": 0.08195107918026209,
      "rev_growth_yoy_accel": -0.04174876928415085,
      "fcf_margin_change": 0.05891357083910069
    }
  ],
  "signals": [
    {
      "quarter": "2025-09 (Q3)",
      "signal": "FCF MARGIN EXPANSION",
      "detail": "FCF margin: +11.1% -> +17.0% (+5.9%)",
      "severity": "MEDIUM"
    },
    {
      "quarter": "2025-09 (Q3)",
      "signal": "OP MARGIN TURNED POSITIVE (YoY)",
      "detail": "Op margin: -5.8% (year-ago) -> +5.6%",
      "severity": "HIGH"
    },
    {
      "quarter": "2025-09 (Q3)",
      "signal": "OP MARGIN TURNED POSITIVE (QoQ)",
      "detail": "Op margin: -0.6% -> +5.6%",
      "severity": "HIGH"
    },
    {
      "quarter": "2024-12 (Q4)",
      "signal": "OP MARGIN TURNED POSITIVE (YoY)",
      "detail": "Op margin: -7.8% (year-ago) -> +1.5%",
      "severity": "HIGH"
    },
    {
      "quarter": "2024-12 (Q4)",
      "signal": "OP MARGIN TURNED POSITIVE (QoQ)",
      "detail": "Op margin: -5.8% -> +1.5%",
      "severity": "HIGH"
    },
    {
      "quarter": "2024-09 (Q3)",
      "signal": "OPERATING LEVERAGE",
      "detail": "Rev growth +4.8% vs OpEx growth +3.0% (leverage: 1.6x)",
      "severity": "MEDIUM"
    },
    {
      "quarter": "2023-12 (Q4)",
      "signal": "OPERATING LEVERAGE",
      "detail": "Rev growth +3.9% vs OpEx growth +0.3% (leverage: 13.9x)",
      "severity": "MEDIUM"
    },
    {
      "quarter": "2023-09 (Q3)",
      "signal": "FCF MARGIN EXPANSION",
      "detail": "FCF margin: +6.8% -> +14.7% (+7.9%)",
      "severity": "MEDIUM"
    },
    {
      "quarter": "2023-09 (Q3)",
      "signal": "OPERATING LEVERAGE",
      "detail": "Rev growth +3.2% vs OpEx growth +0.7% (leverage: 4.7x)",
      "severity": "MEDIUM"
    },
    {
      "quarter": "2023-06 (Q2)",
      "signal": "OPERATING LEVERAGE",
      "detail": "Rev growth +2.0% vs OpEx growth +0.8% (leverage: 2.7x)",
      "severity": "MEDIUM"
    },
    {
      "quarter": "2022-12 (Q4)",
      "signal": "YoY REVENUE GROWTH DECELERATION",
      "detail": "YoY growth: +20.0% vs prior quarter YoY: +28.5% (decel: -8.5%)",
      "severity": "WARNING"
    },
    {
      "quarter": "2022-09 (Q3)",
      "signal": "FCF TURNED POSITIVE",
      "detail": "FCF margin: -13.3% -> +9.6%",
      "severity": "HIGH"
    },
    {
      "quarter": "2022-09 (Q3)",
      "signal": "OPERATING LEVERAGE",
      "detail": "Rev growth +4.7% vs OpEx growth +2.5% (leverage: 1.9x)",
      "severity": "MEDIUM"
    },
    {
      "quarter": "2022-06 (Q2)",
      "signal": "GROSS MARGIN INFLECTION",
      "detail": "GM: +54.1% -> +51.4% -> +53.4% (reversal +2.0%)",
      "severity": "MEDIUM"
    },
    {
      "quarter": "2022-03 (Q1)",
      "signal": "FCF TURNED POSITIVE",
      "detail": "FCF margin: -2.9% -> +8.9%",
      "severity": "HIGH"
    },
    {
      "quarter": "2021-12 (Q4)",
      "signal": "FCF MARGIN EXPANSION",
      "detail": "FCF margin: -8.9% -> -2.9% (+6.0%)",
      "severity": "MEDIUM"
    }
  ],
  "data_quality": {
    "n_quarters": 20,
    "coverage": {
      "revenue": [
        20,
        20
      ],
      "gross_profit": [
        20,
        20
      ],
      "op_income": [
        20,
        20
      ],
      "fcf": [
        20,
        20
      ]
    },
    "gaps": [],
    "warnings": []
  },
  "market_cap": null,
  "source": "SEC EDGAR",
  "last_updated": "2026-02-02T21:50:06.171840",
  "sector": "Technology",
  "industry": "Software - Infrastructure"
}