{
  "ticker": "FIX",
  "name": "COMFORT SYSTEMS USA,\u00a0INC.",
  "quarters": [
    {
      "date": "2020-12-31T00:00:00",
      "quarter_label": "2020-12 (Q4)",
      "revenue": 698961000,
      "gross_profit": 136999000,
      "operating_income": 48281000,
      "net_income": 42840000,
      "opex": 88718000,
      "cogs": 561962000,
      "rd": null,
      "sga": 88920000,
      "fcf": 65438000,
      "ocf": 70110000,
      "capex": -4672000,
      "gross_margin": 0.19600378275755012,
      "op_margin": 0.06907538474964983,
      "fcf_margin": 0.09362181867085574
    },
    {
      "date": "2021-03-31T00:00:00",
      "quarter_label": "2021-03 (Q1)",
      "revenue": 669761000,
      "gross_profit": 123469000,
      "operating_income": 35605000,
      "net_income": 26491000,
      "opex": 87864000,
      "cogs": 546292000,
      "rd": null,
      "sga": 88214000,
      "fcf": 79835000,
      "ocf": 84647000,
      "capex": -4812000,
      "gross_margin": 0.1843478494567465,
      "op_margin": 0.053160754358644355,
      "fcf_margin": 0.11919923674265895,
      "fcf_margin_change": 0.025577418071803207
    },
    {
      "date": "2021-06-30T00:00:00",
      "quarter_label": "2021-06 (Q2)",
      "revenue": 713895000,
      "gross_profit": 126455000,
      "operating_income": 39397000,
      "net_income": 32965000,
      "opex": 87058000,
      "cogs": 587440000,
      "rd": null,
      "sga": 87549000,
      "fcf": 19472000,
      "ocf": 25422000,
      "capex": -5950000,
      "gross_margin": 0.17713389223905476,
      "op_margin": 0.055185986734743904,
      "fcf_margin": 0.02727571981874085,
      "op_leverage_ratio": Infinity,
      "fcf_margin_change": -0.09192351692391809
    },
    {
      "date": "2021-09-30T00:00:00",
      "quarter_label": "2021-09 (Q3)",
      "revenue": 833896000,
      "gross_profit": 159212000,
      "operating_income": 64105000,
      "net_income": 46297000,
      "opex": 95107000,
      "cogs": 674684000,
      "rd": null,
      "sga": 95287000,
      "fcf": 37483000,
      "ocf": 42585000,
      "capex": -5102000,
      "gross_margin": 0.19092548711110258,
      "op_margin": 0.07687409461131844,
      "fcf_margin": 0.04494925026622025,
      "op_leverage_ratio": 1.818097975950156,
      "fcf_margin_change": 0.0176735304474794
    },
    {
      "date": "2021-12-31T00:00:00",
      "quarter_label": "2021-12 (Q4)",
      "revenue": 856084000,
      "gross_profit": 154071000,
      "operating_income": 49331000,
      "net_income": 37595000,
      "opex": 104740000,
      "cogs": 702013000,
      "rd": null,
      "sga": 105259000,
      "fcf": 21031000,
      "ocf": 27497000,
      "capex": -6466000,
      "gross_margin": 0.17997182519472388,
      "op_margin": 0.05762401820382112,
      "fcf_margin": 0.02456651450091346,
      "incr_op_margin_yoy": 0.006682662627368367,
      "rev_growth_yoy": 0.22479508871024279,
      "op_leverage_ratio": 0.2626982556612904,
      "fcf_margin_change": -0.02038273576530679
    },
    {
      "date": "2022-03-31T00:00:00",
      "quarter_label": "2022-03 (Q1)",
      "revenue": 885216000,
      "gross_profit": 153144000,
      "operating_income": 35691000,
      "net_income": 86762000,
      "opex": 117453000,
      "cogs": 732072000,
      "rd": null,
      "sga": 117776000,
      "fcf": 54537000,
      "ocf": 63729000,
      "capex": -9192000,
      "gross_margin": 0.17300184361782886,
      "op_margin": 0.04031897299642121,
      "fcf_margin": 0.06160869211582258,
      "incr_op_margin_yoy": 0.0003991552760437214,
      "rev_growth_yoy": 0.32168937874853865,
      "rev_growth_yoy_accel": 0.09689429003829586,
      "op_leverage_ratio": 0.28036154434507826,
      "fcf_margin_change": 0.03704217761490912
    },
    {
      "date": "2022-06-30T00:00:00",
      "quarter_label": "2022-06 (Q2)",
      "revenue": 1017948000,
      "gross_profit": 174992000,
      "operating_income": 56651000,
      "net_income": 42246000,
      "opex": 118341000,
      "cogs": 842956000,
      "rd": null,
      "sga": 118724000,
      "fcf": 33540000,
      "ocf": 44563000,
      "capex": -11023000,
      "gross_margin": 0.17190661998451787,
      "op_margin": 0.05565215511990789,
      "fcf_margin": 0.03294863784790579,
      "incr_op_margin_yoy": 0.05674668561073234,
      "rev_growth_yoy": 0.4259071712226588,
      "rev_growth_yoy_accel": 0.10421779247412016,
      "op_leverage_ratio": 19.83250313437014,
      "fcf_margin_change": -0.02866005426791679
    },
    {
      "date": "2022-09-30T00:00:00",
      "quarter_label": "2022-09 (Q3)",
      "revenue": 1120012000,
      "gross_profit": 202224000,
      "operating_income": 81436000,
      "net_income": 61515000,
      "opex": 120788000,
      "cogs": 917788000,
      "rd": null,
      "sga": 121194000,
      "fcf": 46654000,
      "ocf": 61232000,
      "capex": -14578000,
      "gross_margin": 0.18055520833705352,
      "op_margin": 0.07270993525069375,
      "fcf_margin": 0.041654910840241,
      "incr_op_margin_yoy": 0.06057333389254708,
      "rev_growth_yoy": 0.3431075337931828,
      "rev_growth_yoy_accel": -0.08279963742947599,
      "op_leverage_ratio": 4.848956151181673,
      "fcf_margin_change": 0.008706272992335208
    },
    {
      "date": "2022-12-31T00:00:00",
      "quarter_label": "2022-12 (Q4)",
      "revenue": 1117188000,
      "gross_profit": 211248000,
      "operating_income": 80071000,
      "net_income": 55424000,
      "opex": 131177000,
      "cogs": 905940000,
      "rd": null,
      "sga": 131650000,
      "fcf": 118441000,
      "ocf": 132007000,
      "capex": -13566000,
      "gross_margin": 0.18908903425385878,
      "op_margin": 0.07167191197900442,
      "fcf_margin": 0.10601707143291908,
      "incr_op_margin_yoy": 0.1177308658618788,
      "rev_growth_yoy": 0.3049981076623322,
      "rev_growth_yoy_accel": -0.03810942613085061,
      "fcf_margin_change": 0.06436216059267807
    },
    {
      "date": "2023-03-31T00:00:00",
      "quarter_label": "2023-03 (Q1)",
      "revenue": 1174640000,
      "gross_profit": 205405000,
      "operating_income": 70885000,
      "net_income": 57216000,
      "opex": 134520000,
      "cogs": 969235000,
      "rd": null,
      "sga": 135032000,
      "fcf": 110389000,
      "ocf": 126909000,
      "capex": -16520000,
      "gross_margin": 0.17486634202819587,
      "op_margin": 0.060346148607232857,
      "fcf_margin": 0.09397687802220255,
      "incr_op_margin_yoy": 0.12160014373376085,
      "rev_growth_yoy": 0.32695296967067927,
      "rev_growth_yoy_accel": 0.021954862008347065,
      "op_leverage_ratio": 2.0179026350388676,
      "fcf_margin_change": -0.012040193410716535
    },
    {
      "date": "2023-06-30T00:00:00",
      "quarter_label": "2023-06 (Q2)",
      "revenue": 1296430000,
      "gross_profit": 227920000,
      "operating_income": 92082000,
      "net_income": 69476000,
      "opex": 135838000,
      "cogs": 1068510000,
      "rd": null,
      "sga": 136430000,
      "fcf": 100800000,
      "ocf": 125410000,
      "capex": -24610000,
      "gross_margin": 0.17580586688058747,
      "op_margin": 0.07102735974946583,
      "fcf_margin": 0.07775198043858905,
      "incr_op_margin_yoy": 0.1272290489151902,
      "rev_growth_yoy": 0.2735719309827221,
      "rev_growth_yoy_accel": -0.05338103868795718,
      "op_leverage_ratio": 10.582256719832387,
      "fcf_margin_change": -0.016224897583613493
    },
    {
      "date": "2023-09-30T00:00:00",
      "quarter_label": "2023-09 (Q3)",
      "revenue": 1378124000,
      "gross_profit": 277499000,
      "operating_income": 135143000,
      "net_income": 105125000,
      "opex": 142356000,
      "cogs": 1100625000,
      "rd": null,
      "sga": 142935000,
      "fcf": 185797000,
      "ocf": 214241000,
      "capex": -28444000,
      "gross_margin": 0.20135996470564332,
      "op_margin": 0.09806301900264418,
      "fcf_margin": 0.13481878263494432,
      "incr_op_margin_yoy": 0.20807633895363253,
      "rev_growth_yoy": 0.23045467369992464,
      "rev_growth_yoy_accel": -0.043117257282797444,
      "op_leverage_ratio": 1.3132518198174057,
      "fcf_margin_change": 0.057066802196355265
    },
    {
      "date": "2023-12-31T00:00:00",
      "quarter_label": "2023-12 (Q4)",
      "revenue": 1357566000,
      "gross_profit": 279685000,
      "operating_income": 120278000,
      "net_income": 91581000,
      "opex": 159407000,
      "cogs": 1077881000,
      "rd": null,
      "sga": 160026000,
      "fcf": 147744000,
      "ocf": 173008000,
      "capex": -25264000,
      "gross_margin": 0.2060194495147934,
      "op_margin": 0.08859827072864229,
      "fcf_margin": 0.10883006793039897,
      "incr_op_margin_yoy": 0.16726572315270116,
      "rev_growth_yoy": 0.21516342817860556,
      "rev_growth_yoy_accel": -0.01529124552131908,
      "fcf_margin_change": -0.02598871470454535
    },
    {
      "date": "2024-03-31T00:00:00",
      "quarter_label": "2024-03 (Q1)",
      "revenue": 1537016000,
      "gross_profit": 297363000,
      "operating_income": 135460000,
      "net_income": 96319000,
      "opex": 161903000,
      "cogs": 1239653000,
      "rd": null,
      "sga": 162723000,
      "fcf": 121605000,
      "ocf": 146557000,
      "capex": -24952000,
      "gross_margin": 0.19346773228125147,
      "op_margin": 0.08813180864740511,
      "fcf_margin": 0.07911758888651778,
      "incr_op_margin_yoy": 0.17819888734353267,
      "rev_growth_yoy": 0.3084996254171491,
      "rev_growth_yoy_accel": 0.09333619723854353,
      "op_leverage_ratio": 8.441999412329654,
      "fcf_margin_change": -0.02971247904388119
    },
    {
      "date": "2024-06-30T00:00:00",
      "quarter_label": "2024-06 (Q2)",
      "revenue": 1810290000,
      "gross_profit": 363596000,
      "operating_income": 184670000,
      "net_income": 134009000,
      "opex": 178926000,
      "cogs": 1446694000,
      "rd": null,
      "sga": 179537000,
      "fcf": 166474000,
      "ocf": 189858000,
      "capex": -23384000,
      "gross_margin": 0.20084958763513028,
      "op_margin": 0.10201127996066929,
      "fcf_margin": 0.09195985173646211,
      "incr_op_margin_yoy": 0.18018137235822987,
      "rev_growth_yoy": 0.3963654034541009,
      "rev_growth_yoy_accel": 0.08786577803695178,
      "op_leverage_ratio": 1.6909809783889873,
      "fcf_margin_change": 0.01284226284994433
    },
    {
      "date": "2024-09-30T00:00:00",
      "quarter_label": "2024-09 (Q3)",
      "revenue": 1812366000,
      "gross_profit": 381714000,
      "operating_income": 202884000,
      "net_income": 146235000,
      "opex": 178830000,
      "cogs": 1430652000,
      "rd": null,
      "sga": 180177000,
      "fcf": 280120000,
      "ocf": 302179000,
      "capex": -22059000,
      "gross_margin": 0.21061639867443993,
      "op_margin": 0.11194427615614065,
      "fcf_margin": 0.15456039232693616,
      "incr_op_margin_yoy": 0.155998268246738,
      "rev_growth_yoy": 0.31509646446908984,
      "rev_growth_yoy_accel": -0.08126893898501103,
      "fcf_margin_change": 0.06260054059047405
    },
    {
      "date": "2024-12-31T00:00:00",
      "quarter_label": "2024-12 (Q4)",
      "revenue": 1867804000,
      "gross_profit": 433738000,
      "operating_income": 226355000,
      "net_income": 145870000,
      "opex": 207383000,
      "cogs": 1434066000,
      "rd": null,
      "sga": 207635000,
      "fcf": 169787000,
      "ocf": 210463000,
      "capex": -40676000,
      "gross_margin": 0.23221815565230614,
      "op_margin": 0.12118776916635793,
      "fcf_margin": 0.09090193617745759,
      "incr_op_margin_yoy": 0.20789709900085843,
      "rev_growth_yoy": 0.37584765676217585,
      "rev_growth_yoy_accel": 0.06075119229308601,
      "op_leverage_ratio": 0.1915800486172898,
      "fcf_margin_change": -0.06365845614947857
    },
    {
      "date": "2025-03-31T00:00:00",
      "quarter_label": "2025-03 (Q1)",
      "revenue": 1831286000,
      "gross_profit": 403416000,
      "operating_income": 209098000,
      "net_income": 169289000,
      "opex": 194318000,
      "cogs": 1427870000,
      "rd": null,
      "sga": 194874000,
      "fcf": -110158000,
      "ocf": -87950000,
      "capex": -22208000,
      "gross_margin": 0.22029109598391514,
      "op_margin": 0.11418096354146758,
      "fcf_margin": -0.06015335671216839,
      "incr_op_margin_yoy": 0.250239575899684,
      "rev_growth_yoy": 0.1914553914858401,
      "rev_growth_yoy_accel": -0.18439226527633576,
      "fcf_margin_change": -0.151055292889626
    },
    {
      "date": "2025-06-30T00:00:00",
      "quarter_label": "2025-06 (Q2)",
      "revenue": 2173319000,
      "gross_profit": 509897000,
      "operating_income": 299873000,
      "net_income": 230848000,
      "opex": 210024000,
      "cogs": 1663422000,
      "rd": null,
      "sga": 210466000,
      "fcf": 221222000,
      "ocf": 252495000,
      "capex": -31273000,
      "gross_margin": 0.23461673136801361,
      "op_margin": 0.13797928421920574,
      "fcf_margin": 0.10178993511767026,
      "incr_op_margin_yoy": 0.3173382842693008,
      "rev_growth_yoy": 0.2005363781493573,
      "rev_growth_yoy_accel": 0.009080986663517199,
      "op_leverage_ratio": 2.3107835814139603,
      "fcf_margin_change": 0.16194329182983866
    },
    {
      "date": "2025-09-30T00:00:00",
      "quarter_label": "2025-09 (Q3)",
      "revenue": 2450969000,
      "gross_profit": 607871000,
      "operating_income": 378874000,
      "net_income": 291615000,
      "opex": 228997000,
      "cogs": 1843098000,
      "rd": null,
      "sga": 229579000,
      "fcf": 517939000,
      "ocf": 553271000,
      "capex": -35332000,
      "gross_margin": 0.24801252076219651,
      "op_margin": 0.15458131049393117,
      "fcf_margin": 0.21132009421579792,
      "incr_op_margin_yoy": 0.2755859274071685,
      "rev_growth_yoy": 0.3523587399013224,
      "rev_growth_yoy_accel": 0.1518223617519651,
      "op_leverage_ratio": 1.4141879091797032,
      "fcf_margin_change": 0.10953015909812766
    }
  ],
  "signals": [
    {
      "quarter": "2025-09 (Q3)",
      "signal": "FCF MARGIN EXPANSION",
      "detail": "FCF margin: +10.2% -> +21.1% (+11.0%)",
      "severity": "MEDIUM"
    },
    {
      "quarter": "2025-09 (Q3)",
      "signal": "YoY REVENUE GROWTH ACCELERATION",
      "detail": "YoY growth: +35.2% vs prior quarter YoY: +20.1% (accel: +15.2%)",
      "severity": "HIGH"
    },
    {
      "quarter": "2025-09 (Q3)",
      "signal": "INCREMENTAL MARGIN (YoY)",
      "detail": "YoY Incr OPM: +27.6% vs year-ago OPM: +11.2%",
      "severity": "MEDIUM"
    },
    {
      "quarter": "2025-06 (Q2)",
      "signal": "FCF TURNED POSITIVE",
      "detail": "FCF margin: -6.0% -> +10.2%",
      "severity": "HIGH"
    },
    {
      "quarter": "2025-06 (Q2)",
      "signal": "OPERATING LEVERAGE",
      "detail": "Rev growth +18.7% vs OpEx growth +8.1% (leverage: 2.3x)",
      "severity": "MEDIUM"
    },
    {
      "quarter": "2025-06 (Q2)",
      "signal": "INCREMENTAL MARGIN (YoY)",
      "detail": "YoY Incr OPM: +31.7% vs year-ago OPM: +10.2%",
      "severity": "HIGH"
    },
    {
      "quarter": "2025-03 (Q1)",
      "signal": "YoY REVENUE GROWTH DECELERATION",
      "detail": "YoY growth: +19.1% vs prior quarter YoY: +37.6% (decel: -18.4%)",
      "severity": "WARNING"
    },
    {
      "quarter": "2025-03 (Q1)",
      "signal": "INCREMENTAL MARGIN (YoY)",
      "detail": "YoY Incr OPM: +25.0% vs year-ago OPM: +8.8%",
      "severity": "MEDIUM"
    },
    {
      "quarter": "2024-12 (Q4)",
      "signal": "YoY REVENUE GROWTH ACCELERATION",
      "detail": "YoY growth: +37.6% vs prior quarter YoY: +31.5% (accel: +6.1%)",
      "severity": "MEDIUM"
    },
    {
      "quarter": "2024-12 (Q4)",
      "signal": "INCREMENTAL MARGIN (YoY)",
      "detail": "YoY Incr OPM: +20.8% vs year-ago OPM: +8.9%",
      "severity": "MEDIUM"
    },
    {
      "quarter": "2024-09 (Q3)",
      "signal": "FCF MARGIN EXPANSION",
      "detail": "FCF margin: +9.2% -> +15.5% (+6.3%)",
      "severity": "MEDIUM"
    },
    {
      "quarter": "2024-09 (Q3)",
      "signal": "YoY REVENUE GROWTH DECELERATION",
      "detail": "YoY growth: +31.5% vs prior quarter YoY: +39.6% (decel: -8.1%)",
      "severity": "WARNING"
    },
    {
      "quarter": "2024-06 (Q2)",
      "signal": "OPERATING LEVERAGE",
      "detail": "Rev growth +17.8% vs OpEx growth +10.5% (leverage: 1.7x)",
      "severity": "MEDIUM"
    },
    {
      "quarter": "2024-06 (Q2)",
      "signal": "YoY REVENUE GROWTH ACCELERATION",
      "detail": "YoY growth: +39.6% vs prior quarter YoY: +30.8% (accel: +8.8%)",
      "severity": "MEDIUM"
    },
    {
      "quarter": "2024-06 (Q2)",
      "signal": "INCREMENTAL MARGIN (YoY)",
      "detail": "YoY Incr OPM: +18.0% vs year-ago OPM: +7.1%",
      "severity": "MEDIUM"
    },
    {
      "quarter": "2024-03 (Q1)",
      "signal": "OPERATING LEVERAGE",
      "detail": "Rev growth +13.2% vs OpEx growth +1.6% (leverage: 8.4x)",
      "severity": "MEDIUM"
    },
    {
      "quarter": "2024-03 (Q1)",
      "signal": "YoY REVENUE GROWTH ACCELERATION",
      "detail": "YoY growth: +30.8% vs prior quarter YoY: +21.5% (accel: +9.3%)",
      "severity": "MEDIUM"
    },
    {
      "quarter": "2024-03 (Q1)",
      "signal": "INCREMENTAL MARGIN (YoY)",
      "detail": "YoY Incr OPM: +17.8% vs year-ago OPM: +6.0%",
      "severity": "MEDIUM"
    },
    {
      "quarter": "2023-09 (Q3)",
      "signal": "FCF MARGIN EXPANSION",
      "detail": "FCF margin: +7.8% -> +13.5% (+5.7%)",
      "severity": "MEDIUM"
    },
    {
      "quarter": "2023-09 (Q3)",
      "signal": "INCREMENTAL MARGIN (YoY)",
      "detail": "YoY Incr OPM: +20.8% vs year-ago OPM: +7.3%",
      "severity": "MEDIUM"
    },
    {
      "quarter": "2023-06 (Q2)",
      "signal": "OPERATING LEVERAGE",
      "detail": "Rev growth +10.4% vs OpEx growth +1.0% (leverage: 10.6x)",
      "severity": "MEDIUM"
    },
    {
      "quarter": "2023-06 (Q2)",
      "signal": "YoY REVENUE GROWTH DECELERATION",
      "detail": "YoY growth: +27.4% vs prior quarter YoY: +32.7% (decel: -5.3%)",
      "severity": "WARNING"
    },
    {
      "quarter": "2023-03 (Q1)",
      "signal": "OPERATING LEVERAGE",
      "detail": "Rev growth +5.1% vs OpEx growth +2.5% (leverage: 2.0x)",
      "severity": "MEDIUM"
    },
    {
      "quarter": "2022-12 (Q4)",
      "signal": "FCF MARGIN EXPANSION",
      "detail": "FCF margin: +4.2% -> +10.6% (+6.4%)",
      "severity": "MEDIUM"
    },
    {
      "quarter": "2022-09 (Q3)",
      "signal": "OPERATING LEVERAGE",
      "detail": "Rev growth +10.0% vs OpEx growth +2.1% (leverage: 4.8x)",
      "severity": "MEDIUM"
    },
    {
      "quarter": "2022-09 (Q3)",
      "signal": "YoY REVENUE GROWTH DECELERATION",
      "detail": "YoY growth: +34.3% vs prior quarter YoY: +42.6% (decel: -8.3%)",
      "severity": "WARNING"
    },
    {
      "quarter": "2022-06 (Q2)",
      "signal": "OPERATING LEVERAGE",
      "detail": "Rev growth +15.0% vs OpEx growth +0.8% (leverage: 19.8x)",
      "severity": "MEDIUM"
    },
    {
      "quarter": "2022-06 (Q2)",
      "signal": "YoY REVENUE GROWTH ACCELERATION",
      "detail": "YoY growth: +42.6% vs prior quarter YoY: +32.2% (accel: +10.4%)",
      "severity": "MEDIUM"
    },
    {
      "quarter": "2022-03 (Q1)",
      "signal": "YoY REVENUE GROWTH ACCELERATION",
      "detail": "YoY growth: +32.2% vs prior quarter YoY: +22.5% (accel: +9.7%)",
      "severity": "MEDIUM"
    },
    {
      "quarter": "2021-09 (Q3)",
      "signal": "OPERATING LEVERAGE",
      "detail": "Rev growth +16.8% vs OpEx growth +9.2% (leverage: 1.8x)",
      "severity": "MEDIUM"
    }
  ],
  "data_quality": {
    "n_quarters": 20,
    "coverage": {
      "revenue": [
        20,
        20
      ],
      "gross_profit": [
        20,
        20
      ],
      "op_income": [
        20,
        20
      ],
      "fcf": [
        20,
        20
      ]
    },
    "gaps": [],
    "warnings": []
  },
  "market_cap": null,
  "source": "SEC EDGAR",
  "last_updated": "2026-02-02T20:02:54.107517",
  "sector": "Industrials",
  "industry": "Engineering & Construction"
}