{
  "ticker": "FIZZ",
  "name": "National Beverage Corp.",
  "quarters": [
    {
      "date": "2021-01-30T00:00:00",
      "quarter_label": "2021-01 (Q1)",
      "revenue": 245931000,
      "gross_profit": 95664000,
      "operating_income": 48163000,
      "net_income": 36687000,
      "opex": 47501000,
      "cogs": 150267000,
      "rd": null,
      "sga": 47501000,
      "fcf": 27666000,
      "ocf": 34294000,
      "capex": -6628000,
      "gross_margin": 0.3889871549337009,
      "op_margin": 0.19583948343234484,
      "fcf_margin": 0.11249496810080876
    },
    {
      "date": "2021-05-01T00:00:00",
      "quarter_label": "2021-05 (Q2)",
      "revenue": 261103000,
      "gross_profit": 100685000,
      "operating_income": 51401000,
      "net_income": 39131000,
      "opex": 49284000,
      "cogs": 160418000,
      "rd": null,
      "sga": 49284000,
      "fcf": 40288000,
      "ocf": 48599000,
      "capex": -8311000,
      "gross_margin": 0.38561410631053644,
      "op_margin": 0.19686100887389268,
      "fcf_margin": 0.15429926121109294,
      "op_leverage_ratio": 1.6435426090962277,
      "fcf_margin_change": 0.04180429311028418
    },
    {
      "date": "2021-07-31T00:00:00",
      "quarter_label": "2021-07 (Q3)",
      "revenue": 311712000,
      "gross_profit": 124771000,
      "operating_income": 70328000,
      "net_income": 53816000,
      "opex": 54443000,
      "cogs": 186941000,
      "rd": null,
      "sga": 54443000,
      "fcf": 51888000,
      "ocf": 56658000,
      "capex": -4770000,
      "gross_margin": 0.40027653731649726,
      "op_margin": 0.22561851965917257,
      "fcf_margin": 0.16646134893748074,
      "op_leverage_ratio": 1.8516389820064167,
      "fcf_margin_change": 0.012162087726387799
    },
    {
      "date": "2021-10-30T00:00:00",
      "quarter_label": "2021-10 (Q4)",
      "revenue": 283158000,
      "gross_profit": 101485000,
      "operating_income": 51561000,
      "net_income": 39284000,
      "opex": 49924000,
      "cogs": 181673000,
      "rd": null,
      "sga": 49924000,
      "fcf": 27448000,
      "ocf": 29306000,
      "capex": -1858000,
      "gross_margin": 0.3584041418571963,
      "op_margin": 0.18209268323692074,
      "fcf_margin": 0.09693527994971006,
      "fcf_margin_change": -0.06952606898777068
    },
    {
      "date": "2022-01-29T00:00:00",
      "quarter_label": "2022-01 (Q1)",
      "revenue": 258923000,
      "gross_profit": 93799000,
      "operating_income": 40696000,
      "net_income": 31068000,
      "opex": 53103000,
      "cogs": 165124000,
      "rd": null,
      "sga": 53103000,
      "fcf": -2843000,
      "ocf": 6588000,
      "capex": -9431000,
      "gross_margin": 0.3622660018615573,
      "op_margin": 0.157174140574611,
      "fcf_margin": -0.01098009833039166,
      "incr_op_margin_yoy": -0.5747383004926109,
      "rev_growth_yoy": 0.05282782569094584,
      "fcf_margin_change": -0.10791537828010173
    },
    {
      "date": "2022-04-30T00:00:00",
      "quarter_label": "2022-04 (Q2)",
      "revenue": 284220000,
      "gross_profit": 97750000,
      "operating_income": 45271000,
      "net_income": 34344000,
      "opex": 52479000,
      "cogs": 186470000,
      "rd": null,
      "sga": 52479000,
      "fcf": 27625000,
      "ocf": 40581000,
      "capex": -12956000,
      "gross_margin": 0.3439237210611498,
      "op_margin": 0.15928154246710294,
      "fcf_margin": 0.09719583421293364,
      "incr_op_margin_yoy": -0.26517281654193886,
      "rev_growth_yoy": 0.08853594175478642,
      "rev_growth_yoy_accel": 0.035708116063840584,
      "op_leverage_ratio": Infinity,
      "fcf_margin_change": 0.1081759325433253
    },
    {
      "date": "2022-07-30T00:00:00",
      "quarter_label": "2022-07 (Q3)",
      "revenue": 318117000,
      "gross_profit": 99401000,
      "operating_income": 46478000,
      "net_income": 35454000,
      "opex": 52923000,
      "cogs": 218716000,
      "rd": null,
      "sga": 52923000,
      "fcf": 38008000,
      "ocf": 40617000,
      "capex": -2609000,
      "gross_margin": 0.3124667968074639,
      "op_margin": 0.14610347765130438,
      "fcf_margin": 0.11947805367207663,
      "incr_op_margin_yoy": -3.7236533957845435,
      "rev_growth_yoy": 0.02054781336618417,
      "rev_growth_yoy_accel": -0.06798812838860224,
      "op_leverage_ratio": 14.096432269825241,
      "fcf_margin_change": 0.022282219459142993
    },
    {
      "date": "2022-10-29T00:00:00",
      "quarter_label": "2022-10 (Q4)",
      "revenue": 299633000,
      "gross_profit": 99996000,
      "operating_income": 46923000,
      "net_income": 36046000,
      "opex": 53073000,
      "cogs": 199637000,
      "rd": null,
      "sga": 53073000,
      "fcf": 36256000,
      "ocf": 41621000,
      "capex": -5365000,
      "gross_margin": 0.33372826090584146,
      "op_margin": 0.15660157592788512,
      "fcf_margin": 0.12100135832835503,
      "incr_op_margin_yoy": -0.28151745068285283,
      "rev_growth_yoy": 0.05818306387246696,
      "rev_growth_yoy_accel": 0.03763525050628279,
      "fcf_margin_change": 0.0015233046562783958
    },
    {
      "date": "2023-01-28T00:00:00",
      "quarter_label": "2023-01 (Q1)",
      "revenue": 268483000,
      "gross_profit": 94922000,
      "operating_income": 44434000,
      "net_income": 34361000,
      "opex": 50488000,
      "cogs": 173561000,
      "rd": null,
      "sga": 50488000,
      "fcf": 25707000,
      "ocf": 30015000,
      "capex": -4308000,
      "gross_margin": 0.3535493867395701,
      "op_margin": 0.16550023651404372,
      "fcf_margin": 0.09574907908508173,
      "incr_op_margin_yoy": 0.39100418410041843,
      "rev_growth_yoy": 0.036922173773670165,
      "rev_growth_yoy_accel": -0.021260890098796795,
      "fcf_margin_change": -0.025252279243273293
    },
    {
      "date": "2023-04-29T00:00:00",
      "quarter_label": "2023-04 (Q2)",
      "revenue": 286699000,
      "gross_profit": 102470000,
      "operating_income": 48849000,
      "net_income": 36303000,
      "opex": 53621000,
      "cogs": 184229000,
      "rd": null,
      "sga": 53621000,
      "fcf": 39715000,
      "ocf": 49412000,
      "capex": -9697000,
      "gross_margin": 0.3574131754906714,
      "op_margin": 0.170384270611338,
      "fcf_margin": 0.13852507333475178,
      "incr_op_margin_yoy": 1.4433239209358613,
      "rev_growth_yoy": 0.008722116670185067,
      "rev_growth_yoy_accel": -0.028200057103485096,
      "op_leverage_ratio": 1.0933620557000283,
      "fcf_margin_change": 0.042775994249670046
    },
    {
      "date": "2023-07-29T00:00:00",
      "quarter_label": "2023-07 (Q3)",
      "revenue": 324240000,
      "gross_profit": 114481000,
      "operating_income": 63104000,
      "net_income": 49631000,
      "opex": 51377000,
      "cogs": 209759000,
      "rd": null,
      "sga": 51377000,
      "fcf": 64669000,
      "ocf": 70143000,
      "capex": -5474000,
      "gross_margin": 0.3530748828028621,
      "op_margin": 0.19462126819639772,
      "fcf_margin": 0.19944793979768072,
      "incr_op_margin_yoy": 2.7153356197942187,
      "rev_growth_yoy": 0.019247635303991928,
      "rev_growth_yoy_accel": 0.01052551863380686,
      "op_leverage_ratio": Infinity,
      "fcf_margin_change": 0.06092286646292894
    },
    {
      "date": "2023-10-28T00:00:00",
      "quarter_label": "2023-10 (Q4)",
      "revenue": 300074000,
      "gross_profit": 107858000,
      "operating_income": 54299000,
      "net_income": 43788000,
      "opex": 53559000,
      "cogs": 192216000,
      "rd": null,
      "sga": 53559000,
      "fcf": 24630000,
      "ocf": 31916000,
      "capex": -7286000,
      "gross_margin": 0.35943800529202796,
      "op_margin": 0.18095203183214806,
      "fcf_margin": 0.08207975366076369,
      "rev_growth_yoy": 0.0014718005026148654,
      "rev_growth_yoy_accel": -0.017775834801377063,
      "fcf_margin_change": -0.11736818613691703
    },
    {
      "date": "2024-01-27T00:00:00",
      "quarter_label": "2024-01 (Q1)",
      "revenue": 270065000,
      "gross_profit": 97031000,
      "operating_income": 48181000,
      "net_income": 39592000,
      "opex": 48850000,
      "cogs": 173034000,
      "rd": null,
      "sga": 48850000,
      "fcf": 28702000,
      "ocf": 35406000,
      "capex": -6704000,
      "gross_margin": 0.35928757891618684,
      "op_margin": 0.17840519874844946,
      "fcf_margin": 0.10627811823079629,
      "incr_op_margin_yoy": 2.3685208596713023,
      "rev_growth_yoy": 0.005892365624639176,
      "rev_growth_yoy_accel": 0.004420565122024311,
      "fcf_margin_change": 0.024198364570032604
    },
    {
      "date": "2024-04-27T00:00:00",
      "quarter_label": "2024-04 (Q2)",
      "revenue": 297315000,
      "gross_profit": 109081000,
      "operating_income": 52925000,
      "net_income": 43721000,
      "opex": 56156000,
      "cogs": 188234000,
      "rd": null,
      "sga": 56156000,
      "fcf": 49606000,
      "ocf": 60442000,
      "capex": -10836000,
      "gross_margin": 0.3668869717303197,
      "op_margin": 0.17800985486773288,
      "fcf_margin": 0.16684661049728403,
      "incr_op_margin_yoy": 0.38394875659382066,
      "rev_growth_yoy": 0.037028381682531156,
      "rev_growth_yoy_accel": 0.03113601605789198,
      "op_leverage_ratio": 0.6746571119040302,
      "fcf_margin_change": 0.060568492266487736
    },
    {
      "date": "2024-07-27T00:00:00",
      "quarter_label": "2024-07 (Q3)",
      "revenue": 329473000,
      "gross_profit": 122432000,
      "operating_income": 69515000,
      "net_income": 56780000,
      "opex": 52917000,
      "cogs": 207041000,
      "rd": null,
      "sga": 52917000,
      "fcf": 53795000,
      "ocf": 57499000,
      "capex": -3704000,
      "gross_margin": 0.3715994937369678,
      "op_margin": 0.2109884573242724,
      "fcf_margin": 0.16327589817678534,
      "incr_op_margin_yoy": 1.2251098796101663,
      "rev_growth_yoy": 0.0161392795460153,
      "rev_growth_yoy_accel": -0.020889102136515857,
      "op_leverage_ratio": Infinity,
      "fcf_margin_change": -0.003570712320498687
    },
    {
      "date": "2024-10-26T00:00:00",
      "quarter_label": "2024-10 (Q4)",
      "revenue": 291202000,
      "gross_profit": 109351000,
      "operating_income": 57867000,
      "net_income": 45637000,
      "opex": 51484000,
      "cogs": 181851000,
      "rd": null,
      "sga": 51484000,
      "fcf": 35684000,
      "ocf": 42591000,
      "capex": -6907000,
      "gross_margin": 0.3755159648628787,
      "op_margin": 0.19871772858702894,
      "fcf_margin": 0.12254036716780792,
      "incr_op_margin_yoy": -0.40216411181244366,
      "rev_growth_yoy": -0.02956604037670708,
      "rev_growth_yoy_accel": -0.04570531992272238,
      "fcf_margin_change": -0.04073553100897742
    },
    {
      "date": "2025-01-25T00:00:00",
      "quarter_label": "2025-01 (Q1)",
      "revenue": 267050000,
      "gross_profit": 98950000,
      "operating_income": 50577000,
      "net_income": 39643000,
      "opex": 48373000,
      "cogs": 168100000,
      "rd": null,
      "sga": 48373000,
      "fcf": 36327000,
      "ocf": 46531000,
      "capex": -10204000,
      "gross_margin": 0.37052986332147536,
      "op_margin": 0.18939149971915373,
      "fcf_margin": 0.13603070586032578,
      "incr_op_margin_yoy": -0.7946932006633499,
      "rev_growth_yoy": -0.011163979042082462,
      "rev_growth_yoy_accel": 0.018402061334624617,
      "fcf_margin_change": 0.013490338692517867
    },
    {
      "date": "2025-05-03T00:00:00",
      "quarter_label": "2025-05 (Q2)",
      "revenue": 313629000,
      "gross_profit": 113208000,
      "operating_income": 57500000,
      "net_income": 44761000,
      "opex": 55708000,
      "cogs": 200421000,
      "rd": null,
      "sga": 55708000,
      "fcf": 44609000,
      "ocf": 60075000,
      "capex": -15466000,
      "gross_margin": 0.36096151822694966,
      "op_margin": 0.1833376377822204,
      "fcf_margin": 0.1422349336317751,
      "incr_op_margin_yoy": 0.28043398308201545,
      "rev_growth_yoy": 0.05487109631199233,
      "rev_growth_yoy_accel": 0.0660350753540748,
      "op_leverage_ratio": 1.1502718252532436,
      "fcf_margin_change": 0.006204227771449328
    },
    {
      "date": "2025-08-02T00:00:00",
      "quarter_label": "2025-08 (Q3)",
      "revenue": 330515000,
      "gross_profit": 125463000,
      "operating_income": 70776000,
      "net_income": 55760000,
      "opex": 54687000,
      "cogs": 205052000,
      "rd": null,
      "sga": 54687000,
      "fcf": 55994000,
      "ocf": 59089000,
      "capex": -3095000,
      "gross_margin": 0.37959850536284284,
      "op_margin": 0.21413854136726018,
      "fcf_margin": 0.1694143987413582,
      "incr_op_margin_yoy": 1.210172744721689,
      "rev_growth_yoy": 0.0031626263760611644,
      "rev_growth_yoy_accel": -0.051708469935931166,
      "op_leverage_ratio": Infinity,
      "fcf_margin_change": 0.02717946510958308
    },
    {
      "date": "2025-11-01T00:00:00",
      "quarter_label": "2025-11 (Q4)",
      "revenue": 288331000,
      "gross_profit": 109185000,
      "operating_income": 58046000,
      "net_income": 46364000,
      "opex": 51139000,
      "cogs": 179146000,
      "rd": null,
      "sga": 51139000,
      "fcf": 19905000,
      "ocf": 25712000,
      "capex": -5807000,
      "gross_margin": 0.378679365035324,
      "op_margin": 0.20131723609324007,
      "fcf_margin": 0.06903524074761298,
      "incr_op_margin_yoy": -0.062347614071752,
      "rev_growth_yoy": -0.009859135582860008,
      "rev_growth_yoy_accel": -0.013021761958921173,
      "fcf_margin_change": -0.10037915799374521
    }
  ],
  "signals": [
    {
      "quarter": "2025-08 (Q3)",
      "signal": "YoY REVENUE GROWTH DECELERATION",
      "detail": "YoY growth: +0.3% vs prior quarter YoY: +5.5% (decel: -5.2%)",
      "severity": "WARNING"
    },
    {
      "quarter": "2025-08 (Q3)",
      "signal": "INCREMENTAL MARGIN (YoY)",
      "detail": "YoY Incr OPM: +121.0% vs year-ago OPM: +21.1%",
      "severity": "HIGH"
    },
    {
      "quarter": "2025-05 (Q2)",
      "signal": "YoY REVENUE GROWTH ACCELERATION",
      "detail": "YoY growth: +5.5% vs prior quarter YoY: -1.1% (accel: +6.6%)",
      "severity": "MEDIUM"
    },
    {
      "quarter": "2025-05 (Q2)",
      "signal": "INCREMENTAL MARGIN (YoY)",
      "detail": "YoY Incr OPM: +28.0% vs year-ago OPM: +17.8%",
      "severity": "MEDIUM"
    },
    {
      "quarter": "2024-07 (Q3)",
      "signal": "INCREMENTAL MARGIN (YoY)",
      "detail": "YoY Incr OPM: +122.5% vs year-ago OPM: +19.5%",
      "severity": "HIGH"
    },
    {
      "quarter": "2024-04 (Q2)",
      "signal": "FCF MARGIN EXPANSION",
      "detail": "FCF margin: +10.6% -> +16.7% (+6.1%)",
      "severity": "MEDIUM"
    },
    {
      "quarter": "2024-04 (Q2)",
      "signal": "INCREMENTAL MARGIN (YoY)",
      "detail": "YoY Incr OPM: +38.4% vs year-ago OPM: +17.0%",
      "severity": "HIGH"
    },
    {
      "quarter": "2024-01 (Q1)",
      "signal": "INCREMENTAL MARGIN (YoY)",
      "detail": "YoY Incr OPM: +236.9% vs year-ago OPM: +16.6%",
      "severity": "HIGH"
    },
    {
      "quarter": "2023-07 (Q3)",
      "signal": "FCF MARGIN EXPANSION",
      "detail": "FCF margin: +13.9% -> +19.9% (+6.1%)",
      "severity": "MEDIUM"
    },
    {
      "quarter": "2023-07 (Q3)",
      "signal": "INCREMENTAL MARGIN (YoY)",
      "detail": "YoY Incr OPM: +271.5% vs year-ago OPM: +14.6%",
      "severity": "HIGH"
    },
    {
      "quarter": "2023-04 (Q2)",
      "signal": "INCREMENTAL MARGIN (YoY)",
      "detail": "YoY Incr OPM: +144.3% vs year-ago OPM: +15.9%",
      "severity": "HIGH"
    },
    {
      "quarter": "2023-01 (Q1)",
      "signal": "INCREMENTAL MARGIN (YoY)",
      "detail": "YoY Incr OPM: +39.1% vs year-ago OPM: +15.7%",
      "severity": "HIGH"
    },
    {
      "quarter": "2022-10 (Q4)",
      "signal": "GROSS MARGIN INFLECTION",
      "detail": "GM: +34.4% -> +31.2% -> +33.4% (reversal +2.1%)",
      "severity": "MEDIUM"
    },
    {
      "quarter": "2022-07 (Q3)",
      "signal": "OPERATING LEVERAGE",
      "detail": "Rev growth +11.9% vs OpEx growth +0.8% (leverage: 14.1x)",
      "severity": "MEDIUM"
    },
    {
      "quarter": "2022-07 (Q3)",
      "signal": "YoY REVENUE GROWTH DECELERATION",
      "detail": "YoY growth: +2.1% vs prior quarter YoY: +8.9% (decel: -6.8%)",
      "severity": "WARNING"
    },
    {
      "quarter": "2022-04 (Q2)",
      "signal": "FCF TURNED POSITIVE",
      "detail": "FCF margin: -1.1% -> +9.7%",
      "severity": "HIGH"
    },
    {
      "quarter": "2021-07 (Q3)",
      "signal": "OPERATING LEVERAGE",
      "detail": "Rev growth +19.4% vs OpEx growth +10.5% (leverage: 1.9x)",
      "severity": "MEDIUM"
    },
    {
      "quarter": "2021-05 (Q2)",
      "signal": "OPERATING LEVERAGE",
      "detail": "Rev growth +6.2% vs OpEx growth +3.8% (leverage: 1.6x)",
      "severity": "MEDIUM"
    }
  ],
  "data_quality": {
    "n_quarters": 20,
    "coverage": {
      "revenue": [
        20,
        20
      ],
      "gross_profit": [
        20,
        20
      ],
      "op_income": [
        20,
        20
      ],
      "fcf": [
        20,
        20
      ]
    },
    "gaps": [],
    "warnings": []
  },
  "market_cap": null,
  "source": "SEC EDGAR",
  "last_updated": "2026-02-02T21:21:06.133316",
  "sector": "Consumer Defensive",
  "industry": "Beverages - Non-Alcoholic"
}