{
  "ticker": "FKWL",
  "name": "FRANKLIN WIRELESS CORP.",
  "sector": "Technology",
  "industry": "Communication Equipment",
  "quarters": [
    {
      "date": "2021-03-31T00:00:00",
      "quarter_label": "2021-03 (Q1)",
      "revenue": 44330954,
      "gross_profit": 7566096,
      "operating_income": 5229810,
      "net_income": 3938553,
      "opex": 2336286,
      "cogs": 36764858,
      "rd": 1199525,
      "sga": 1136761,
      "fcf": -16611215,
      "ocf": -16608487,
      "capex": -2728,
      "gross_margin": 0.1706729794265199,
      "op_margin": 0.11797197055583329,
      "fcf_margin": -0.37470917048164587
    },
    {
      "date": "2021-06-30T00:00:00",
      "quarter_label": "2021-06 (Q2)",
      "revenue": 10967363,
      "gross_profit": 1934239,
      "operating_income": -314577,
      "net_income": -16489,
      "opex": 2248816,
      "cogs": 9033124,
      "rd": 1238214,
      "sga": 1010602,
      "fcf": -8365910,
      "ocf": -8357608,
      "capex": -8302,
      "gross_margin": 0.17636317864193973,
      "op_margin": -0.0286830115862856,
      "fcf_margin": -0.7628005018161613,
      "fcf_margin_change": -0.38809133133451545
    },
    {
      "date": "2021-09-30T00:00:00",
      "quarter_label": "2021-09 (Q3)",
      "revenue": 3344060,
      "gross_profit": 492964,
      "operating_income": -1606753,
      "net_income": -1103605,
      "opex": 2099717,
      "cogs": 2851096,
      "rd": 1021902,
      "sga": 1077815,
      "fcf": -6374618,
      "ocf": -6368586,
      "capex": -6032,
      "gross_margin": 0.14741481911209728,
      "op_margin": -0.4804797162730334,
      "fcf_margin": -1.9062510840116504,
      "fcf_margin_change": -1.1434505821954892
    },
    {
      "date": "2021-12-31T00:00:00",
      "quarter_label": "2021-12 (Q4)",
      "revenue": 1821589,
      "gross_profit": 363980,
      "operating_income": -1767953,
      "net_income": -1185597,
      "opex": 2131933,
      "cogs": 1457609,
      "rd": 1107139,
      "sga": 1024794,
      "fcf": -2083842,
      "ocf": -2067250,
      "capex": -16592,
      "gross_margin": 0.19981455750995422,
      "op_margin": -0.9705553777498657,
      "fcf_margin": -1.1439693586204134,
      "fcf_margin_change": 0.7622817253912371
    },
    {
      "date": "2022-03-31T00:00:00",
      "quarter_label": "2022-03 (Q1)",
      "revenue": 6687287,
      "gross_profit": 1359330,
      "operating_income": -1081569,
      "net_income": -770818,
      "opex": 2440899,
      "cogs": 5327957,
      "rd": 1050180,
      "sga": 1390719,
      "fcf": 1122488,
      "ocf": 1139434,
      "capex": -16946,
      "gross_margin": 0.2032707733345376,
      "op_margin": -0.16173509526359495,
      "fcf_margin": 0.1678540191261419,
      "incr_op_margin_yoy": 0.16766111016761465,
      "rev_growth_yoy": -0.8491508439001787,
      "op_leverage_ratio": 18.43136996709617,
      "fcf_margin_change": 1.3118233777465553
    },
    {
      "date": "2022-06-30T00:00:00",
      "quarter_label": "2022-06 (Q2)",
      "revenue": 12144826,
      "gross_profit": 1600309,
      "operating_income": -518617,
      "net_income": -702828,
      "opex": 2118926,
      "cogs": 10544517,
      "rd": 1102910,
      "sga": 1016016,
      "fcf": -113468,
      "ocf": -110953,
      "capex": -2515,
      "gross_margin": 0.1317687877949013,
      "op_margin": -0.04270271142624851,
      "fcf_margin": -0.009342908659210104,
      "incr_op_margin_yoy": -0.17328782305686039,
      "rev_growth_yoy": 0.10736062989799827,
      "rev_growth_yoy_accel": 0.956511473798177,
      "op_leverage_ratio": null,
      "fcf_margin_change": -0.177196927785352
    },
    {
      "date": "2022-09-30T00:00:00",
      "quarter_label": "2022-09 (Q3)",
      "revenue": 8108940,
      "gross_profit": 1593862,
      "operating_income": -615893,
      "net_income": -1126991,
      "opex": 2209755,
      "cogs": 6515078,
      "rd": 970120,
      "sga": 1239635,
      "fcf": -1038814,
      "ocf": -1012140,
      "capex": -26674,
      "gross_margin": 0.19655614667268473,
      "op_margin": -0.07595234395617677,
      "fcf_margin": -0.1281072495295316,
      "incr_op_margin_yoy": 0.20795067241987206,
      "rev_growth_yoy": 1.4248787402139913,
      "rev_growth_yoy_accel": 1.317518110315993,
      "fcf_margin_change": -0.11876434087032149
    },
    {
      "date": "2022-12-31T00:00:00",
      "quarter_label": "2022-12 (Q4)",
      "revenue": 8983643,
      "gross_profit": 946042,
      "operating_income": -1366340,
      "net_income": -378324,
      "opex": 2312382,
      "cogs": 8037601,
      "rd": 976415,
      "sga": 1335967,
      "fcf": -6104859,
      "ocf": -6086050,
      "capex": -18809,
      "gross_margin": 0.10530716770468283,
      "op_margin": -0.15209197426923576,
      "fcf_margin": -0.6795527159750226,
      "incr_op_margin_yoy": 0.05607511476456335,
      "rev_growth_yoy": 3.931761775021698,
      "rev_growth_yoy_accel": 2.506883034807707,
      "op_leverage_ratio": 2.322624594683047,
      "fcf_margin_change": -0.5514454664454911
    },
    {
      "date": "2023-03-31T00:00:00",
      "quarter_label": "2023-03 (Q1)",
      "revenue": 11851971,
      "gross_profit": 2045510,
      "operating_income": -470595,
      "net_income": 247629,
      "opex": 2516105,
      "cogs": 9806461,
      "rd": 1052672,
      "sga": 1463433,
      "fcf": 144262,
      "ocf": 143991,
      "capex": 271,
      "gross_margin": 0.1725881711995414,
      "op_margin": -0.039706053955076336,
      "fcf_margin": 0.012171983883524522,
      "incr_op_margin_yoy": 0.118298428325915,
      "rev_growth_yoy": 0.7723137948169415,
      "rev_growth_yoy_accel": -3.1594479802047566,
      "op_leverage_ratio": 3.624063881347545,
      "fcf_margin_change": 0.6917246998585471
    },
    {
      "date": "2023-06-30T00:00:00",
      "quarter_label": "2023-06 (Q2)",
      "revenue": 17003962,
      "gross_profit": 2435328,
      "operating_income": 103253,
      "net_income": -1605335,
      "opex": 2332075,
      "cogs": 14568634,
      "rd": 919457,
      "sga": 1412618,
      "fcf": 5070191,
      "ocf": 5072085,
      "capex": -1894,
      "gross_margin": 0.14322120926875748,
      "op_margin": 0.006072290681430599,
      "fcf_margin": 0.298177036622406,
      "incr_op_margin_yoy": 0.12797954204204204,
      "rev_growth_yoy": 0.4000992686103531,
      "rev_growth_yoy_accel": -0.3722145262065884,
      "op_leverage_ratio": null,
      "fcf_margin_change": 0.2860050527388815
    },
    {
      "date": "2023-09-30T00:00:00",
      "quarter_label": "2023-09 (Q3)",
      "revenue": 9655546,
      "gross_profit": 1513160,
      "operating_income": -584517,
      "net_income": -257696,
      "opex": 2097677,
      "cogs": 8142386,
      "rd": 866955,
      "sga": 1230722,
      "fcf": -5225743,
      "ocf": -5223316,
      "capex": -2427,
      "gross_margin": 0.15671407914166635,
      "op_margin": -0.060536918367951435,
      "fcf_margin": -0.5412167266356558,
      "incr_op_margin_yoy": 0.020287002636741356,
      "rev_growth_yoy": 0.19072850458876253,
      "rev_growth_yoy_accel": -0.20937076402159058,
      "fcf_margin_change": -0.8393937632580618
    },
    {
      "date": "2023-12-31T00:00:00",
      "quarter_label": "2023-12 (Q4)",
      "revenue": 8847779,
      "gross_profit": 837075,
      "operating_income": -1555941,
      "net_income": -764615,
      "opex": 2393016,
      "cogs": 8010704,
      "rd": 852854,
      "sga": 1540162,
      "fcf": -983752,
      "ocf": -970218,
      "capex": -13534,
      "gross_margin": 0.09460848875180992,
      "op_margin": -0.17585667544363393,
      "fcf_margin": -0.11118632144858048,
      "rev_growth_yoy": -0.015123486095785418,
      "rev_growth_yoy_accel": -0.20585199068454796,
      "fcf_margin_change": 0.4300304051870753
    },
    {
      "date": "2024-03-31T00:00:00",
      "quarter_label": "2024-03 (Q1)",
      "revenue": 6176499,
      "gross_profit": 517449,
      "operating_income": -1555168,
      "net_income": -1175680,
      "opex": 2072617,
      "cogs": 5659050,
      "rd": 811470,
      "sga": 1261147,
      "fcf": -816037,
      "ocf": -778981,
      "capex": -37056,
      "gross_margin": 0.08377707176832701,
      "op_margin": -0.2517879465373507,
      "fcf_margin": -0.13211966844000136,
      "incr_op_margin_yoy": 0.1910982910320058,
      "rev_growth_yoy": -0.4788631359290366,
      "rev_growth_yoy_accel": -0.4637396498332512,
      "fcf_margin_change": -0.02093334699142088
    },
    {
      "date": "2024-06-30T00:00:00",
      "quarter_label": "2024-06 (Q2)",
      "revenue": 6116866,
      "gross_profit": 640666,
      "operating_income": -2244129,
      "net_income": -1766025,
      "opex": 2884795,
      "cogs": 5476200,
      "rd": 875471,
      "sga": 2009324,
      "fcf": 6197147,
      "ocf": 6199155,
      "capex": -2008,
      "gross_margin": 0.10473762217449262,
      "op_margin": -0.36687561898527776,
      "fcf_margin": 1.0131245314185402,
      "incr_op_margin_yoy": 0.21561139903606985,
      "rev_growth_yoy": -0.6402681916132252,
      "rev_growth_yoy_accel": -0.16140505568418861,
      "fcf_margin_change": 1.1452441998585416
    },
    {
      "date": "2024-09-30T00:00:00",
      "quarter_label": "2024-09 (Q3)",
      "revenue": 13322912,
      "gross_profit": 2071502,
      "operating_income": -372783,
      "net_income": 515187,
      "opex": 2444285,
      "cogs": 11251410,
      "rd": 1024312,
      "sga": 1419973,
      "fcf": 2649356,
      "ocf": 2670900,
      "capex": -21544,
      "gross_margin": 0.15548417643229948,
      "op_margin": -0.02798059463276497,
      "fcf_margin": 0.19885712673025235,
      "incr_op_margin_yoy": 0.05773462479610707,
      "rev_growth_yoy": 0.37981963940723806,
      "rev_growth_yoy_accel": 1.0200878310204633,
      "op_leverage_ratio": null,
      "fcf_margin_change": -0.8142674046882878
    },
    {
      "date": "2024-12-31T00:00:00",
      "quarter_label": "2024-12 (Q4)",
      "revenue": 17827098,
      "gross_profit": 3242062,
      "operating_income": 795231,
      "net_income": 228740,
      "opex": 2446831,
      "cogs": 14585036,
      "rd": 927238,
      "sga": 1519593,
      "fcf": 2738402,
      "ocf": 2741642,
      "capex": -3240,
      "gross_margin": 0.18186145608219575,
      "op_margin": 0.044607989477591925,
      "fcf_margin": 0.15360896092005552,
      "incr_op_margin_yoy": 0.261843019498472,
      "rev_growth_yoy": 1.014867007867172,
      "rev_growth_yoy_accel": 0.6350473684599339,
      "op_leverage_ratio": 324.57166273545494,
      "fcf_margin_change": -0.04524816581019683
    },
    {
      "date": "2025-03-31T00:00:00",
      "quarter_label": "2025-03 (Q1)",
      "revenue": 8009619,
      "gross_profit": 1353880,
      "operating_income": -1966553,
      "net_income": -644786,
      "opex": 3320433,
      "cogs": 6655739,
      "rd": 794213,
      "sga": 2526220,
      "fcf": -5903671,
      "ocf": -5902772,
      "capex": -899,
      "gross_margin": 0.16903176043704451,
      "op_margin": -0.2455239131848843,
      "fcf_margin": -0.7370726372877412,
      "incr_op_margin_yoy": -0.22441793226848214,
      "rev_growth_yoy": 0.29678949191119436,
      "rev_growth_yoy_accel": -0.7180775159559776,
      "fcf_margin_change": -0.8906815982077967
    },
    {
      "date": "2025-06-30T00:00:00",
      "quarter_label": "2025-06 (Q2)",
      "revenue": 6927272,
      "gross_profit": 1247625,
      "operating_income": -1319564,
      "net_income": -342242,
      "opex": 2567189,
      "cogs": 5679647,
      "rd": 1356897,
      "sga": 1210292,
      "fcf": 2327508,
      "ocf": 2334590,
      "capex": -7082,
      "gross_margin": 0.1801033653651827,
      "op_margin": -0.19048826146858389,
      "fcf_margin": 0.33599200377868804,
      "rev_growth_yoy": 0.1324871265775644,
      "rev_growth_yoy_accel": -0.16430236533362996,
      "fcf_margin_change": 1.0730646410664293
    },
    {
      "date": "2025-09-30T00:00:00",
      "quarter_label": "2025-09 (Q3)",
      "revenue": 12744960,
      "gross_profit": 2909770,
      "operating_income": 590380,
      "net_income": 640478,
      "opex": 2319390,
      "cogs": 9835190,
      "rd": 949752,
      "sga": 1369638,
      "fcf": -1489812,
      "ocf": -1488908,
      "capex": -904,
      "gross_margin": 0.228307503515115,
      "op_margin": 0.046322624786582306,
      "fcf_margin": -0.11689420759264839,
      "rev_growth_yoy": -0.043380306047206496,
      "rev_growth_yoy_accel": -0.1758674326247709,
      "op_leverage_ratio": null,
      "fcf_margin_change": -0.45288621137133644
    },
    {
      "date": "2025-12-31T00:00:00",
      "quarter_label": "2025-12 (Q4)",
      "revenue": 11928864,
      "gross_profit": 2034060,
      "operating_income": 48717,
      "net_income": 533622,
      "opex": 1985343,
      "cogs": 9894804,
      "rd": 776818,
      "sga": 1208525,
      "fcf": -4091804,
      "ocf": -4085780,
      "capex": -6024,
      "gross_margin": 0.1705158177677271,
      "op_margin": 0.0040839597131797295,
      "fcf_margin": -0.34301707186870434,
      "incr_op_margin_yoy": 0.12656568050708059,
      "rev_growth_yoy": -0.330857776178714,
      "rev_growth_yoy_accel": -0.2874774701315075,
      "fcf_margin_change": -0.22612286427605593
    }
  ],
  "signals": [
    {
      "quarter": "2025-12 (Q4)",
      "signal": "YoY REVENUE GROWTH DECELERATION",
      "detail": "YoY growth: -33.1% vs prior quarter YoY: -4.3% (decel: -28.7%)",
      "severity": "WARNING"
    },
    {
      "quarter": "2025-09 (Q3)",
      "signal": "YoY REVENUE GROWTH DECELERATION",
      "detail": "YoY growth: -4.3% vs prior quarter YoY: +13.2% (decel: -17.6%)",
      "severity": "WARNING"
    },
    {
      "quarter": "2025-09 (Q3)",
      "signal": "OP MARGIN TURNED POSITIVE (YoY)",
      "detail": "Op margin: -2.8% (year-ago) -> +4.6%",
      "severity": "HIGH"
    },
    {
      "quarter": "2025-09 (Q3)",
      "signal": "OP MARGIN TURNED POSITIVE (QoQ)",
      "detail": "Op margin: -19.0% -> +4.6%",
      "severity": "HIGH"
    },
    {
      "quarter": "2025-06 (Q2)",
      "signal": "FCF TURNED POSITIVE",
      "detail": "FCF margin: -73.7% -> +33.6%",
      "severity": "HIGH"
    },
    {
      "quarter": "2025-06 (Q2)",
      "signal": "YoY REVENUE GROWTH DECELERATION",
      "detail": "YoY growth: +13.2% vs prior quarter YoY: +29.7% (decel: -16.4%)",
      "severity": "WARNING"
    },
    {
      "quarter": "2025-03 (Q1)",
      "signal": "YoY REVENUE GROWTH DECELERATION",
      "detail": "YoY growth: +29.7% vs prior quarter YoY: +101.5% (decel: -71.8%)",
      "severity": "WARNING"
    },
    {
      "quarter": "2024-12 (Q4)",
      "signal": "OPERATING LEVERAGE",
      "detail": "Rev growth +33.8% vs OpEx growth +0.1% (leverage: 324.6x)",
      "severity": "MEDIUM"
    },
    {
      "quarter": "2024-12 (Q4)",
      "signal": "YoY REVENUE GROWTH ACCELERATION",
      "detail": "YoY growth: +101.5% vs prior quarter YoY: +38.0% (accel: +63.5%)",
      "severity": "HIGH"
    },
    {
      "quarter": "2024-12 (Q4)",
      "signal": "OP MARGIN TURNED POSITIVE (YoY)",
      "detail": "Op margin: -17.6% (year-ago) -> +4.5%",
      "severity": "HIGH"
    },
    {
      "quarter": "2024-12 (Q4)",
      "signal": "OP MARGIN TURNED POSITIVE (QoQ)",
      "detail": "Op margin: -2.8% -> +4.5%",
      "severity": "HIGH"
    },
    {
      "quarter": "2024-09 (Q3)",
      "signal": "YoY REVENUE GROWTH ACCELERATION",
      "detail": "YoY growth: +38.0% vs prior quarter YoY: -64.0% (accel: +102.0%)",
      "severity": "HIGH"
    },
    {
      "quarter": "2024-06 (Q2)",
      "signal": "FCF TURNED POSITIVE",
      "detail": "FCF margin: -13.2% -> +101.3%",
      "severity": "HIGH"
    },
    {
      "quarter": "2024-06 (Q2)",
      "signal": "GROSS MARGIN INFLECTION",
      "detail": "GM: +9.5% -> +8.4% -> +10.5% (reversal +2.1%)",
      "severity": "MEDIUM"
    },
    {
      "quarter": "2024-06 (Q2)",
      "signal": "YoY REVENUE GROWTH DECELERATION",
      "detail": "YoY growth: -64.0% vs prior quarter YoY: -47.9% (decel: -16.1%)",
      "severity": "WARNING"
    },
    {
      "quarter": "2024-03 (Q1)",
      "signal": "YoY REVENUE GROWTH DECELERATION",
      "detail": "YoY growth: -47.9% vs prior quarter YoY: -1.5% (decel: -46.4%)",
      "severity": "WARNING"
    },
    {
      "quarter": "2023-12 (Q4)",
      "signal": "FCF MARGIN EXPANSION",
      "detail": "FCF margin: -54.1% -> -11.1% (+43.0%)",
      "severity": "MEDIUM"
    },
    {
      "quarter": "2023-12 (Q4)",
      "signal": "YoY REVENUE GROWTH DECELERATION",
      "detail": "YoY growth: -1.5% vs prior quarter YoY: +19.1% (decel: -20.6%)",
      "severity": "WARNING"
    },
    {
      "quarter": "2023-09 (Q3)",
      "signal": "YoY REVENUE GROWTH DECELERATION",
      "detail": "YoY growth: +19.1% vs prior quarter YoY: +40.0% (decel: -20.9%)",
      "severity": "WARNING"
    },
    {
      "quarter": "2023-06 (Q2)",
      "signal": "FCF MARGIN EXPANSION",
      "detail": "FCF margin: +1.2% -> +29.8% (+28.6%)",
      "severity": "MEDIUM"
    },
    {
      "quarter": "2023-06 (Q2)",
      "signal": "YoY REVENUE GROWTH DECELERATION",
      "detail": "YoY growth: +40.0% vs prior quarter YoY: +77.2% (decel: -37.2%)",
      "severity": "WARNING"
    },
    {
      "quarter": "2023-06 (Q2)",
      "signal": "OP MARGIN TURNED POSITIVE (YoY)",
      "detail": "Op margin: -4.3% (year-ago) -> +0.6%",
      "severity": "HIGH"
    },
    {
      "quarter": "2023-06 (Q2)",
      "signal": "OP MARGIN TURNED POSITIVE (QoQ)",
      "detail": "Op margin: -4.0% -> +0.6%",
      "severity": "HIGH"
    },
    {
      "quarter": "2023-03 (Q1)",
      "signal": "FCF TURNED POSITIVE",
      "detail": "FCF margin: -68.0% -> +1.2%",
      "severity": "HIGH"
    },
    {
      "quarter": "2023-03 (Q1)",
      "signal": "OPERATING LEVERAGE",
      "detail": "Rev growth +31.9% vs OpEx growth +8.8% (leverage: 3.6x)",
      "severity": "MEDIUM"
    },
    {
      "quarter": "2023-03 (Q1)",
      "signal": "GROSS MARGIN INFLECTION",
      "detail": "GM: +19.7% -> +10.5% -> +17.3% (reversal +6.7%)",
      "severity": "HIGH"
    },
    {
      "quarter": "2023-03 (Q1)",
      "signal": "YoY REVENUE GROWTH DECELERATION",
      "detail": "YoY growth: +77.2% vs prior quarter YoY: +393.2% (decel: -315.9%)",
      "severity": "WARNING"
    },
    {
      "quarter": "2022-12 (Q4)",
      "signal": "OPERATING LEVERAGE",
      "detail": "Rev growth +10.8% vs OpEx growth +4.6% (leverage: 2.3x)",
      "severity": "MEDIUM"
    },
    {
      "quarter": "2022-12 (Q4)",
      "signal": "YoY REVENUE GROWTH ACCELERATION",
      "detail": "YoY growth: +393.2% vs prior quarter YoY: +142.5% (accel: +250.7%)",
      "severity": "HIGH"
    },
    {
      "quarter": "2022-09 (Q3)",
      "signal": "GROSS MARGIN INFLECTION",
      "detail": "GM: +20.3% -> +13.2% -> +19.7% (reversal +6.5%)",
      "severity": "HIGH"
    },
    {
      "quarter": "2022-09 (Q3)",
      "signal": "YoY REVENUE GROWTH ACCELERATION",
      "detail": "YoY growth: +142.5% vs prior quarter YoY: +10.7% (accel: +131.8%)",
      "severity": "HIGH"
    },
    {
      "quarter": "2022-06 (Q2)",
      "signal": "YoY REVENUE GROWTH ACCELERATION",
      "detail": "YoY growth: +10.7% vs prior quarter YoY: -84.9% (accel: +95.7%)",
      "severity": "HIGH"
    },
    {
      "quarter": "2022-03 (Q1)",
      "signal": "FCF TURNED POSITIVE",
      "detail": "FCF margin: -114.4% -> +16.8%",
      "severity": "HIGH"
    },
    {
      "quarter": "2022-03 (Q1)",
      "signal": "OPERATING LEVERAGE",
      "detail": "Rev growth +267.1% vs OpEx growth +14.5% (leverage: 18.4x)",
      "severity": "MEDIUM"
    },
    {
      "quarter": "2021-12 (Q4)",
      "signal": "FCF MARGIN EXPANSION",
      "detail": "FCF margin: -190.6% -> -114.4% (+76.2%)",
      "severity": "MEDIUM"
    },
    {
      "quarter": "2021-12 (Q4)",
      "signal": "GROSS MARGIN INFLECTION",
      "detail": "GM: +17.6% -> +14.7% -> +20.0% (reversal +5.2%)",
      "severity": "HIGH"
    }
  ],
  "data_quality": {
    "n_quarters": 20,
    "coverage": {
      "revenue": [
        20,
        20
      ],
      "gross_profit": [
        20,
        20
      ],
      "op_income": [
        20,
        20
      ],
      "fcf": [
        20,
        20
      ]
    },
    "gaps": [],
    "warnings": []
  },
  "market_cap": null,
  "source": "SEC EDGAR",
  "last_updated": "2026-02-24T10:33:16.416325"
}