{
  "ticker": "FLGC",
  "name": "ZeroStack Corp.",
  "quarters": [
    {
      "date": "2022-03-31T00:00:00",
      "quarter_label": "2022-03 (Q1)",
      "revenue": 4946000,
      "gross_profit": 2670000,
      "operating_income": -7662000,
      "net_income": -7630000,
      "opex": 10332000,
      "cogs": 2276000,
      "rd": 210000,
      "sga": null,
      "fcf": -6748000,
      "ocf": -6561000,
      "capex": -187000,
      "gross_margin": 0.5398301657905378,
      "op_margin": -1.5491306105944198,
      "fcf_margin": -1.3643348160129398
    },
    {
      "date": "2022-06-30T00:00:00",
      "quarter_label": "2022-06 (Q2)",
      "revenue": 8943000,
      "gross_profit": 3319000,
      "operating_income": -21520000,
      "net_income": -24672000,
      "opex": 24839000,
      "cogs": 5624000,
      "rd": 111000,
      "sga": null,
      "fcf": -4963000,
      "ocf": -4427000,
      "capex": -536000,
      "gross_margin": 0.3711282567371128,
      "op_margin": -2.4063513362406352,
      "fcf_margin": -0.5549591859554959,
      "op_leverage_ratio": 0.5755549888474996,
      "fcf_margin_change": 0.809375630057444
    },
    {
      "date": "2022-09-30T00:00:00",
      "quarter_label": "2022-09 (Q3)",
      "revenue": 9707000,
      "gross_profit": 4683000,
      "operating_income": -4374000,
      "net_income": -7381000,
      "opex": 9057000,
      "cogs": 5024000,
      "rd": 79000,
      "sga": null,
      "fcf": -4210000,
      "ocf": -3984000,
      "capex": -226000,
      "gross_margin": 0.48243535592871123,
      "op_margin": -0.45060265787575976,
      "fcf_margin": -0.4337076336664263,
      "op_leverage_ratio": Infinity,
      "fcf_margin_change": 0.12125155228906959
    },
    {
      "date": "2022-12-31T00:00:00",
      "quarter_label": "2022-12 (Q4)",
      "revenue": 14320000,
      "gross_profit": 4184000,
      "operating_income": -21117000,
      "net_income": -13051000,
      "opex": 25301000,
      "cogs": 10136000,
      "rd": 117000,
      "sga": null,
      "fcf": -1308000,
      "ocf": -963000,
      "capex": -345000,
      "gross_margin": 0.29217877094972067,
      "op_margin": -1.4746508379888268,
      "fcf_margin": -0.09134078212290503,
      "op_leverage_ratio": 0.26496579399655407,
      "fcf_margin_change": 0.34236685154352126
    },
    {
      "date": "2023-03-31T00:00:00",
      "quarter_label": "2023-03 (Q1)",
      "revenue": 20107000,
      "gross_profit": 5477000,
      "operating_income": -3077000,
      "net_income": -3905000,
      "opex": 8554000,
      "cogs": 14630000,
      "rd": 16000,
      "sga": null,
      "fcf": -4426000,
      "ocf": -4324000,
      "capex": -102000,
      "gross_margin": 0.27239269906002883,
      "op_margin": -0.1530312826378873,
      "fcf_margin": -0.2201223454518327,
      "incr_op_margin_yoy": 0.3024206846514082,
      "rev_growth_yoy": 3.0653052972098664,
      "op_leverage_ratio": Infinity,
      "fcf_margin_change": -0.12878156332892768
    },
    {
      "date": "2023-06-30T00:00:00",
      "quarter_label": "2023-06 (Q2)",
      "revenue": 21460000,
      "gross_profit": 3960000,
      "operating_income": -40061000,
      "net_income": -44556000,
      "opex": 44021000,
      "cogs": 17500000,
      "rd": 13000,
      "sga": null,
      "fcf": -3552000,
      "ocf": -3459000,
      "capex": -93000,
      "gross_margin": 0.18452935694315004,
      "op_margin": -1.866775396085741,
      "fcf_margin": -0.16551724137931034,
      "incr_op_margin_yoy": -1.48126547894863,
      "rev_growth_yoy": 1.3996421782399642,
      "rev_growth_yoy_accel": -1.6656631189699023,
      "op_leverage_ratio": 0.0162291326370226,
      "fcf_margin_change": 0.054605104072522365
    },
    {
      "date": "2023-09-30T00:00:00",
      "quarter_label": "2023-09 (Q3)",
      "revenue": 17317000,
      "gross_profit": 4942000,
      "operating_income": -540000,
      "net_income": 1237000,
      "opex": 5482000,
      "cogs": 12375000,
      "rd": 8000,
      "sga": null,
      "fcf": 512000,
      "ocf": 518000,
      "capex": -6000,
      "gross_margin": 0.285384304440723,
      "op_margin": -0.031183230351677544,
      "fcf_margin": 0.02956632211122019,
      "incr_op_margin_yoy": 0.5038107752956636,
      "rev_growth_yoy": 0.7839703306891934,
      "rev_growth_yoy_accel": -0.6156718475507708,
      "fcf_margin_change": 0.19508356349053052
    },
    {
      "date": "2023-12-31T00:00:00",
      "quarter_label": "2023-12 (Q4)",
      "revenue": 17975000,
      "gross_profit": 3490000,
      "operating_income": -7383000,
      "net_income": -10107000,
      "opex": 10873000,
      "cogs": 14485000,
      "rd": 25000,
      "sga": null,
      "fcf": -1093000,
      "ocf": -1131000,
      "capex": 38000,
      "gross_margin": 0.19415855354659248,
      "op_margin": -0.4107371349095967,
      "fcf_margin": -0.06080667593880389,
      "incr_op_margin_yoy": 3.757592339261286,
      "rev_growth_yoy": 0.25523743016759776,
      "rev_growth_yoy_accel": -0.5287329005215957,
      "op_leverage_ratio": 0.03863873824770906,
      "fcf_margin_change": -0.09037299805002408
    },
    {
      "date": "2024-03-31T00:00:00",
      "quarter_label": "2024-03 (Q1)",
      "revenue": 18031000,
      "gross_profit": 3854000,
      "operating_income": -2485000,
      "net_income": -3374000,
      "opex": 6339000,
      "cogs": 14177000,
      "rd": 47000,
      "sga": null,
      "fcf": -1428000,
      "ocf": -1340000,
      "capex": -88000,
      "gross_margin": 0.21374299816981865,
      "op_margin": -0.13781820198546946,
      "fcf_margin": -0.07919693860573457,
      "incr_op_margin_yoy": -0.28516377649325625,
      "rev_growth_yoy": -0.10324762520515243,
      "rev_growth_yoy_accel": -0.3584850553727502,
      "fcf_margin_change": -0.018390262666930675
    },
    {
      "date": "2024-06-30T00:00:00",
      "quarter_label": "2024-06 (Q2)",
      "revenue": 15683000,
      "gross_profit": 3167000,
      "operating_income": -3538000,
      "net_income": -2630000,
      "opex": 6705000,
      "cogs": 12516000,
      "rd": 62000,
      "sga": null,
      "fcf": -291000,
      "ocf": -265000,
      "capex": -26000,
      "gross_margin": 0.20193840464196902,
      "op_margin": -0.22559459287126188,
      "fcf_margin": -0.018555123382005993,
      "incr_op_margin_yoy": -6.322139518781374,
      "rev_growth_yoy": -0.26919850885368124,
      "rev_growth_yoy_accel": -0.1659508836485288,
      "fcf_margin_change": 0.06064181522372858
    },
    {
      "date": "2024-09-30T00:00:00",
      "quarter_label": "2024-09 (Q3)",
      "revenue": 12465000,
      "gross_profit": 2839000,
      "operating_income": -3692000,
      "net_income": -3773000,
      "opex": 6531000,
      "cogs": 9626000,
      "rd": 118000,
      "sga": null,
      "fcf": -2101000,
      "ocf": -2081000,
      "capex": -20000,
      "gross_margin": 0.2277577216205375,
      "op_margin": -0.29618933012434817,
      "fcf_margin": -0.1685519454472523,
      "incr_op_margin_yoy": 0.6496290189612531,
      "rev_growth_yoy": -0.28018709938211006,
      "rev_growth_yoy_accel": -0.010988590528428821,
      "fcf_margin_change": -0.1499968220652463
    },
    {
      "date": "2024-12-31T00:00:00",
      "quarter_label": "2024-12 (Q4)",
      "revenue": 13326000,
      "gross_profit": 2637000,
      "operating_income": -5930000,
      "net_income": -6130000,
      "opex": 8567000,
      "cogs": 10689000,
      "rd": 191000,
      "sga": null,
      "fcf": -1346000,
      "ocf": -1346000,
      "capex": null,
      "gross_margin": 0.19788383610986043,
      "op_margin": -0.444994747110911,
      "fcf_margin": -0.1010055530541798,
      "incr_op_margin_yoy": -0.31254033125403313,
      "rev_growth_yoy": -0.25863699582753824,
      "rev_growth_yoy_accel": 0.02155010355457182,
      "op_leverage_ratio": 0.2215709290532154,
      "fcf_margin_change": 0.0675463923930725
    },
    {
      "date": "2025-03-31T00:00:00",
      "quarter_label": "2025-03 (Q1)",
      "revenue": 11786000,
      "gross_profit": 2888000,
      "operating_income": -977000,
      "net_income": null,
      "opex": 3865000,
      "cogs": 8898000,
      "rd": 113000,
      "sga": null,
      "fcf": -2752000,
      "ocf": -2728000,
      "capex": -24000,
      "gross_margin": 0.2450364839640251,
      "op_margin": -0.08289496012217885,
      "fcf_margin": -0.23349736976073307,
      "incr_op_margin_yoy": -0.24147317854283426,
      "rev_growth_yoy": -0.34634795629748766,
      "rev_growth_yoy_accel": -0.08771096046994942,
      "fcf_margin_change": -0.13249181670655327
    },
    {
      "date": "2025-06-30T00:00:00",
      "quarter_label": "2025-06 (Q2)",
      "revenue": 14796000,
      "gross_profit": 2830000,
      "operating_income": -2566000,
      "net_income": -2412000,
      "opex": 5396000,
      "cogs": 11966000,
      "rd": 73000,
      "sga": null,
      "fcf": -2953000,
      "ocf": -2888000,
      "capex": -65000,
      "gross_margin": 0.19126791024601245,
      "op_margin": -0.17342525006758583,
      "fcf_margin": -0.199580967829143,
      "rev_growth_yoy": -0.056558056494293185,
      "rev_growth_yoy_accel": 0.2897898998031945,
      "op_leverage_ratio": 0.6447247855646465,
      "fcf_margin_change": 0.03391640193159007
    },
    {
      "date": "2025-09-30T00:00:00",
      "quarter_label": "2025-09 (Q3)",
      "revenue": 9748000,
      "gross_profit": 335000,
      "operating_income": -3266000,
      "net_income": -6659000,
      "opex": 3601000,
      "cogs": 9413000,
      "rd": null,
      "sga": null,
      "fcf": 91000,
      "ocf": 100000,
      "capex": -9000,
      "gross_margin": 0.03436602379975379,
      "op_margin": -0.3350430857611818,
      "fcf_margin": 0.009335248256052524,
      "incr_op_margin_yoy": -0.15679057784320943,
      "rev_growth_yoy": -0.2179703168872844,
      "rev_growth_yoy_accel": -0.16141226039299122,
      "fcf_margin_change": 0.20891621608519553
    }
  ],
  "signals": [
    {
      "quarter": "2025-09 (Q3)",
      "signal": "FCF TURNED POSITIVE",
      "detail": "FCF margin: -20.0% -> +0.9%",
      "severity": "HIGH"
    },
    {
      "quarter": "2025-09 (Q3)",
      "signal": "YoY REVENUE GROWTH DECELERATION",
      "detail": "YoY growth: -21.8% vs prior quarter YoY: -5.7% (decel: -16.1%)",
      "severity": "WARNING"
    },
    {
      "quarter": "2025-06 (Q2)",
      "signal": "YoY REVENUE GROWTH ACCELERATION",
      "detail": "YoY growth: -5.7% vs prior quarter YoY: -34.6% (accel: +29.0%)",
      "severity": "HIGH"
    },
    {
      "quarter": "2025-03 (Q1)",
      "signal": "GROSS MARGIN INFLECTION",
      "detail": "GM: +22.8% -> +19.8% -> +24.5% (reversal +4.7%)",
      "severity": "MEDIUM"
    },
    {
      "quarter": "2025-03 (Q1)",
      "signal": "YoY REVENUE GROWTH DECELERATION",
      "detail": "YoY growth: -34.6% vs prior quarter YoY: -25.9% (decel: -8.8%)",
      "severity": "WARNING"
    },
    {
      "quarter": "2024-12 (Q4)",
      "signal": "FCF MARGIN EXPANSION",
      "detail": "FCF margin: -16.9% -> -10.1% (+6.8%)",
      "severity": "MEDIUM"
    },
    {
      "quarter": "2024-09 (Q3)",
      "signal": "GROSS MARGIN INFLECTION",
      "detail": "GM: +21.4% -> +20.2% -> +22.8% (reversal +2.6%)",
      "severity": "MEDIUM"
    },
    {
      "quarter": "2024-06 (Q2)",
      "signal": "FCF MARGIN EXPANSION",
      "detail": "FCF margin: -7.9% -> -1.9% (+6.1%)",
      "severity": "MEDIUM"
    },
    {
      "quarter": "2024-06 (Q2)",
      "signal": "YoY REVENUE GROWTH DECELERATION",
      "detail": "YoY growth: -26.9% vs prior quarter YoY: -10.3% (decel: -16.6%)",
      "severity": "WARNING"
    },
    {
      "quarter": "2024-03 (Q1)",
      "signal": "YoY REVENUE GROWTH DECELERATION",
      "detail": "YoY growth: -10.3% vs prior quarter YoY: +25.5% (decel: -35.8%)",
      "severity": "WARNING"
    },
    {
      "quarter": "2023-12 (Q4)",
      "signal": "YoY REVENUE GROWTH DECELERATION",
      "detail": "YoY growth: +25.5% vs prior quarter YoY: +78.4% (decel: -52.9%)",
      "severity": "WARNING"
    },
    {
      "quarter": "2023-09 (Q3)",
      "signal": "FCF TURNED POSITIVE",
      "detail": "FCF margin: -16.6% -> +3.0%",
      "severity": "HIGH"
    },
    {
      "quarter": "2023-09 (Q3)",
      "signal": "GROSS MARGIN INFLECTION",
      "detail": "GM: +27.2% -> +18.5% -> +28.5% (reversal +10.1%)",
      "severity": "HIGH"
    },
    {
      "quarter": "2023-09 (Q3)",
      "signal": "YoY REVENUE GROWTH DECELERATION",
      "detail": "YoY growth: +78.4% vs prior quarter YoY: +140.0% (decel: -61.6%)",
      "severity": "WARNING"
    },
    {
      "quarter": "2023-06 (Q2)",
      "signal": "FCF MARGIN EXPANSION",
      "detail": "FCF margin: -22.0% -> -16.6% (+5.5%)",
      "severity": "MEDIUM"
    },
    {
      "quarter": "2023-06 (Q2)",
      "signal": "YoY REVENUE GROWTH DECELERATION",
      "detail": "YoY growth: +140.0% vs prior quarter YoY: +306.5% (decel: -166.6%)",
      "severity": "WARNING"
    },
    {
      "quarter": "2022-12 (Q4)",
      "signal": "FCF MARGIN EXPANSION",
      "detail": "FCF margin: -43.4% -> -9.1% (+34.2%)",
      "severity": "MEDIUM"
    },
    {
      "quarter": "2022-09 (Q3)",
      "signal": "FCF MARGIN EXPANSION",
      "detail": "FCF margin: -55.5% -> -43.4% (+12.1%)",
      "severity": "MEDIUM"
    },
    {
      "quarter": "2022-09 (Q3)",
      "signal": "GROSS MARGIN INFLECTION",
      "detail": "GM: +54.0% -> +37.1% -> +48.2% (reversal +11.1%)",
      "severity": "HIGH"
    },
    {
      "quarter": "2022-06 (Q2)",
      "signal": "FCF MARGIN EXPANSION",
      "detail": "FCF margin: -136.4% -> -55.5% (+80.9%)",
      "severity": "MEDIUM"
    }
  ],
  "data_quality": {
    "n_quarters": 15,
    "coverage": {
      "revenue": [
        15,
        15
      ],
      "gross_profit": [
        15,
        15
      ],
      "op_income": [
        15,
        15
      ],
      "fcf": [
        15,
        15
      ]
    },
    "gaps": [],
    "warnings": []
  },
  "market_cap": null,
  "source": "SEC EDGAR",
  "last_updated": "2026-02-03T00:08:06.030335",
  "sector": "Financial Services",
  "industry": "Asset Management"
}