{
  "ticker": "FLGT",
  "name": "FULGENT GENETICS, INC.",
  "quarters": [
    {
      "date": "2020-12-31T00:00:00",
      "quarter_label": "2020-12 (Q4)",
      "revenue": 294978000,
      "gross_profit": 243206000,
      "operating_income": 225909000,
      "net_income": 166307000,
      "opex": 17297000,
      "cogs": 51772000,
      "rd": 4576000,
      "sga": null,
      "fcf": 110462000,
      "ocf": 134256000,
      "capex": -23794000,
      "gross_margin": 0.8244886059299338,
      "op_margin": 0.7658503346012245,
      "fcf_margin": 0.3744753846049536
    },
    {
      "date": "2021-03-31T00:00:00",
      "quarter_label": "2021-03 (Q1)",
      "revenue": 359429000,
      "gross_profit": 285354000,
      "operating_income": 266922000,
      "net_income": 200691000,
      "opex": 18432000,
      "cogs": 74075000,
      "rd": 5422000,
      "sga": null,
      "fcf": 221687000,
      "ocf": 233179000,
      "capex": -11492000,
      "gross_margin": 0.793909228248138,
      "op_margin": 0.7426278903483025,
      "fcf_margin": 0.6167754966905842,
      "op_leverage_ratio": 3.3297755289926343,
      "fcf_margin_change": 0.24230011208563057
    },
    {
      "date": "2021-06-30T00:00:00",
      "quarter_label": "2021-06 (Q2)",
      "revenue": 153616000,
      "gross_profit": 117758000,
      "operating_income": 98898000,
      "net_income": 79812000,
      "opex": 18860000,
      "cogs": 35858000,
      "rd": 5312000,
      "sga": null,
      "fcf": 73176000,
      "ocf": 76111000,
      "capex": -2935000,
      "gross_margin": 0.766573794396417,
      "op_margin": 0.6438001249869805,
      "fcf_margin": 0.4763566295177586,
      "fcf_margin_change": -0.1404188671728256
    },
    {
      "date": "2021-09-30T00:00:00",
      "quarter_label": "2021-09 (Q3)",
      "revenue": 227868000,
      "gross_profit": 184402000,
      "operating_income": 159273000,
      "net_income": 122522000,
      "opex": 25129000,
      "cogs": 43466000,
      "rd": 6021000,
      "sga": null,
      "fcf": 148799000,
      "ocf": 152201000,
      "capex": -3402000,
      "gross_margin": 0.809249214457493,
      "op_margin": 0.6989704565801254,
      "fcf_margin": 0.6530052486527288,
      "op_leverage_ratio": 1.4541698039542958,
      "fcf_margin_change": 0.1766486191349702
    },
    {
      "date": "2021-12-31T00:00:00",
      "quarter_label": "2021-12 (Q4)",
      "revenue": 251671000,
      "gross_profit": 189537000,
      "operating_income": 150860000,
      "net_income": 104339000,
      "opex": 38677000,
      "cogs": 62134000,
      "rd": 7464000,
      "sga": null,
      "fcf": 71103000,
      "ocf": 77086000,
      "capex": -5983000,
      "gross_margin": 0.7531141847888712,
      "op_margin": 0.5994333872396899,
      "fcf_margin": 0.2825236121762142,
      "incr_op_margin_yoy": 1.732953102269841,
      "rev_growth_yoy": -0.14681433869644517,
      "op_leverage_ratio": 0.19375297267161062,
      "fcf_margin_change": -0.3704816364765146
    },
    {
      "date": "2022-03-31T00:00:00",
      "quarter_label": "2022-03 (Q1)",
      "revenue": 320268000,
      "gross_profit": 242543000,
      "operating_income": 201933000,
      "net_income": 153979000,
      "opex": 40610000,
      "cogs": 77725000,
      "rd": 5989000,
      "sga": null,
      "fcf": 183051000,
      "ocf": 188411000,
      "capex": -5360000,
      "gross_margin": 0.7573126256759963,
      "op_margin": 0.6305125707220203,
      "fcf_margin": 0.5715556971036757,
      "incr_op_margin_yoy": 1.6595337197722224,
      "rev_growth_yoy": -0.10895336770266172,
      "rev_growth_yoy_accel": 0.03786097099378345,
      "op_leverage_ratio": 5.453720470502425,
      "fcf_margin_change": 0.2890320849274615
    },
    {
      "date": "2022-06-30T00:00:00",
      "quarter_label": "2022-06 (Q2)",
      "revenue": 125341000,
      "gross_profit": 65276000,
      "operating_income": 12794000,
      "net_income": 11537000,
      "opex": 52482000,
      "cogs": 60065000,
      "rd": 6905000,
      "sga": null,
      "fcf": 7868000,
      "ocf": 11126000,
      "capex": -3258000,
      "gross_margin": 0.5207872922666964,
      "op_margin": 0.1020735433736766,
      "fcf_margin": 0.06277275592184521,
      "incr_op_margin_yoy": 3.045234305923961,
      "rev_growth_yoy": -0.18406285803562128,
      "rev_growth_yoy_accel": -0.07510949033295956,
      "fcf_margin_change": -0.5087829411818305
    },
    {
      "date": "2022-09-30T00:00:00",
      "quarter_label": "2022-09 (Q3)",
      "revenue": 105655000,
      "gross_profit": 46095000,
      "operating_income": 352000,
      "net_income": 1719000,
      "opex": 45743000,
      "cogs": 59560000,
      "rd": 7507000,
      "sga": null,
      "fcf": 15341000,
      "ocf": 20776000,
      "capex": -5435000,
      "gross_margin": 0.4362784534570063,
      "op_margin": 0.003331598125976054,
      "fcf_margin": 0.14519899673465525,
      "incr_op_margin_yoy": 1.3003608454092446,
      "rev_growth_yoy": -0.5363324380781856,
      "rev_growth_yoy_accel": -0.35226958004256437,
      "fcf_margin_change": 0.08242624081281004
    },
    {
      "date": "2022-12-31T00:00:00",
      "quarter_label": "2022-12 (Q4)",
      "revenue": 67704000,
      "gross_profit": 12987000,
      "operating_income": -36552000,
      "net_income": -23832000,
      "opex": 49539000,
      "cogs": 54717000,
      "rd": 8509000,
      "sga": null,
      "fcf": 28485000,
      "ocf": 33207000,
      "capex": -4722000,
      "gross_margin": 0.19182027649769584,
      "op_margin": -0.5398794753633464,
      "fcf_margin": 0.4207284650833038,
      "incr_op_margin_yoy": 1.0187261845874531,
      "rev_growth_yoy": -0.7309821155397325,
      "rev_growth_yoy_accel": -0.19464967746154682,
      "fcf_margin_change": 0.27552946834864855
    },
    {
      "date": "2023-03-31T00:00:00",
      "quarter_label": "2023-03 (Q1)",
      "revenue": 66168000,
      "gross_profit": 18811000,
      "operating_income": -24824000,
      "net_income": -15340000,
      "opex": 43635000,
      "cogs": 47357000,
      "rd": 9782000,
      "sga": null,
      "fcf": -9941000,
      "ocf": -7907000,
      "capex": -2034000,
      "gross_margin": 0.28429150042316526,
      "op_margin": -0.3751662435013904,
      "fcf_margin": -0.15023878612017894,
      "incr_op_margin_yoy": 0.8923927587563951,
      "rev_growth_yoy": -0.7933980291505864,
      "rev_growth_yoy_accel": -0.06241591361085397,
      "fcf_margin_change": -0.5709672512034827
    },
    {
      "date": "2023-06-30T00:00:00",
      "quarter_label": "2023-06 (Q2)",
      "revenue": 67853000,
      "gross_profit": 20572000,
      "operating_income": -19798000,
      "net_income": -11229000,
      "opex": 40370000,
      "cogs": 47281000,
      "rd": 9692000,
      "sga": null,
      "fcf": -2407000,
      "ocf": 9737000,
      "capex": -12144000,
      "gross_margin": 0.3031848260209571,
      "op_margin": -0.29177781380336903,
      "fcf_margin": -0.0354737447128351,
      "incr_op_margin_yoy": 0.5669357083217367,
      "rev_growth_yoy": -0.45865279517476326,
      "rev_growth_yoy_accel": 0.3347452339758232,
      "op_leverage_ratio": Infinity,
      "fcf_margin_change": 0.11476504140734384
    },
    {
      "date": "2023-09-30T00:00:00",
      "quarter_label": "2023-09 (Q3)",
      "revenue": 84687000,
      "gross_profit": 39844000,
      "operating_income": 214000,
      "net_income": -13107000,
      "opex": 39630000,
      "cogs": 44843000,
      "rd": 10014000,
      "sga": null,
      "fcf": 5317000,
      "ocf": 10240000,
      "capex": -4923000,
      "gross_margin": 0.47048543460035186,
      "op_margin": 0.0025269521886476082,
      "fcf_margin": 0.06278413451887539,
      "incr_op_margin_yoy": 0.0065814574589851205,
      "rev_growth_yoy": -0.1984572429132554,
      "rev_growth_yoy_accel": 0.26019555226150787,
      "op_leverage_ratio": Infinity,
      "fcf_margin_change": 0.09825787923171049
    },
    {
      "date": "2023-12-31T00:00:00",
      "quarter_label": "2023-12 (Q4)",
      "revenue": 70505000,
      "gross_profit": 25229000,
      "operating_income": -151121000,
      "net_income": -128149000,
      "opex": 176350000,
      "cogs": 45276000,
      "rd": 11952000,
      "sga": null,
      "fcf": 11827000,
      "ocf": 14933000,
      "capex": -3106000,
      "gross_margin": 0.3578327778171761,
      "op_margin": -2.143408268917098,
      "fcf_margin": 0.16774696830012056,
      "incr_op_margin_yoy": -40.902891824348444,
      "rev_growth_yoy": 0.041371263145456694,
      "rev_growth_yoy_accel": 0.2398285060587121,
      "fcf_margin_change": 0.10496283378124517
    },
    {
      "date": "2024-03-31T00:00:00",
      "quarter_label": "2024-03 (Q1)",
      "revenue": 64485000,
      "gross_profit": 22104000,
      "operating_income": -21798000,
      "net_income": -13462000,
      "opex": 43902000,
      "cogs": 42381000,
      "rd": 11434000,
      "sga": null,
      "fcf": 3210000,
      "ocf": 7266000,
      "capex": -4056000,
      "gross_margin": 0.3427773900907188,
      "op_margin": -0.3380321004884857,
      "fcf_margin": 0.0497790183763666,
      "incr_op_margin_yoy": -1.797979797979798,
      "rev_growth_yoy": -0.02543525571273123,
      "rev_growth_yoy_accel": -0.06680651885818792,
      "fcf_margin_change": -0.11796794992375396
    },
    {
      "date": "2024-06-30T00:00:00",
      "quarter_label": "2024-06 (Q2)",
      "revenue": 71028000,
      "gross_profit": 26491000,
      "operating_income": -18906000,
      "net_income": -8710000,
      "opex": 45397000,
      "cogs": 44537000,
      "rd": 13486000,
      "sga": null,
      "fcf": -8659000,
      "ocf": 4285000,
      "capex": -12944000,
      "gross_margin": 0.3729655910345216,
      "op_margin": -0.26617671904037843,
      "fcf_margin": -0.1219096694261418,
      "incr_op_margin_yoy": 0.2809448818897638,
      "rev_growth_yoy": 0.04679233047912399,
      "rev_growth_yoy_accel": 0.07222758619185522,
      "op_leverage_ratio": 2.979623074822565,
      "fcf_margin_change": -0.1716886878025084
    },
    {
      "date": "2024-09-30T00:00:00",
      "quarter_label": "2024-09 (Q3)",
      "revenue": 71743000,
      "gross_profit": 26771000,
      "operating_income": -17079000,
      "net_income": -14648000,
      "opex": 43850000,
      "cogs": 44972000,
      "rd": 11783000,
      "sga": null,
      "fcf": -35046000,
      "ocf": -15509000,
      "capex": -19537000,
      "gross_margin": 0.3731513875918208,
      "op_margin": -0.23805806838297813,
      "fcf_margin": -0.4884936509485246,
      "incr_op_margin_yoy": 1.335985784919654,
      "rev_growth_yoy": -0.15284518284978804,
      "rev_growth_yoy_accel": -0.19963751332891203,
      "op_leverage_ratio": Infinity,
      "fcf_margin_change": -0.3665839815223828
    },
    {
      "date": "2024-12-31T00:00:00",
      "quarter_label": "2024-12 (Q4)",
      "revenue": 76214000,
      "gross_profit": 31849000,
      "operating_income": -16135000,
      "net_income": -5888000,
      "opex": 47984000,
      "cogs": 44365000,
      "rd": 12113000,
      "sga": null,
      "fcf": 21240000,
      "ocf": 25018000,
      "capex": -3778000,
      "gross_margin": 0.41788910173983784,
      "op_margin": -0.21170651061484766,
      "fcf_margin": 0.27868895478521005,
      "incr_op_margin_yoy": 23.644421089507794,
      "rev_growth_yoy": 0.08097298063967094,
      "rev_growth_yoy_accel": 0.233818163489459,
      "op_leverage_ratio": 0.6610347067400402,
      "fcf_margin_change": 0.7671826057337346
    },
    {
      "date": "2025-03-31T00:00:00",
      "quarter_label": "2025-03 (Q1)",
      "revenue": 73463000,
      "gross_profit": 28346000,
      "operating_income": -19795000,
      "net_income": -11530000,
      "opex": 48141000,
      "cogs": 45117000,
      "rd": 12395000,
      "sga": null,
      "fcf": -9149000,
      "ocf": -4431000,
      "capex": -4718000,
      "gross_margin": 0.38585410342621457,
      "op_margin": -0.26945537209207354,
      "fcf_margin": -0.1245388835195949,
      "incr_op_margin_yoy": 0.2231009133437291,
      "rev_growth_yoy": 0.13922617663022407,
      "rev_growth_yoy_accel": 0.05825319599055313,
      "fcf_margin_change": -0.40322783830480496
    },
    {
      "date": "2025-06-30T00:00:00",
      "quarter_label": "2025-06 (Q2)",
      "revenue": 81803000,
      "gross_profit": 34435000,
      "operating_income": -19713000,
      "net_income": -18957000,
      "opex": 54148000,
      "cogs": 47368000,
      "rd": 13480000,
      "sga": null,
      "fcf": -36997000,
      "ocf": -30171000,
      "capex": -6826000,
      "gross_margin": 0.42095033189491826,
      "op_margin": -0.24098138210090095,
      "fcf_margin": -0.4522694766695598,
      "incr_op_margin_yoy": -0.07489559164733178,
      "rev_growth_yoy": 0.1517007377372304,
      "rev_growth_yoy_accel": 0.012474561107006316,
      "op_leverage_ratio": 0.9098187158019848,
      "fcf_margin_change": -0.3277305931499649
    },
    {
      "date": "2025-09-30T00:00:00",
      "quarter_label": "2025-09 (Q3)",
      "revenue": 84069000,
      "gross_profit": 35512000,
      "operating_income": -15350000,
      "net_income": -6608000,
      "opex": 50862000,
      "cogs": 48557000,
      "rd": 13860000,
      "sga": null,
      "fcf": 5057000,
      "ocf": 11107000,
      "capex": -6050000,
      "gross_margin": 0.42241492107673456,
      "op_margin": -0.18258811214597534,
      "fcf_margin": 0.06015296958450796,
      "incr_op_margin_yoy": 0.14027259451565796,
      "rev_growth_yoy": 0.17180770249362307,
      "rev_growth_yoy_accel": 0.020106964756392676,
      "op_leverage_ratio": Infinity,
      "fcf_margin_change": 0.5124224462540677
    }
  ],
  "signals": [
    {
      "quarter": "2025-09 (Q3)",
      "signal": "FCF TURNED POSITIVE",
      "detail": "FCF margin: -45.2% -> +6.0%",
      "severity": "HIGH"
    },
    {
      "quarter": "2025-06 (Q2)",
      "signal": "GROSS MARGIN INFLECTION",
      "detail": "GM: +41.8% -> +38.6% -> +42.1% (reversal +3.5%)",
      "severity": "MEDIUM"
    },
    {
      "quarter": "2025-03 (Q1)",
      "signal": "YoY REVENUE GROWTH ACCELERATION",
      "detail": "YoY growth: +13.9% vs prior quarter YoY: +8.1% (accel: +5.8%)",
      "severity": "MEDIUM"
    },
    {
      "quarter": "2024-12 (Q4)",
      "signal": "FCF TURNED POSITIVE",
      "detail": "FCF margin: -48.8% -> +27.9%",
      "severity": "HIGH"
    },
    {
      "quarter": "2024-12 (Q4)",
      "signal": "YoY REVENUE GROWTH ACCELERATION",
      "detail": "YoY growth: +8.1% vs prior quarter YoY: -15.3% (accel: +23.4%)",
      "severity": "HIGH"
    },
    {
      "quarter": "2024-09 (Q3)",
      "signal": "YoY REVENUE GROWTH DECELERATION",
      "detail": "YoY growth: -15.3% vs prior quarter YoY: +4.7% (decel: -20.0%)",
      "severity": "WARNING"
    },
    {
      "quarter": "2024-06 (Q2)",
      "signal": "OPERATING LEVERAGE",
      "detail": "Rev growth +10.1% vs OpEx growth +3.4% (leverage: 3.0x)",
      "severity": "MEDIUM"
    },
    {
      "quarter": "2024-06 (Q2)",
      "signal": "GROSS MARGIN INFLECTION",
      "detail": "GM: +35.8% -> +34.3% -> +37.3% (reversal +3.0%)",
      "severity": "MEDIUM"
    },
    {
      "quarter": "2024-06 (Q2)",
      "signal": "YoY REVENUE GROWTH ACCELERATION",
      "detail": "YoY growth: +4.7% vs prior quarter YoY: -2.5% (accel: +7.2%)",
      "severity": "MEDIUM"
    },
    {
      "quarter": "2024-03 (Q1)",
      "signal": "YoY REVENUE GROWTH DECELERATION",
      "detail": "YoY growth: -2.5% vs prior quarter YoY: +4.1% (decel: -6.7%)",
      "severity": "WARNING"
    },
    {
      "quarter": "2023-12 (Q4)",
      "signal": "FCF MARGIN EXPANSION",
      "detail": "FCF margin: +6.3% -> +16.8% (+10.5%)",
      "severity": "MEDIUM"
    },
    {
      "quarter": "2023-12 (Q4)",
      "signal": "YoY REVENUE GROWTH ACCELERATION",
      "detail": "YoY growth: +4.1% vs prior quarter YoY: -19.8% (accel: +24.0%)",
      "severity": "HIGH"
    },
    {
      "quarter": "2023-09 (Q3)",
      "signal": "FCF TURNED POSITIVE",
      "detail": "FCF margin: -3.5% -> +6.3%",
      "severity": "HIGH"
    },
    {
      "quarter": "2023-09 (Q3)",
      "signal": "YoY REVENUE GROWTH ACCELERATION",
      "detail": "YoY growth: -19.8% vs prior quarter YoY: -45.9% (accel: +26.0%)",
      "severity": "HIGH"
    },
    {
      "quarter": "2023-09 (Q3)",
      "signal": "OP MARGIN TURNED POSITIVE (QoQ)",
      "detail": "Op margin: -29.2% -> +0.3%",
      "severity": "HIGH"
    },
    {
      "quarter": "2023-06 (Q2)",
      "signal": "FCF MARGIN EXPANSION",
      "detail": "FCF margin: -15.0% -> -3.5% (+11.5%)",
      "severity": "MEDIUM"
    },
    {
      "quarter": "2023-06 (Q2)",
      "signal": "YoY REVENUE GROWTH ACCELERATION",
      "detail": "YoY growth: -45.9% vs prior quarter YoY: -79.3% (accel: +33.5%)",
      "severity": "HIGH"
    },
    {
      "quarter": "2023-03 (Q1)",
      "signal": "GROSS MARGIN INFLECTION",
      "detail": "GM: +43.6% -> +19.2% -> +28.4% (reversal +9.2%)",
      "severity": "HIGH"
    },
    {
      "quarter": "2023-03 (Q1)",
      "signal": "YoY REVENUE GROWTH DECELERATION",
      "detail": "YoY growth: -79.3% vs prior quarter YoY: -73.1% (decel: -6.2%)",
      "severity": "WARNING"
    },
    {
      "quarter": "2022-12 (Q4)",
      "signal": "FCF MARGIN EXPANSION",
      "detail": "FCF margin: +14.5% -> +42.1% (+27.6%)",
      "severity": "MEDIUM"
    },
    {
      "quarter": "2022-12 (Q4)",
      "signal": "YoY REVENUE GROWTH DECELERATION",
      "detail": "YoY growth: -73.1% vs prior quarter YoY: -53.6% (decel: -19.5%)",
      "severity": "WARNING"
    },
    {
      "quarter": "2022-09 (Q3)",
      "signal": "FCF MARGIN EXPANSION",
      "detail": "FCF margin: +6.3% -> +14.5% (+8.2%)",
      "severity": "MEDIUM"
    },
    {
      "quarter": "2022-09 (Q3)",
      "signal": "YoY REVENUE GROWTH DECELERATION",
      "detail": "YoY growth: -53.6% vs prior quarter YoY: -18.4% (decel: -35.2%)",
      "severity": "WARNING"
    },
    {
      "quarter": "2022-09 (Q3)",
      "signal": "INCREMENTAL MARGIN (YoY)",
      "detail": "YoY Incr OPM: +130.0% vs year-ago OPM: +69.9%",
      "severity": "HIGH"
    },
    {
      "quarter": "2022-06 (Q2)",
      "signal": "YoY REVENUE GROWTH DECELERATION",
      "detail": "YoY growth: -18.4% vs prior quarter YoY: -10.9% (decel: -7.5%)",
      "severity": "WARNING"
    },
    {
      "quarter": "2022-06 (Q2)",
      "signal": "INCREMENTAL MARGIN (YoY)",
      "detail": "YoY Incr OPM: +304.5% vs year-ago OPM: +64.4%",
      "severity": "HIGH"
    },
    {
      "quarter": "2022-03 (Q1)",
      "signal": "FCF MARGIN EXPANSION",
      "detail": "FCF margin: +28.3% -> +57.2% (+28.9%)",
      "severity": "MEDIUM"
    },
    {
      "quarter": "2022-03 (Q1)",
      "signal": "OPERATING LEVERAGE",
      "detail": "Rev growth +27.3% vs OpEx growth +5.0% (leverage: 5.5x)",
      "severity": "MEDIUM"
    },
    {
      "quarter": "2022-03 (Q1)",
      "signal": "INCREMENTAL MARGIN (YoY)",
      "detail": "YoY Incr OPM: +166.0% vs year-ago OPM: +74.3%",
      "severity": "HIGH"
    },
    {
      "quarter": "2021-12 (Q4)",
      "signal": "INCREMENTAL MARGIN (YoY)",
      "detail": "YoY Incr OPM: +173.3% vs year-ago OPM: +76.6%",
      "severity": "HIGH"
    },
    {
      "quarter": "2021-09 (Q3)",
      "signal": "FCF MARGIN EXPANSION",
      "detail": "FCF margin: +47.6% -> +65.3% (+17.7%)",
      "severity": "MEDIUM"
    },
    {
      "quarter": "2021-09 (Q3)",
      "signal": "GROSS MARGIN INFLECTION",
      "detail": "GM: +79.4% -> +76.7% -> +80.9% (reversal +4.3%)",
      "severity": "MEDIUM"
    },
    {
      "quarter": "2021-03 (Q1)",
      "signal": "FCF MARGIN EXPANSION",
      "detail": "FCF margin: +37.4% -> +61.7% (+24.2%)",
      "severity": "MEDIUM"
    },
    {
      "quarter": "2021-03 (Q1)",
      "signal": "OPERATING LEVERAGE",
      "detail": "Rev growth +21.8% vs OpEx growth +6.6% (leverage: 3.3x)",
      "severity": "MEDIUM"
    }
  ],
  "data_quality": {
    "n_quarters": 20,
    "coverage": {
      "revenue": [
        20,
        20
      ],
      "gross_profit": [
        20,
        20
      ],
      "op_income": [
        20,
        20
      ],
      "fcf": [
        20,
        20
      ]
    },
    "gaps": [],
    "warnings": []
  },
  "market_cap": null,
  "source": "SEC EDGAR",
  "last_updated": "2026-02-02T22:07:06.603219"
}