{
  "ticker": "FLL",
  "name": "FULL HOUSE RESORTS INC",
  "quarters": [
    {
      "date": "2020-12-31T00:00:00",
      "quarter_label": "2020-12 (Q4)",
      "revenue": 38269000,
      "gross_profit": null,
      "operating_income": 7661000,
      "net_income": 3500000,
      "opex": 30608000,
      "cogs": null,
      "rd": null,
      "sga": 12253000,
      "fcf": 5311000,
      "ocf": 6066000,
      "capex": -755000,
      "gross_margin": null,
      "op_margin": 0.20018814183804123,
      "fcf_margin": 0.13878073636624944
    },
    {
      "date": "2021-03-31T00:00:00",
      "quarter_label": "2021-03 (Q1)",
      "revenue": 42208000,
      "gross_profit": null,
      "operating_income": 8694000,
      "net_income": -3445000,
      "opex": 33514000,
      "cogs": null,
      "rd": null,
      "sga": 14413000,
      "fcf": 4878000,
      "ocf": 8291000,
      "capex": -3413000,
      "gross_margin": null,
      "op_margin": 0.20597990902198635,
      "fcf_margin": 0.11557050796057619,
      "op_leverage_ratio": 1.0841221298348092,
      "fcf_margin_change": -0.023210228405673244
    },
    {
      "date": "2021-06-30T00:00:00",
      "quarter_label": "2021-06 (Q2)",
      "revenue": 47442000,
      "gross_profit": null,
      "operating_income": 12206000,
      "net_income": 5484000,
      "opex": 35236000,
      "cogs": null,
      "rd": null,
      "sga": 14007000,
      "fcf": 3365000,
      "ocf": 10491000,
      "capex": -7126000,
      "gross_margin": null,
      "op_margin": 0.2572825766198727,
      "fcf_margin": 0.07092871295476581,
      "op_leverage_ratio": 2.4134153055626735,
      "fcf_margin_change": -0.04464179500581038
    },
    {
      "date": "2021-09-30T00:00:00",
      "quarter_label": "2021-09 (Q3)",
      "revenue": 47238000,
      "gross_profit": null,
      "operating_income": 11119000,
      "net_income": 4619000,
      "opex": 36119000,
      "cogs": null,
      "rd": null,
      "sga": 14791000,
      "fcf": -6770000,
      "ocf": 519000,
      "capex": -7289000,
      "gross_margin": null,
      "op_margin": 0.23538253101316736,
      "fcf_margin": -0.14331682120326855,
      "fcf_margin_change": -0.21424553415803438
    },
    {
      "date": "2021-12-31T00:00:00",
      "quarter_label": "2021-12 (Q4)",
      "revenue": 43271000,
      "gross_profit": null,
      "operating_income": 5535000,
      "net_income": 5048000,
      "opex": 37736000,
      "cogs": null,
      "rd": null,
      "sga": 16754000,
      "fcf": -8960000,
      "ocf": 10203000,
      "capex": -19163000,
      "gross_margin": null,
      "op_margin": 0.1279147697071942,
      "fcf_margin": -0.20706708881236857,
      "incr_op_margin_yoy": -0.4250299880047981,
      "rev_growth_yoy": 0.1307063158169798,
      "fcf_margin_change": -0.06375026760910002
    },
    {
      "date": "2022-03-31T00:00:00",
      "quarter_label": "2022-03 (Q1)",
      "revenue": 41423000,
      "gross_profit": null,
      "operating_income": 5303000,
      "net_income": 110000,
      "opex": 36120000,
      "cogs": null,
      "rd": null,
      "sga": 15393000,
      "fcf": -39171000,
      "ocf": -7968000,
      "capex": -31203000,
      "gross_margin": null,
      "op_margin": 0.1280206648480313,
      "fcf_margin": -0.9456340680298385,
      "rev_growth_yoy": -0.018598369977255495,
      "rev_growth_yoy_accel": -0.1493046857942353,
      "fcf_margin_change": -0.7385669792174699
    },
    {
      "date": "2022-06-30T00:00:00",
      "quarter_label": "2022-06 (Q2)",
      "revenue": 44383000,
      "gross_profit": null,
      "operating_income": 8219000,
      "net_income": -4355000,
      "opex": 36164000,
      "cogs": null,
      "rd": null,
      "sga": 14184000,
      "fcf": -20702000,
      "ocf": 12156000,
      "capex": -32858000,
      "gross_margin": null,
      "op_margin": 0.18518351621116194,
      "fcf_margin": -0.4664398530969065,
      "incr_op_margin_yoy": 1.3033671134357634,
      "rev_growth_yoy": -0.06447873192529825,
      "rev_growth_yoy_accel": -0.04588036194804276,
      "op_leverage_ratio": 58.66042800113244,
      "fcf_margin_change": 0.479194214932932
    },
    {
      "date": "2022-09-30T00:00:00",
      "quarter_label": "2022-09 (Q3)",
      "revenue": 41393000,
      "gross_profit": null,
      "operating_income": 2395000,
      "net_income": -3577000,
      "opex": 38998000,
      "cogs": null,
      "rd": null,
      "sga": 15218000,
      "fcf": -56235000,
      "ocf": -4148000,
      "capex": -52087000,
      "gross_margin": null,
      "op_margin": 0.057860024641847654,
      "fcf_margin": -1.3585630420602517,
      "incr_op_margin_yoy": 1.4925577416595381,
      "rev_growth_yoy": -0.12373512849824295,
      "rev_growth_yoy_accel": -0.059256396572944695,
      "fcf_margin_change": -0.8921231889633452
    },
    {
      "date": "2022-12-31T00:00:00",
      "quarter_label": "2022-12 (Q4)",
      "revenue": 36082000,
      "gross_profit": null,
      "operating_income": -3234000,
      "net_income": -6982000,
      "opex": 39316000,
      "cogs": null,
      "rd": null,
      "sga": 14911000,
      "fcf": -50454000,
      "ocf": 4337000,
      "capex": -54791000,
      "gross_margin": null,
      "op_margin": -0.08962917798348206,
      "fcf_margin": -1.3983149492821905,
      "incr_op_margin_yoy": 1.2197802197802199,
      "rev_growth_yoy": -0.16613898453929885,
      "rev_growth_yoy_accel": -0.0424038560410559,
      "fcf_margin_change": -0.039751907221938776
    },
    {
      "date": "2023-03-31T00:00:00",
      "quarter_label": "2023-03 (Q1)",
      "revenue": 50106000,
      "gross_profit": null,
      "operating_income": -6986000,
      "net_income": -11415000,
      "opex": 57092000,
      "cogs": null,
      "rd": null,
      "sga": 18229000,
      "fcf": -59124000,
      "ocf": -7292000,
      "capex": -51832000,
      "gross_margin": null,
      "op_margin": -0.13942442022911428,
      "fcf_margin": -1.1799784456951263,
      "incr_op_margin_yoy": -1.4152942531383164,
      "rev_growth_yoy": 0.20961784515848683,
      "rev_growth_yoy_accel": 0.3757568296977857,
      "op_leverage_ratio": 0.8596399410463745,
      "fcf_margin_change": 0.21833650358706413
    },
    {
      "date": "2023-06-30T00:00:00",
      "quarter_label": "2023-06 (Q2)",
      "revenue": 59382000,
      "gross_profit": null,
      "operating_income": 594000,
      "net_income": -5600000,
      "opex": 58788000,
      "cogs": null,
      "rd": null,
      "sga": 21577000,
      "fcf": -28483000,
      "ocf": 8994000,
      "capex": -37477000,
      "gross_margin": null,
      "op_margin": 0.010003031221582298,
      "fcf_margin": -0.4796571351588023,
      "incr_op_margin_yoy": -0.5083672244816321,
      "rev_growth_yoy": 0.33794470855958364,
      "rev_growth_yoy_accel": 0.1283268634010968,
      "op_leverage_ratio": 6.231899128564424,
      "fcf_margin_change": 0.700321310536324
    },
    {
      "date": "2023-09-30T00:00:00",
      "quarter_label": "2023-09 (Q3)",
      "revenue": 71543000,
      "gross_profit": null,
      "operating_income": 10357000,
      "net_income": 4593000,
      "opex": 61186000,
      "cogs": null,
      "rd": null,
      "sga": 22017000,
      "fcf": -29084000,
      "ocf": 1505000,
      "capex": -30589000,
      "gross_margin": null,
      "op_margin": 0.1447660847322589,
      "fcf_margin": -0.4065247473547377,
      "incr_op_margin_yoy": 0.26407960199004976,
      "rev_growth_yoy": 0.7283840262846375,
      "rev_growth_yoy_accel": 0.39043931772505386,
      "op_leverage_ratio": 5.020580958012651,
      "fcf_margin_change": 0.07313238780406461
    },
    {
      "date": "2023-12-31T00:00:00",
      "quarter_label": "2023-12 (Q4)",
      "revenue": 60029000,
      "gross_profit": null,
      "operating_income": -5127000,
      "net_income": -12482000,
      "opex": 10895000,
      "cogs": null,
      "rd": null,
      "sga": 23923000,
      "fcf": -9549000,
      "ocf": 19138000,
      "capex": -28687000,
      "gross_margin": null,
      "op_margin": -0.08540871911909244,
      "fcf_margin": -0.15907311466124707,
      "incr_op_margin_yoy": -0.0790495677955485,
      "rev_growth_yoy": 0.6636827226872125,
      "rev_growth_yoy_accel": -0.06470130359742499,
      "fcf_margin_change": 0.24745163269349063
    },
    {
      "date": "2024-03-31T00:00:00",
      "quarter_label": "2024-03 (Q1)",
      "revenue": 69924000,
      "gross_profit": 64567000,
      "operating_income": -606000,
      "net_income": -11272000,
      "opex": 55440000,
      "cogs": 5357000,
      "rd": null,
      "sga": 24935000,
      "fcf": -27036000,
      "ocf": -4400000,
      "capex": -22636000,
      "gross_margin": 0.9233882501001087,
      "op_margin": -0.008666552256735885,
      "fcf_margin": -0.38664836107774153,
      "incr_op_margin_yoy": 0.3219295589867797,
      "rev_growth_yoy": 0.39552149443180457,
      "rev_growth_yoy_accel": -0.26816122825540795,
      "op_leverage_ratio": 0.04031651286231223,
      "fcf_margin_change": -0.22757524641649446
    },
    {
      "date": "2024-06-30T00:00:00",
      "quarter_label": "2024-06 (Q2)",
      "revenue": 73492000,
      "gross_profit": 67890000,
      "operating_income": 2315000,
      "net_income": -8629000,
      "opex": 57775000,
      "cogs": 5602000,
      "rd": null,
      "sga": 25285000,
      "fcf": -1180000,
      "ocf": 10123000,
      "capex": -11303000,
      "gross_margin": 0.9237740162194524,
      "op_margin": 0.031500027213846406,
      "fcf_margin": -0.016056169378980027,
      "incr_op_margin_yoy": 0.12197023387668321,
      "rev_growth_yoy": 0.2376140918123337,
      "rev_growth_yoy_accel": -0.15790740261947087,
      "op_leverage_ratio": 1.2115320800423635,
      "fcf_margin_change": 0.3705921916987615
    },
    {
      "date": "2024-09-30T00:00:00",
      "quarter_label": "2024-09 (Q3)",
      "revenue": 75687000,
      "gross_profit": 69746000,
      "operating_income": 2449000,
      "net_income": -8472000,
      "opex": 62203000,
      "cogs": 5941000,
      "rd": null,
      "sga": 26738000,
      "fcf": -17403000,
      "ocf": -6716000,
      "capex": -10687000,
      "gross_margin": 0.921505674686538,
      "op_margin": 0.03235694372877773,
      "fcf_margin": -0.22993380633398075,
      "incr_op_margin_yoy": -1.9083011583011582,
      "rev_growth_yoy": 0.057923207022350195,
      "rev_growth_yoy_accel": -0.17969088478998352,
      "op_leverage_ratio": 0.389696764615372,
      "fcf_margin_change": -0.21387763695500073
    },
    {
      "date": "2024-12-31T00:00:00",
      "quarter_label": "2024-12 (Q4)",
      "revenue": 72962000,
      "gross_profit": 67180000,
      "operating_income": -1408000,
      "net_income": -12299000,
      "opex": 62707000,
      "cogs": 5782000,
      "rd": null,
      "sga": 27163000,
      "fcf": 6882000,
      "ocf": 14838000,
      "capex": -7956000,
      "gross_margin": 0.9207532688248677,
      "op_margin": -0.019297716619610206,
      "fcf_margin": 0.09432307228420274,
      "incr_op_margin_yoy": 0.2875589577050955,
      "rev_growth_yoy": 0.21544586783054856,
      "rev_growth_yoy_accel": 0.15752266080819838,
      "fcf_margin_change": 0.3242568786181835
    },
    {
      "date": "2025-03-31T00:00:00",
      "quarter_label": "2025-03 (Q1)",
      "revenue": 75058000,
      "gross_profit": 70130000,
      "operating_income": 738000,
      "net_income": -9765000,
      "opex": 62238000,
      "cogs": 4928000,
      "rd": null,
      "sga": 26941000,
      "fcf": -12345000,
      "ocf": -9465000,
      "capex": -2880000,
      "gross_margin": 0.934344107223747,
      "op_margin": 0.009832396280209972,
      "fcf_margin": -0.16447280769538225,
      "incr_op_margin_yoy": 0.2617841838722244,
      "rev_growth_yoy": 0.07342257307934329,
      "rev_growth_yoy_accel": -0.1420232947512053,
      "op_leverage_ratio": Infinity,
      "fcf_margin_change": -0.258795879979585
    },
    {
      "date": "2025-06-30T00:00:00",
      "quarter_label": "2025-06 (Q2)",
      "revenue": 73946000,
      "gross_profit": 69137000,
      "operating_income": -74000,
      "net_income": -10383000,
      "opex": 60716000,
      "cogs": 4809000,
      "rd": null,
      "sga": 27874000,
      "fcf": 4536000,
      "ocf": 7870000,
      "capex": -3334000,
      "gross_margin": 0.9349660563113623,
      "op_margin": -0.001000730262624077,
      "fcf_margin": 0.06134206042247045,
      "rev_growth_yoy": 0.006177543133946552,
      "rev_growth_yoy_accel": -0.06724502994539673,
      "fcf_margin_change": 0.2258148681178527
    },
    {
      "date": "2025-09-30T00:00:00",
      "quarter_label": "2025-09 (Q3)",
      "revenue": 77950000,
      "gross_profit": 72663000,
      "operating_income": 3436000,
      "net_income": -7678000,
      "opex": 61647000,
      "cogs": 5287000,
      "rd": null,
      "sga": 27843000,
      "fcf": -5539000,
      "ocf": -472000,
      "capex": -5067000,
      "gross_margin": 0.9321744708146248,
      "op_margin": 0.0440795381654907,
      "fcf_margin": -0.07105837075048108,
      "incr_op_margin_yoy": 0.43614670790985416,
      "rev_growth_yoy": 0.02989945433165537,
      "rev_growth_yoy_accel": 0.023721911197708816,
      "op_leverage_ratio": 3.5312856831717676,
      "fcf_margin_change": -0.13240043117295153
    }
  ],
  "signals": [
    {
      "quarter": "2025-09 (Q3)",
      "signal": "OPERATING LEVERAGE",
      "detail": "Rev growth +5.4% vs OpEx growth +1.5% (leverage: 3.5x)",
      "severity": "MEDIUM"
    },
    {
      "quarter": "2025-09 (Q3)",
      "signal": "INCREMENTAL MARGIN (YoY)",
      "detail": "YoY Incr OPM: +43.6% vs year-ago OPM: +3.2%",
      "severity": "HIGH"
    },
    {
      "quarter": "2025-09 (Q3)",
      "signal": "OP MARGIN TURNED POSITIVE (QoQ)",
      "detail": "Op margin: -0.1% -> +4.4%",
      "severity": "HIGH"
    },
    {
      "quarter": "2025-06 (Q2)",
      "signal": "FCF TURNED POSITIVE",
      "detail": "FCF margin: -16.4% -> +6.1%",
      "severity": "HIGH"
    },
    {
      "quarter": "2025-06 (Q2)",
      "signal": "YoY REVENUE GROWTH DECELERATION",
      "detail": "YoY growth: +0.6% vs prior quarter YoY: +7.3% (decel: -6.7%)",
      "severity": "WARNING"
    },
    {
      "quarter": "2025-03 (Q1)",
      "signal": "YoY REVENUE GROWTH DECELERATION",
      "detail": "YoY growth: +7.3% vs prior quarter YoY: +21.5% (decel: -14.2%)",
      "severity": "WARNING"
    },
    {
      "quarter": "2025-03 (Q1)",
      "signal": "OP MARGIN TURNED POSITIVE (YoY)",
      "detail": "Op margin: -0.9% (year-ago) -> +1.0%",
      "severity": "HIGH"
    },
    {
      "quarter": "2025-03 (Q1)",
      "signal": "OP MARGIN TURNED POSITIVE (QoQ)",
      "detail": "Op margin: -1.9% -> +1.0%",
      "severity": "HIGH"
    },
    {
      "quarter": "2024-12 (Q4)",
      "signal": "FCF TURNED POSITIVE",
      "detail": "FCF margin: -23.0% -> +9.4%",
      "severity": "HIGH"
    },
    {
      "quarter": "2024-12 (Q4)",
      "signal": "YoY REVENUE GROWTH ACCELERATION",
      "detail": "YoY growth: +21.5% vs prior quarter YoY: +5.8% (accel: +15.8%)",
      "severity": "HIGH"
    },
    {
      "quarter": "2024-09 (Q3)",
      "signal": "YoY REVENUE GROWTH DECELERATION",
      "detail": "YoY growth: +5.8% vs prior quarter YoY: +23.8% (decel: -18.0%)",
      "severity": "WARNING"
    },
    {
      "quarter": "2024-06 (Q2)",
      "signal": "FCF MARGIN EXPANSION",
      "detail": "FCF margin: -38.7% -> -1.6% (+37.1%)",
      "severity": "MEDIUM"
    },
    {
      "quarter": "2024-06 (Q2)",
      "signal": "YoY REVENUE GROWTH DECELERATION",
      "detail": "YoY growth: +23.8% vs prior quarter YoY: +39.6% (decel: -15.8%)",
      "severity": "WARNING"
    },
    {
      "quarter": "2024-06 (Q2)",
      "signal": "INCREMENTAL MARGIN (YoY)",
      "detail": "YoY Incr OPM: +12.2% vs year-ago OPM: +1.0%",
      "severity": "MEDIUM"
    },
    {
      "quarter": "2024-06 (Q2)",
      "signal": "OP MARGIN TURNED POSITIVE (QoQ)",
      "detail": "Op margin: -0.9% -> +3.2%",
      "severity": "HIGH"
    },
    {
      "quarter": "2024-03 (Q1)",
      "signal": "YoY REVENUE GROWTH DECELERATION",
      "detail": "YoY growth: +39.6% vs prior quarter YoY: +66.4% (decel: -26.8%)",
      "severity": "WARNING"
    },
    {
      "quarter": "2023-12 (Q4)",
      "signal": "FCF MARGIN EXPANSION",
      "detail": "FCF margin: -40.7% -> -15.9% (+24.7%)",
      "severity": "MEDIUM"
    },
    {
      "quarter": "2023-12 (Q4)",
      "signal": "YoY REVENUE GROWTH DECELERATION",
      "detail": "YoY growth: +66.4% vs prior quarter YoY: +72.8% (decel: -6.5%)",
      "severity": "WARNING"
    },
    {
      "quarter": "2023-09 (Q3)",
      "signal": "FCF MARGIN EXPANSION",
      "detail": "FCF margin: -48.0% -> -40.7% (+7.3%)",
      "severity": "MEDIUM"
    },
    {
      "quarter": "2023-09 (Q3)",
      "signal": "OPERATING LEVERAGE",
      "detail": "Rev growth +20.5% vs OpEx growth +4.1% (leverage: 5.0x)",
      "severity": "MEDIUM"
    },
    {
      "quarter": "2023-09 (Q3)",
      "signal": "YoY REVENUE GROWTH ACCELERATION",
      "detail": "YoY growth: +72.8% vs prior quarter YoY: +33.8% (accel: +39.0%)",
      "severity": "HIGH"
    },
    {
      "quarter": "2023-09 (Q3)",
      "signal": "INCREMENTAL MARGIN (YoY)",
      "detail": "YoY Incr OPM: +26.4% vs year-ago OPM: +5.8%",
      "severity": "HIGH"
    },
    {
      "quarter": "2023-06 (Q2)",
      "signal": "FCF MARGIN EXPANSION",
      "detail": "FCF margin: -118.0% -> -48.0% (+70.0%)",
      "severity": "MEDIUM"
    },
    {
      "quarter": "2023-06 (Q2)",
      "signal": "OPERATING LEVERAGE",
      "detail": "Rev growth +18.5% vs OpEx growth +3.0% (leverage: 6.2x)",
      "severity": "MEDIUM"
    },
    {
      "quarter": "2023-06 (Q2)",
      "signal": "YoY REVENUE GROWTH ACCELERATION",
      "detail": "YoY growth: +33.8% vs prior quarter YoY: +21.0% (accel: +12.8%)",
      "severity": "MEDIUM"
    },
    {
      "quarter": "2023-06 (Q2)",
      "signal": "OP MARGIN TURNED POSITIVE (QoQ)",
      "detail": "Op margin: -13.9% -> +1.0%",
      "severity": "HIGH"
    },
    {
      "quarter": "2023-03 (Q1)",
      "signal": "FCF MARGIN EXPANSION",
      "detail": "FCF margin: -139.8% -> -118.0% (+21.8%)",
      "severity": "MEDIUM"
    },
    {
      "quarter": "2023-03 (Q1)",
      "signal": "YoY REVENUE GROWTH ACCELERATION",
      "detail": "YoY growth: +21.0% vs prior quarter YoY: -16.6% (accel: +37.6%)",
      "severity": "HIGH"
    },
    {
      "quarter": "2022-09 (Q3)",
      "signal": "YoY REVENUE GROWTH DECELERATION",
      "detail": "YoY growth: -12.4% vs prior quarter YoY: -6.4% (decel: -5.9%)",
      "severity": "WARNING"
    },
    {
      "quarter": "2022-09 (Q3)",
      "signal": "INCREMENTAL MARGIN (YoY)",
      "detail": "YoY Incr OPM: +149.3% vs year-ago OPM: +23.5%",
      "severity": "HIGH"
    },
    {
      "quarter": "2022-06 (Q2)",
      "signal": "FCF MARGIN EXPANSION",
      "detail": "FCF margin: -94.6% -> -46.6% (+47.9%)",
      "severity": "MEDIUM"
    },
    {
      "quarter": "2022-06 (Q2)",
      "signal": "OPERATING LEVERAGE",
      "detail": "Rev growth +7.1% vs OpEx growth +0.1% (leverage: 58.7x)",
      "severity": "MEDIUM"
    },
    {
      "quarter": "2022-06 (Q2)",
      "signal": "INCREMENTAL MARGIN (YoY)",
      "detail": "YoY Incr OPM: +130.3% vs year-ago OPM: +25.7%",
      "severity": "HIGH"
    },
    {
      "quarter": "2022-03 (Q1)",
      "signal": "YoY REVENUE GROWTH DECELERATION",
      "detail": "YoY growth: -1.9% vs prior quarter YoY: +13.1% (decel: -14.9%)",
      "severity": "WARNING"
    },
    {
      "quarter": "2021-06 (Q2)",
      "signal": "OPERATING LEVERAGE",
      "detail": "Rev growth +12.4% vs OpEx growth +5.1% (leverage: 2.4x)",
      "severity": "MEDIUM"
    }
  ],
  "data_quality": {
    "n_quarters": 20,
    "coverage": {
      "revenue": [
        20,
        20
      ],
      "gross_profit": [
        7,
        20
      ],
      "op_income": [
        20,
        20
      ],
      "fcf": [
        20,
        20
      ]
    },
    "gaps": [],
    "warnings": [
      "gross_profit: 7/20Q"
    ]
  },
  "market_cap": null,
  "source": "SEC EDGAR",
  "last_updated": "2026-02-02T23:24:58.411550",
  "sector": "Consumer Cyclical",
  "industry": "Resorts & Casinos"
}