{
  "ticker": "FLNT",
  "name": "Fluent, Inc.",
  "quarters": [
    {
      "date": "2020-12-31T00:00:00",
      "quarter_label": "2020-12 (Q4)",
      "revenue": 81996000,
      "gross_profit": 25263000,
      "operating_income": 2103000,
      "net_income": 178000,
      "opex": 79893000,
      "cogs": 56733000,
      "rd": 3403000,
      "sga": null,
      "fcf": 7435000,
      "ocf": 7437000,
      "capex": -2000,
      "gross_margin": 0.3081003951412264,
      "op_margin": 0.025647592565490998,
      "fcf_margin": 0.09067515488560418
    },
    {
      "date": "2021-03-31T00:00:00",
      "quarter_label": "2021-03 (Q1)",
      "revenue": 70170000,
      "gross_profit": 19180000,
      "operating_income": -2287000,
      "net_income": -6258000,
      "opex": 72457000,
      "cogs": 50990000,
      "rd": 3434000,
      "sga": null,
      "fcf": 4957000,
      "ocf": 4977000,
      "capex": -20000,
      "gross_margin": 0.27333618355422545,
      "op_margin": -0.032592275901382355,
      "fcf_margin": 0.07064272481117287,
      "fcf_margin_change": -0.020032430074431312
    },
    {
      "date": "2021-06-30T00:00:00",
      "quarter_label": "2021-06 (Q2)",
      "revenue": 73378000,
      "gross_profit": 16773000,
      "operating_income": -4752000,
      "net_income": -5179000,
      "opex": 78130000,
      "cogs": 56605000,
      "rd": 3433000,
      "sga": null,
      "fcf": -5645000,
      "ocf": -5642000,
      "capex": -3000,
      "gross_margin": 0.22858349914143203,
      "op_margin": -0.06476055493472158,
      "fcf_margin": -0.07693041511079615,
      "op_leverage_ratio": 0.5839160974954406,
      "fcf_margin_change": -0.14757313992196902
    },
    {
      "date": "2021-09-30T00:00:00",
      "quarter_label": "2021-09 (Q3)",
      "revenue": 85858000,
      "gross_profit": 22074000,
      "operating_income": -2047000,
      "net_income": -2452000,
      "opex": 87905000,
      "cogs": 63784000,
      "rd": 4464000,
      "sga": null,
      "fcf": -6270000,
      "ocf": -6267000,
      "capex": -3000,
      "gross_margin": 0.25709893079270424,
      "op_margin": -0.023841692096251952,
      "fcf_margin": -0.07302755712921336,
      "op_leverage_ratio": 1.3594078491647392,
      "fcf_margin_change": 0.003902857981582797
    },
    {
      "date": "2021-12-31T00:00:00",
      "quarter_label": "2021-12 (Q4)",
      "revenue": 99844000,
      "gross_profit": 27507000,
      "operating_income": 4421000,
      "net_income": 3830000,
      "opex": 95423000,
      "cogs": 72337000,
      "rd": 4458000,
      "sga": null,
      "fcf": 19346000,
      "ocf": 19356000,
      "capex": -10000,
      "gross_margin": 0.27549977965626377,
      "op_margin": 0.04427907535755779,
      "fcf_margin": 0.19376226913985817,
      "incr_op_margin_yoy": 0.1298744957418198,
      "rev_growth_yoy": 0.21766915459290698,
      "op_leverage_ratio": 1.9046887344583905,
      "fcf_margin_change": 0.26678982626907155
    },
    {
      "date": "2022-03-31T00:00:00",
      "quarter_label": "2022-03 (Q1)",
      "revenue": 89063000,
      "gross_profit": 21501000,
      "operating_income": -1629000,
      "net_income": -2013000,
      "opex": 90692000,
      "cogs": 67562000,
      "rd": 4556000,
      "sga": null,
      "fcf": -1783000,
      "ocf": -1776000,
      "capex": -7000,
      "gross_margin": 0.24141338153891065,
      "op_margin": -0.01829042363270943,
      "fcf_margin": -0.02001953673242536,
      "incr_op_margin_yoy": 0.034827713968136345,
      "rev_growth_yoy": 0.26924611657403447,
      "rev_growth_yoy_accel": 0.05157696198112749,
      "fcf_margin_change": -0.21378180587228351
    },
    {
      "date": "2022-06-30T00:00:00",
      "quarter_label": "2022-06 (Q2)",
      "revenue": 98361000,
      "gross_profit": 28335000,
      "operating_income": -51392000,
      "net_income": -56944000,
      "opex": 149753000,
      "cogs": 70026000,
      "rd": 4802000,
      "sga": null,
      "fcf": -170000,
      "ocf": -171000,
      "capex": 1000,
      "gross_margin": 0.28807149174977886,
      "op_margin": -0.5224835046410671,
      "fcf_margin": -0.0017283272841878386,
      "incr_op_margin_yoy": -1.8668694712404434,
      "rev_growth_yoy": 0.3404698956090381,
      "rev_growth_yoy_accel": 0.07122377903500365,
      "op_leverage_ratio": 0.16030992294300692,
      "fcf_margin_change": 0.018291209448237523
    },
    {
      "date": "2022-09-30T00:00:00",
      "quarter_label": "2022-09 (Q3)",
      "revenue": 89046000,
      "gross_profit": 23776000,
      "operating_income": 627000,
      "net_income": 3113000,
      "opex": 88419000,
      "cogs": 65270000,
      "rd": 4622000,
      "sga": null,
      "fcf": 9077000,
      "ocf": 9081000,
      "capex": -4000,
      "gross_margin": 0.2670080632482088,
      "op_margin": 0.007041304494306314,
      "fcf_margin": 0.10193607798216651,
      "incr_op_margin_yoy": 0.8387703889585947,
      "rev_growth_yoy": 0.03713107689440705,
      "rev_growth_yoy_accel": -0.3033388187146311,
      "fcf_margin_change": 0.10366440526635436
    },
    {
      "date": "2022-12-31T00:00:00",
      "quarter_label": "2022-12 (Q4)",
      "revenue": 84664000,
      "gross_profit": 20036000,
      "operating_income": -67197000,
      "net_income": -67488000,
      "opex": 151861000,
      "cogs": 64628000,
      "rd": 4180000,
      "sga": null,
      "fcf": -5177000,
      "ocf": -5170000,
      "capex": -7000,
      "gross_margin": 0.23665312293300578,
      "op_margin": -0.7936903524520458,
      "fcf_margin": -0.06114759519984882,
      "incr_op_margin_yoy": 4.717918313570488,
      "rev_growth_yoy": -0.15203717799767638,
      "rev_growth_yoy_accel": -0.18916825489208344,
      "fcf_margin_change": -0.16308367318201533
    },
    {
      "date": "2023-03-31T00:00:00",
      "quarter_label": "2023-03 (Q1)",
      "revenue": 77254000,
      "gross_profit": 18982000,
      "operating_income": -31153000,
      "net_income": -31943000,
      "opex": 108407000,
      "cogs": 58272000,
      "rd": 4938000,
      "sga": null,
      "fcf": 4890000,
      "ocf": 4890000,
      "capex": null,
      "gross_margin": 0.24570896005384835,
      "op_margin": -0.4032542004297512,
      "fcf_margin": 0.06329769332332306,
      "incr_op_margin_yoy": 2.500127021763062,
      "rev_growth_yoy": -0.1325915363282171,
      "rev_growth_yoy_accel": 0.01944564166945928,
      "fcf_margin_change": 0.12444528852317188
    },
    {
      "date": "2023-06-30T00:00:00",
      "quarter_label": "2023-06 (Q2)",
      "revenue": 82145000,
      "gross_profit": 22605000,
      "operating_income": 6739000,
      "net_income": 4251000,
      "opex": 75406000,
      "cogs": 59540000,
      "rd": 4615000,
      "sga": null,
      "fcf": -2839000,
      "ocf": -2839000,
      "capex": null,
      "gross_margin": 0.27518412563150524,
      "op_margin": 0.08203785988191613,
      "fcf_margin": -0.03456083754336843,
      "incr_op_margin_yoy": -3.5847927972372964,
      "rev_growth_yoy": -0.1648620896493529,
      "rev_growth_yoy_accel": -0.03227055332113579,
      "op_leverage_ratio": Infinity,
      "fcf_margin_change": -0.0978585308666915
    },
    {
      "date": "2023-09-30T00:00:00",
      "quarter_label": "2023-09 (Q3)",
      "revenue": 66239000,
      "gross_profit": 16091000,
      "operating_income": -33934000,
      "net_income": -33627000,
      "opex": 100173000,
      "cogs": 50148000,
      "rd": 4511000,
      "sga": null,
      "fcf": 7641000,
      "ocf": 7644000,
      "capex": -3000,
      "gross_margin": 0.24292335331149323,
      "op_margin": -0.5122963812859493,
      "fcf_margin": 0.11535500234001117,
      "incr_op_margin_yoy": 1.5153680887446837,
      "rev_growth_yoy": -0.2561260472115536,
      "rev_growth_yoy_accel": -0.09126395756220068,
      "fcf_margin_change": 0.1499158398833796
    },
    {
      "date": "2023-12-31T00:00:00",
      "quarter_label": "2023-12 (Q4)",
      "revenue": 72761000,
      "gross_profit": 20837000,
      "operating_income": -1782000,
      "net_income": -1899000,
      "opex": 74543000,
      "cogs": 51924000,
      "rd": 4390000,
      "sga": null,
      "fcf": -1557000,
      "ocf": -1557000,
      "capex": null,
      "gross_margin": 0.2863759431563612,
      "op_margin": -0.024491142232789545,
      "fcf_margin": -0.021398826294306016,
      "incr_op_margin_yoy": -5.495673359657229,
      "rev_growth_yoy": -0.14059104223755078,
      "rev_growth_yoy_accel": 0.11553500497400279,
      "op_leverage_ratio": Infinity,
      "fcf_margin_change": -0.13675382863431718
    },
    {
      "date": "2024-03-31T00:00:00",
      "quarter_label": "2024-03 (Q1)",
      "revenue": 65983000,
      "gross_profit": 18635000,
      "operating_income": -3953000,
      "net_income": -6276000,
      "opex": 69936000,
      "cogs": 47348000,
      "rd": 4840000,
      "sga": null,
      "fcf": -132000,
      "ocf": -132000,
      "capex": null,
      "gross_margin": 0.28242122971068306,
      "op_margin": -0.0599093705954564,
      "fcf_margin": -0.00200051528423988,
      "incr_op_margin_yoy": -2.4132730015082955,
      "rev_growth_yoy": -0.1458953581691563,
      "rev_growth_yoy_accel": -0.005304315931605519,
      "fcf_margin_change": 0.019398311010066137
    },
    {
      "date": "2024-06-30T00:00:00",
      "quarter_label": "2024-06 (Q2)",
      "revenue": 58717000,
      "gross_profit": 12608000,
      "operating_income": -10378000,
      "net_income": -11627000,
      "opex": 69095000,
      "cogs": 46109000,
      "rd": 4717000,
      "sga": null,
      "fcf": -13067000,
      "ocf": -13067000,
      "capex": null,
      "gross_margin": 0.21472486673365465,
      "op_margin": -0.17674608716385373,
      "fcf_margin": -0.2225420236047482,
      "incr_op_margin_yoy": 0.7306214785726481,
      "rev_growth_yoy": -0.28520299470448596,
      "rev_growth_yoy_accel": -0.13930763653532965,
      "fcf_margin_change": -0.2205415083205083
    },
    {
      "date": "2024-09-30T00:00:00",
      "quarter_label": "2024-09 (Q3)",
      "revenue": 64516000,
      "gross_profit": 15655000,
      "operating_income": -3888000,
      "net_income": -7944000,
      "opex": 68404000,
      "cogs": 48861000,
      "rd": 4124000,
      "sga": null,
      "fcf": 1235000,
      "ocf": 1236000,
      "capex": -1000,
      "gross_margin": 0.24265298530597063,
      "op_margin": -0.06026412052824106,
      "fcf_margin": 0.01914253828507657,
      "incr_op_margin_yoy": -17.43818920487522,
      "rev_growth_yoy": -0.02601186612116729,
      "rev_growth_yoy_accel": 0.25919112858331866,
      "op_leverage_ratio": Infinity,
      "fcf_margin_change": 0.24168456188982476
    },
    {
      "date": "2024-12-31T00:00:00",
      "quarter_label": "2024-12 (Q4)",
      "revenue": 65407000,
      "gross_profit": 13904000,
      "operating_income": -5441000,
      "net_income": -3430000,
      "opex": 70848000,
      "cogs": 51503000,
      "rd": 3600000,
      "sga": null,
      "fcf": -2153000,
      "ocf": -2141000,
      "capex": -12000,
      "gross_margin": 0.21257663552830736,
      "op_margin": -0.08318681486691026,
      "fcf_margin": -0.032916966073967616,
      "incr_op_margin_yoy": 0.4975523524612456,
      "rev_growth_yoy": -0.10107062849603496,
      "rev_growth_yoy_accel": -0.07505876237486767,
      "op_leverage_ratio": 0.38653655130550846,
      "fcf_margin_change": -0.05205950435904419
    },
    {
      "date": "2025-03-31T00:00:00",
      "quarter_label": "2025-03 (Q1)",
      "revenue": 55210000,
      "gross_profit": 11435000,
      "operating_income": -7076000,
      "net_income": -8269000,
      "opex": 62286000,
      "cogs": 43775000,
      "rd": 3398000,
      "sga": null,
      "fcf": 2112000,
      "ocf": 2112000,
      "capex": null,
      "gross_margin": 0.20711827567469662,
      "op_margin": -0.12816518746603875,
      "fcf_margin": 0.03825393950371309,
      "incr_op_margin_yoy": 0.28989139515455303,
      "rev_growth_yoy": -0.1632693269478502,
      "rev_growth_yoy_accel": -0.06219869845181525,
      "fcf_margin_change": 0.07117090557768072
    },
    {
      "date": "2025-06-30T00:00:00",
      "quarter_label": "2025-06 (Q2)",
      "revenue": 44706000,
      "gross_profit": 10280000,
      "operating_income": -7106000,
      "net_income": -7223000,
      "opex": 51812000,
      "cogs": 34426000,
      "rd": 2941000,
      "sga": null,
      "fcf": 935000,
      "ocf": 935000,
      "capex": null,
      "gross_margin": 0.22994676329799132,
      "op_margin": -0.15894958171162707,
      "fcf_margin": 0.02091441864626672,
      "incr_op_margin_yoy": -0.23353079723074727,
      "rev_growth_yoy": -0.23861913926120204,
      "rev_growth_yoy_accel": -0.07534981231335183,
      "fcf_margin_change": -0.01733952085744637
    },
    {
      "date": "2025-09-30T00:00:00",
      "quarter_label": "2025-09 (Q3)",
      "revenue": 47029000,
      "gross_profit": 10874000,
      "operating_income": -6303000,
      "net_income": -7556000,
      "opex": 53332000,
      "cogs": 36155000,
      "rd": 2623000,
      "sga": null,
      "fcf": -7321000,
      "ocf": -7304000,
      "capex": -17000,
      "gross_margin": 0.23121903506347147,
      "op_margin": -0.1340236875119607,
      "fcf_margin": -0.15566990580280252,
      "incr_op_margin_yoy": 0.13810259049579687,
      "rev_growth_yoy": -0.27104904209808417,
      "rev_growth_yoy_accel": -0.03242990283688213,
      "op_leverage_ratio": 1.7712104462605984,
      "fcf_margin_change": -0.17658432444906924
    }
  ],
  "signals": [
    {
      "quarter": "2025-09 (Q3)",
      "signal": "OPERATING LEVERAGE",
      "detail": "Rev growth +5.2% vs OpEx growth +2.9% (leverage: 1.8x)",
      "severity": "MEDIUM"
    },
    {
      "quarter": "2025-06 (Q2)",
      "signal": "GROSS MARGIN INFLECTION",
      "detail": "GM: +21.3% -> +20.7% -> +23.0% (reversal +2.3%)",
      "severity": "MEDIUM"
    },
    {
      "quarter": "2025-06 (Q2)",
      "signal": "YoY REVENUE GROWTH DECELERATION",
      "detail": "YoY growth: -23.9% vs prior quarter YoY: -16.3% (decel: -7.5%)",
      "severity": "WARNING"
    },
    {
      "quarter": "2025-03 (Q1)",
      "signal": "FCF TURNED POSITIVE",
      "detail": "FCF margin: -3.3% -> +3.8%",
      "severity": "HIGH"
    },
    {
      "quarter": "2025-03 (Q1)",
      "signal": "YoY REVENUE GROWTH DECELERATION",
      "detail": "YoY growth: -16.3% vs prior quarter YoY: -10.1% (decel: -6.2%)",
      "severity": "WARNING"
    },
    {
      "quarter": "2024-12 (Q4)",
      "signal": "YoY REVENUE GROWTH DECELERATION",
      "detail": "YoY growth: -10.1% vs prior quarter YoY: -2.6% (decel: -7.5%)",
      "severity": "WARNING"
    },
    {
      "quarter": "2024-09 (Q3)",
      "signal": "FCF TURNED POSITIVE",
      "detail": "FCF margin: -22.3% -> +1.9%",
      "severity": "HIGH"
    },
    {
      "quarter": "2024-09 (Q3)",
      "signal": "GROSS MARGIN INFLECTION",
      "detail": "GM: +28.2% -> +21.5% -> +24.3% (reversal +2.8%)",
      "severity": "MEDIUM"
    },
    {
      "quarter": "2024-09 (Q3)",
      "signal": "YoY REVENUE GROWTH ACCELERATION",
      "detail": "YoY growth: -2.6% vs prior quarter YoY: -28.5% (accel: +25.9%)",
      "severity": "HIGH"
    },
    {
      "quarter": "2024-06 (Q2)",
      "signal": "YoY REVENUE GROWTH DECELERATION",
      "detail": "YoY growth: -28.5% vs prior quarter YoY: -14.6% (decel: -13.9%)",
      "severity": "WARNING"
    },
    {
      "quarter": "2023-12 (Q4)",
      "signal": "GROSS MARGIN INFLECTION",
      "detail": "GM: +27.5% -> +24.3% -> +28.6% (reversal +4.3%)",
      "severity": "MEDIUM"
    },
    {
      "quarter": "2023-12 (Q4)",
      "signal": "YoY REVENUE GROWTH ACCELERATION",
      "detail": "YoY growth: -14.1% vs prior quarter YoY: -25.6% (accel: +11.6%)",
      "severity": "MEDIUM"
    },
    {
      "quarter": "2023-09 (Q3)",
      "signal": "FCF TURNED POSITIVE",
      "detail": "FCF margin: -3.5% -> +11.5%",
      "severity": "HIGH"
    },
    {
      "quarter": "2023-09 (Q3)",
      "signal": "YoY REVENUE GROWTH DECELERATION",
      "detail": "YoY growth: -25.6% vs prior quarter YoY: -16.5% (decel: -9.1%)",
      "severity": "WARNING"
    },
    {
      "quarter": "2023-06 (Q2)",
      "signal": "OP MARGIN TURNED POSITIVE (YoY)",
      "detail": "Op margin: -52.2% (year-ago) -> +8.2%",
      "severity": "HIGH"
    },
    {
      "quarter": "2023-06 (Q2)",
      "signal": "OP MARGIN TURNED POSITIVE (QoQ)",
      "detail": "Op margin: -40.3% -> +8.2%",
      "severity": "HIGH"
    },
    {
      "quarter": "2023-03 (Q1)",
      "signal": "FCF TURNED POSITIVE",
      "detail": "FCF margin: -6.1% -> +6.3%",
      "severity": "HIGH"
    },
    {
      "quarter": "2022-12 (Q4)",
      "signal": "YoY REVENUE GROWTH DECELERATION",
      "detail": "YoY growth: -15.2% vs prior quarter YoY: +3.7% (decel: -18.9%)",
      "severity": "WARNING"
    },
    {
      "quarter": "2022-09 (Q3)",
      "signal": "FCF TURNED POSITIVE",
      "detail": "FCF margin: -0.2% -> +10.2%",
      "severity": "HIGH"
    },
    {
      "quarter": "2022-09 (Q3)",
      "signal": "YoY REVENUE GROWTH DECELERATION",
      "detail": "YoY growth: +3.7% vs prior quarter YoY: +34.0% (decel: -30.3%)",
      "severity": "WARNING"
    },
    {
      "quarter": "2022-09 (Q3)",
      "signal": "OP MARGIN TURNED POSITIVE (YoY)",
      "detail": "Op margin: -2.4% (year-ago) -> +0.7%",
      "severity": "HIGH"
    },
    {
      "quarter": "2022-09 (Q3)",
      "signal": "OP MARGIN TURNED POSITIVE (QoQ)",
      "detail": "Op margin: -52.2% -> +0.7%",
      "severity": "HIGH"
    },
    {
      "quarter": "2022-06 (Q2)",
      "signal": "GROSS MARGIN INFLECTION",
      "detail": "GM: +27.5% -> +24.1% -> +28.8% (reversal +4.7%)",
      "severity": "MEDIUM"
    },
    {
      "quarter": "2022-06 (Q2)",
      "signal": "YoY REVENUE GROWTH ACCELERATION",
      "detail": "YoY growth: +34.0% vs prior quarter YoY: +26.9% (accel: +7.1%)",
      "severity": "MEDIUM"
    },
    {
      "quarter": "2022-03 (Q1)",
      "signal": "YoY REVENUE GROWTH ACCELERATION",
      "detail": "YoY growth: +26.9% vs prior quarter YoY: +21.8% (accel: +5.2%)",
      "severity": "MEDIUM"
    },
    {
      "quarter": "2021-12 (Q4)",
      "signal": "FCF TURNED POSITIVE",
      "detail": "FCF margin: -7.3% -> +19.4%",
      "severity": "HIGH"
    },
    {
      "quarter": "2021-12 (Q4)",
      "signal": "OPERATING LEVERAGE",
      "detail": "Rev growth +16.3% vs OpEx growth +8.6% (leverage: 1.9x)",
      "severity": "MEDIUM"
    },
    {
      "quarter": "2021-12 (Q4)",
      "signal": "INCREMENTAL MARGIN (YoY)",
      "detail": "YoY Incr OPM: +13.0% vs year-ago OPM: +2.6%",
      "severity": "MEDIUM"
    },
    {
      "quarter": "2021-12 (Q4)",
      "signal": "OP MARGIN TURNED POSITIVE (QoQ)",
      "detail": "Op margin: -2.4% -> +4.4%",
      "severity": "HIGH"
    },
    {
      "quarter": "2021-09 (Q3)",
      "signal": "GROSS MARGIN INFLECTION",
      "detail": "GM: +27.3% -> +22.9% -> +25.7% (reversal +2.9%)",
      "severity": "MEDIUM"
    }
  ],
  "data_quality": {
    "n_quarters": 20,
    "coverage": {
      "revenue": [
        20,
        20
      ],
      "gross_profit": [
        20,
        20
      ],
      "op_income": [
        20,
        20
      ],
      "fcf": [
        20,
        20
      ]
    },
    "gaps": [],
    "warnings": []
  },
  "market_cap": null,
  "source": "SEC EDGAR",
  "last_updated": "2026-02-02T23:17:18.242962",
  "sector": "Communication Services",
  "industry": "Advertising Agencies"
}