{
  "ticker": "FLR",
  "name": "FLUOR CORPORATION",
  "sector": "Industrials",
  "industry": "Engineering & Construction",
  "quarters": [
    {
      "date": "2021-03-31T00:00:00",
      "quarter_label": "2021-03 (Q1)",
      "revenue": 2938526000,
      "gross_profit": 92776000,
      "operating_income": -10480000,
      "net_income": -87024000,
      "opex": 103256000,
      "cogs": 2845750000,
      "rd": null,
      "sga": null,
      "fcf": -260000000,
      "ocf": -230000000,
      "capex": -30000000,
      "gross_margin": 0.0315722916863761,
      "op_margin": -0.003566413909558738,
      "fcf_margin": -0.0884797343974496
    },
    {
      "date": "2021-06-30T00:00:00",
      "quarter_label": "2021-06 (Q2)",
      "revenue": 3236407000,
      "gross_profit": 59465000,
      "operating_income": -2395000,
      "net_income": -114445000,
      "opex": 61860000,
      "cogs": 3176942000,
      "rd": null,
      "sga": null,
      "fcf": 60000000,
      "ocf": 76000000,
      "capex": -16000000,
      "gross_margin": 0.018373770666050344,
      "op_margin": -0.0007400181744755836,
      "fcf_margin": 0.01853907743988936,
      "op_leverage_ratio": null,
      "fcf_margin_change": 0.10701881183733897
    },
    {
      "date": "2021-09-30T00:00:00",
      "quarter_label": "2021-09 (Q3)",
      "revenue": 3103085000,
      "gross_profit": 106483000,
      "operating_income": 101565000,
      "net_income": 40469000,
      "opex": 4918000,
      "cogs": 2996602000,
      "rd": null,
      "sga": null,
      "fcf": -75000000,
      "ocf": -66000000,
      "capex": -9000000,
      "gross_margin": 0.0343152056743531,
      "op_margin": 0.03273033126710999,
      "fcf_margin": -0.024169495840429767,
      "fcf_margin_change": -0.04270857328031913
    },
    {
      "date": "2021-12-31T00:00:00",
      "quarter_label": "2021-12 (Q4)",
      "revenue": 3157000000,
      "gross_profit": 152869000,
      "operating_income": -148422000,
      "net_income": -279000000,
      "opex": 301291000,
      "cogs": 3003000000,
      "rd": null,
      "sga": null,
      "fcf": 225000000,
      "ocf": 245000000,
      "capex": -20000000,
      "gross_margin": 0.04842223630028508,
      "op_margin": -0.04701362052581565,
      "fcf_margin": 0.07127019322141273,
      "op_leverage_ratio": 0.0002883140625715315,
      "fcf_margin_change": 0.0954396890618425
    },
    {
      "date": "2022-03-31T00:00:00",
      "quarter_label": "2022-03 (Q1)",
      "revenue": 3122000000,
      "gross_profit": 123000000,
      "operating_income": 96000000,
      "net_income": 48000000,
      "opex": 27000000,
      "cogs": 2999000000,
      "rd": null,
      "sga": null,
      "fcf": -198000000,
      "ocf": -188000000,
      "capex": -10000000,
      "gross_margin": 0.03939782190903267,
      "op_margin": 0.03074951953875721,
      "fcf_margin": -0.06342088404868675,
      "incr_op_margin_yoy": 0.5803547096591343,
      "rev_growth_yoy": 0.06243742611091411,
      "fcf_margin_change": -0.1346910772700995
    },
    {
      "date": "2022-06-30T00:00:00",
      "quarter_label": "2022-06 (Q2)",
      "revenue": 3299000000,
      "gross_profit": 115000000,
      "operating_income": 106000000,
      "net_income": 66000000,
      "opex": 9000000,
      "cogs": 3184000000,
      "rd": null,
      "sga": null,
      "fcf": 42000000,
      "ocf": 55000000,
      "capex": -13000000,
      "gross_margin": 0.03485904819642316,
      "op_margin": 0.03213094877235526,
      "fcf_margin": 0.012731130645650197,
      "incr_op_margin_yoy": 1.731743166168741,
      "rev_growth_yoy": 0.019340274569916577,
      "rev_growth_yoy_accel": -0.04309715154099753,
      "op_leverage_ratio": null,
      "fcf_margin_change": 0.07615201469433694
    },
    {
      "date": "2022-09-30T00:00:00",
      "quarter_label": "2022-09 (Q3)",
      "revenue": 3612000000,
      "gross_profit": -15000000,
      "operating_income": -11000000,
      "net_income": 22000000,
      "opex": -4000000,
      "cogs": 3627000000,
      "rd": null,
      "sga": null,
      "fcf": 103000000,
      "ocf": 118000000,
      "capex": -15000000,
      "gross_margin": -0.004152823920265781,
      "op_margin": -0.003045404208194906,
      "fcf_margin": 0.02851605758582503,
      "incr_op_margin_yoy": -0.22118624917717103,
      "rev_growth_yoy": 0.16400291967509753,
      "rev_growth_yoy_accel": 0.14466264510518095,
      "op_leverage_ratio": null,
      "fcf_margin_change": 0.01578492694017483
    },
    {
      "date": "2022-12-31T00:00:00",
      "quarter_label": "2022-12 (Q4)",
      "revenue": 3710000000,
      "gross_profit": 133000000,
      "operating_income": 19000000,
      "net_income": 9000000,
      "opex": 114000000,
      "cogs": 3577000000,
      "rd": null,
      "sga": null,
      "fcf": 9000000,
      "ocf": 46000000,
      "capex": -37000000,
      "gross_margin": 0.035849056603773584,
      "op_margin": 0.005121293800539084,
      "fcf_margin": 0.002425876010781671,
      "incr_op_margin_yoy": 0.30275226039783004,
      "rev_growth_yoy": 0.17516629711751663,
      "rev_growth_yoy_accel": 0.011163377442419103,
      "op_leverage_ratio": null,
      "fcf_margin_change": -0.026090181575043357
    },
    {
      "date": "2023-03-31T00:00:00",
      "quarter_label": "2023-03 (Q1)",
      "revenue": 3752000000,
      "gross_profit": -38000000,
      "operating_income": -141000000,
      "net_income": -107000000,
      "opex": 103000000,
      "cogs": 3790000000,
      "rd": null,
      "sga": null,
      "fcf": -181000000,
      "ocf": -161000000,
      "capex": -20000000,
      "gross_margin": -0.010127931769722815,
      "op_margin": -0.03757995735607676,
      "fcf_margin": -0.0482409381663113,
      "incr_op_margin_yoy": -0.3761904761904762,
      "rev_growth_yoy": 0.20179372197309417,
      "rev_growth_yoy_accel": 0.026627424855577536,
      "op_leverage_ratio": null,
      "fcf_margin_change": -0.05066681417709297
    },
    {
      "date": "2023-06-30T00:00:00",
      "quarter_label": "2023-06 (Q2)",
      "revenue": 3939000000,
      "gross_profit": 198000000,
      "operating_income": 94000000,
      "net_income": 61000000,
      "opex": 104000000,
      "cogs": 3741000000,
      "rd": null,
      "sga": null,
      "fcf": 40000000,
      "ocf": 62000000,
      "capex": -22000000,
      "gross_margin": 0.05026656511805026,
      "op_margin": 0.023863924854023864,
      "fcf_margin": 0.010154861640010155,
      "incr_op_margin_yoy": -0.01875,
      "rev_growth_yoy": 0.19399818126705062,
      "rev_growth_yoy_accel": -0.007795540706043547,
      "op_leverage_ratio": 5.133528784648188,
      "fcf_margin_change": 0.05839579980632146
    },
    {
      "date": "2023-09-30T00:00:00",
      "quarter_label": "2023-09 (Q3)",
      "revenue": 3963000000,
      "gross_profit": 251000000,
      "operating_income": 218000000,
      "net_income": 206000000,
      "opex": 33000000,
      "cogs": 3712000000,
      "rd": null,
      "sga": null,
      "fcf": -26000000,
      "ocf": 3000000,
      "capex": -29000000,
      "gross_margin": 0.06333585667423669,
      "op_margin": 0.055008831693161744,
      "fcf_margin": -0.006560686348725713,
      "incr_op_margin_yoy": 0.6524216524216524,
      "rev_growth_yoy": 0.09717607973421927,
      "rev_growth_yoy_accel": -0.09682210153283136,
      "fcf_margin_change": -0.016715547988735868
    },
    {
      "date": "2023-12-31T00:00:00",
      "quarter_label": "2023-12 (Q4)",
      "revenue": 3820000000,
      "gross_profit": 66000000,
      "operating_income": -25000000,
      "net_income": -22000000,
      "opex": 91000000,
      "cogs": 3754000000,
      "rd": null,
      "sga": null,
      "fcf": 273000000,
      "ocf": 308000000,
      "capex": -35000000,
      "gross_margin": 0.017277486910994764,
      "op_margin": -0.006544502617801047,
      "fcf_margin": 0.07146596858638743,
      "incr_op_margin_yoy": -0.4,
      "rev_growth_yoy": 0.029649595687331536,
      "rev_growth_yoy_accel": -0.06752648404688773,
      "fcf_margin_change": 0.07802665493511314
    },
    {
      "date": "2024-03-31T00:00:00",
      "quarter_label": "2024-03 (Q1)",
      "revenue": 3734000000,
      "gross_profit": 99000000,
      "operating_income": 52000000,
      "net_income": 59000000,
      "opex": 47000000,
      "cogs": 3635000000,
      "rd": null,
      "sga": null,
      "fcf": -145000000,
      "ocf": -111000000,
      "capex": -34000000,
      "gross_margin": 0.026513122656668452,
      "op_margin": 0.013926084627745045,
      "fcf_margin": -0.03883235136582753,
      "incr_op_margin_yoy": -10.722222222222221,
      "rev_growth_yoy": -0.004797441364605544,
      "rev_growth_yoy_accel": -0.03444703705193708,
      "fcf_margin_change": -0.11029831995221495
    },
    {
      "date": "2024-06-30T00:00:00",
      "quarter_label": "2024-06 (Q2)",
      "revenue": 4227000000,
      "gross_profit": 178000000,
      "operating_income": 176000000,
      "net_income": 169000000,
      "opex": 2000000,
      "cogs": 4049000000,
      "rd": null,
      "sga": null,
      "fcf": 234000000,
      "ocf": 282000000,
      "capex": -48000000,
      "gross_margin": 0.04211024367163473,
      "op_margin": 0.04163709486633546,
      "fcf_margin": 0.05535841022001419,
      "incr_op_margin_yoy": 0.2847222222222222,
      "rev_growth_yoy": 0.07311500380807312,
      "rev_growth_yoy_accel": 0.07791244517267866,
      "op_leverage_ratio": null,
      "fcf_margin_change": 0.09419076158584172
    },
    {
      "date": "2024-09-30T00:00:00",
      "quarter_label": "2024-09 (Q3)",
      "revenue": 4094000000,
      "gross_profit": 88000000,
      "operating_income": 49000000,
      "net_income": 54000000,
      "opex": 39000000,
      "cogs": 4006000000,
      "rd": null,
      "sga": null,
      "fcf": 279000000,
      "ocf": 330000000,
      "capex": -51000000,
      "gross_margin": 0.02149487054225696,
      "op_margin": 0.011968734733756717,
      "fcf_margin": 0.06814851001465559,
      "incr_op_margin_yoy": -1.2900763358778626,
      "rev_growth_yoy": 0.03305576583396417,
      "rev_growth_yoy_accel": -0.04005923797410895,
      "fcf_margin_change": 0.0127900997946414
    },
    {
      "date": "2024-12-31T00:00:00",
      "quarter_label": "2024-12 (Q4)",
      "revenue": 4260000000,
      "gross_profit": 208000000,
      "operating_income": 186000000,
      "net_income": 1863000000,
      "opex": 22000000,
      "cogs": 4052000000,
      "rd": null,
      "sga": null,
      "fcf": 296000000,
      "ocf": 327000000,
      "capex": -31000000,
      "gross_margin": 0.048826291079812206,
      "op_margin": 0.04366197183098591,
      "fcf_margin": 0.06948356807511737,
      "incr_op_margin_yoy": 0.47954545454545455,
      "rev_growth_yoy": 0.11518324607329843,
      "rev_growth_yoy_accel": 0.08212748023933425,
      "op_leverage_ratio": null,
      "fcf_margin_change": 0.0013350580604617746
    },
    {
      "date": "2025-03-31T00:00:00",
      "quarter_label": "2025-03 (Q1)",
      "revenue": 3982000000,
      "gross_profit": 140000000,
      "operating_income": 91000000,
      "net_income": -241000000,
      "opex": 49000000,
      "cogs": 3842000000,
      "rd": null,
      "sga": null,
      "fcf": -297000000,
      "ocf": -286000000,
      "capex": -11000000,
      "gross_margin": 0.03515821195379206,
      "op_margin": 0.022852837769964843,
      "fcf_margin": -0.07458563535911603,
      "incr_op_margin_yoy": 0.15725806451612903,
      "rev_growth_yoy": 0.0664167113015533,
      "rev_growth_yoy_accel": -0.048766534771745126,
      "fcf_margin_change": -0.1440692034342334
    },
    {
      "date": "2025-06-30T00:00:00",
      "quarter_label": "2025-06 (Q2)",
      "revenue": 3978000000,
      "gross_profit": 56000000,
      "operating_income": -26000000,
      "net_income": 2460000000,
      "opex": 82000000,
      "cogs": 3922000000,
      "rd": null,
      "sga": null,
      "fcf": -35000000,
      "ocf": -21000000,
      "capex": -14000000,
      "gross_margin": 0.014077425842131725,
      "op_margin": -0.006535947712418301,
      "fcf_margin": -0.008798391151332328,
      "incr_op_margin_yoy": 0.8112449799196787,
      "rev_growth_yoy": -0.058907026259758695,
      "rev_growth_yoy_accel": -0.125323737561312,
      "fcf_margin_change": 0.0657872442077837
    },
    {
      "date": "2025-09-30T00:00:00",
      "quarter_label": "2025-09 (Q3)",
      "revenue": 3368000000,
      "gross_profit": -449000000,
      "operating_income": -496000000,
      "net_income": -697000000,
      "opex": 47000000,
      "cogs": 3817000000,
      "rd": null,
      "sga": null,
      "fcf": 273000000,
      "ocf": 286000000,
      "capex": -13000000,
      "gross_margin": -0.13331353919239905,
      "op_margin": -0.14726840855106887,
      "fcf_margin": 0.08105700712589074,
      "incr_op_margin_yoy": 0.7506887052341598,
      "rev_growth_yoy": -0.17733268197361993,
      "rev_growth_yoy_accel": -0.11842565571386124,
      "fcf_margin_change": 0.08985539827722307
    },
    {
      "date": "2025-12-31T00:00:00",
      "quarter_label": "2025-12 (Q4)",
      "revenue": 4176000000,
      "gross_profit": 133000000,
      "operating_income": 53000000,
      "net_income": -1573000000,
      "opex": 80000000,
      "cogs": 4043000000,
      "rd": null,
      "sga": null,
      "fcf": -378000000,
      "ocf": -366000000,
      "capex": -12000000,
      "gross_margin": 0.031848659003831416,
      "op_margin": 0.012691570881226053,
      "fcf_margin": -0.09051724137931035,
      "incr_op_margin_yoy": 1.5833333333333333,
      "rev_growth_yoy": -0.01971830985915493,
      "rev_growth_yoy_accel": 0.157614372114465,
      "op_leverage_ratio": 0.3416828618728856,
      "fcf_margin_change": -0.1715742485052011
    }
  ],
  "signals": [
    {
      "quarter": "2025-12 (Q4)",
      "signal": "GROSS MARGIN INFLECTION",
      "detail": "GM: +1.4% -> -13.3% -> +3.2% (reversal +16.5%)",
      "severity": "HIGH"
    },
    {
      "quarter": "2025-12 (Q4)",
      "signal": "YoY REVENUE GROWTH ACCELERATION",
      "detail": "YoY growth: -2.0% vs prior quarter YoY: -17.7% (accel: +15.8%)",
      "severity": "HIGH"
    },
    {
      "quarter": "2025-12 (Q4)",
      "signal": "INCREMENTAL MARGIN (YoY)",
      "detail": "YoY Incr OPM: +158.3% vs year-ago OPM: +4.4%",
      "severity": "HIGH"
    },
    {
      "quarter": "2025-12 (Q4)",
      "signal": "OP MARGIN TURNED POSITIVE (QoQ)",
      "detail": "Op margin: -14.7% -> +1.3%",
      "severity": "HIGH"
    },
    {
      "quarter": "2025-09 (Q3)",
      "signal": "FCF TURNED POSITIVE",
      "detail": "FCF margin: -0.9% -> +8.1%",
      "severity": "HIGH"
    },
    {
      "quarter": "2025-09 (Q3)",
      "signal": "YoY REVENUE GROWTH DECELERATION",
      "detail": "YoY growth: -17.7% vs prior quarter YoY: -5.9% (decel: -11.8%)",
      "severity": "WARNING"
    },
    {
      "quarter": "2025-06 (Q2)",
      "signal": "FCF MARGIN EXPANSION",
      "detail": "FCF margin: -7.5% -> -0.9% (+6.6%)",
      "severity": "MEDIUM"
    },
    {
      "quarter": "2025-06 (Q2)",
      "signal": "YoY REVENUE GROWTH DECELERATION",
      "detail": "YoY growth: -5.9% vs prior quarter YoY: +6.6% (decel: -12.5%)",
      "severity": "WARNING"
    },
    {
      "quarter": "2025-03 (Q1)",
      "signal": "INCREMENTAL MARGIN (YoY)",
      "detail": "YoY Incr OPM: +15.7% vs year-ago OPM: +1.4%",
      "severity": "MEDIUM"
    },
    {
      "quarter": "2024-12 (Q4)",
      "signal": "GROSS MARGIN INFLECTION",
      "detail": "GM: +4.2% -> +2.1% -> +4.9% (reversal +2.7%)",
      "severity": "MEDIUM"
    },
    {
      "quarter": "2024-12 (Q4)",
      "signal": "YoY REVENUE GROWTH ACCELERATION",
      "detail": "YoY growth: +11.5% vs prior quarter YoY: +3.3% (accel: +8.2%)",
      "severity": "MEDIUM"
    },
    {
      "quarter": "2024-12 (Q4)",
      "signal": "OP MARGIN TURNED POSITIVE (YoY)",
      "detail": "Op margin: -0.7% (year-ago) -> +4.4%",
      "severity": "HIGH"
    },
    {
      "quarter": "2024-06 (Q2)",
      "signal": "FCF TURNED POSITIVE",
      "detail": "FCF margin: -3.9% -> +5.5%",
      "severity": "HIGH"
    },
    {
      "quarter": "2024-06 (Q2)",
      "signal": "YoY REVENUE GROWTH ACCELERATION",
      "detail": "YoY growth: +7.3% vs prior quarter YoY: -0.5% (accel: +7.8%)",
      "severity": "MEDIUM"
    },
    {
      "quarter": "2024-06 (Q2)",
      "signal": "INCREMENTAL MARGIN (YoY)",
      "detail": "YoY Incr OPM: +28.5% vs year-ago OPM: +2.4%",
      "severity": "HIGH"
    },
    {
      "quarter": "2024-03 (Q1)",
      "signal": "OP MARGIN TURNED POSITIVE (YoY)",
      "detail": "Op margin: -3.8% (year-ago) -> +1.4%",
      "severity": "HIGH"
    },
    {
      "quarter": "2024-03 (Q1)",
      "signal": "OP MARGIN TURNED POSITIVE (QoQ)",
      "detail": "Op margin: -0.7% -> +1.4%",
      "severity": "HIGH"
    },
    {
      "quarter": "2023-12 (Q4)",
      "signal": "FCF TURNED POSITIVE",
      "detail": "FCF margin: -0.7% -> +7.1%",
      "severity": "HIGH"
    },
    {
      "quarter": "2023-12 (Q4)",
      "signal": "YoY REVENUE GROWTH DECELERATION",
      "detail": "YoY growth: +3.0% vs prior quarter YoY: +9.7% (decel: -6.8%)",
      "severity": "WARNING"
    },
    {
      "quarter": "2023-09 (Q3)",
      "signal": "YoY REVENUE GROWTH DECELERATION",
      "detail": "YoY growth: +9.7% vs prior quarter YoY: +19.4% (decel: -9.7%)",
      "severity": "WARNING"
    },
    {
      "quarter": "2023-09 (Q3)",
      "signal": "OP MARGIN TURNED POSITIVE (YoY)",
      "detail": "Op margin: -0.3% (year-ago) -> +5.5%",
      "severity": "HIGH"
    },
    {
      "quarter": "2023-06 (Q2)",
      "signal": "FCF TURNED POSITIVE",
      "detail": "FCF margin: -4.8% -> +1.0%",
      "severity": "HIGH"
    },
    {
      "quarter": "2023-06 (Q2)",
      "signal": "OPERATING LEVERAGE",
      "detail": "Rev growth +5.0% vs OpEx growth +1.0% (leverage: 5.1x)",
      "severity": "MEDIUM"
    },
    {
      "quarter": "2023-06 (Q2)",
      "signal": "GROSS MARGIN INFLECTION",
      "detail": "GM: +3.6% -> -1.0% -> +5.0% (reversal +6.0%)",
      "severity": "HIGH"
    },
    {
      "quarter": "2023-06 (Q2)",
      "signal": "OP MARGIN TURNED POSITIVE (QoQ)",
      "detail": "Op margin: -3.8% -> +2.4%",
      "severity": "HIGH"
    },
    {
      "quarter": "2022-12 (Q4)",
      "signal": "GROSS MARGIN INFLECTION",
      "detail": "GM: +3.5% -> -0.4% -> +3.6% (reversal +4.0%)",
      "severity": "MEDIUM"
    },
    {
      "quarter": "2022-12 (Q4)",
      "signal": "OP MARGIN TURNED POSITIVE (YoY)",
      "detail": "Op margin: -4.7% (year-ago) -> +0.5%",
      "severity": "HIGH"
    },
    {
      "quarter": "2022-12 (Q4)",
      "signal": "OP MARGIN TURNED POSITIVE (QoQ)",
      "detail": "Op margin: -0.3% -> +0.5%",
      "severity": "HIGH"
    },
    {
      "quarter": "2022-09 (Q3)",
      "signal": "YoY REVENUE GROWTH ACCELERATION",
      "detail": "YoY growth: +16.4% vs prior quarter YoY: +1.9% (accel: +14.5%)",
      "severity": "MEDIUM"
    },
    {
      "quarter": "2022-06 (Q2)",
      "signal": "FCF TURNED POSITIVE",
      "detail": "FCF margin: -6.3% -> +1.3%",
      "severity": "HIGH"
    },
    {
      "quarter": "2022-06 (Q2)",
      "signal": "OP MARGIN TURNED POSITIVE (YoY)",
      "detail": "Op margin: -0.1% (year-ago) -> +3.2%",
      "severity": "HIGH"
    },
    {
      "quarter": "2022-03 (Q1)",
      "signal": "OP MARGIN TURNED POSITIVE (YoY)",
      "detail": "Op margin: -0.4% (year-ago) -> +3.1%",
      "severity": "HIGH"
    },
    {
      "quarter": "2022-03 (Q1)",
      "signal": "OP MARGIN TURNED POSITIVE (QoQ)",
      "detail": "Op margin: -4.7% -> +3.1%",
      "severity": "HIGH"
    },
    {
      "quarter": "2021-12 (Q4)",
      "signal": "FCF TURNED POSITIVE",
      "detail": "FCF margin: -2.4% -> +7.1%",
      "severity": "HIGH"
    },
    {
      "quarter": "2021-09 (Q3)",
      "signal": "OP MARGIN TURNED POSITIVE (QoQ)",
      "detail": "Op margin: -0.1% -> +3.3%",
      "severity": "HIGH"
    },
    {
      "quarter": "2021-06 (Q2)",
      "signal": "FCF TURNED POSITIVE",
      "detail": "FCF margin: -8.8% -> +1.9%",
      "severity": "HIGH"
    }
  ],
  "data_quality": {
    "n_quarters": 20,
    "coverage": {
      "revenue": [
        20,
        20
      ],
      "gross_profit": [
        20,
        20
      ],
      "op_income": [
        20,
        20
      ],
      "fcf": [
        20,
        20
      ]
    },
    "gaps": [],
    "warnings": []
  },
  "market_cap": null,
  "source": "SEC EDGAR",
  "last_updated": "2026-02-24T10:37:06.089019"
}