{
  "ticker": "FLUT",
  "name": "Flutter Entertainment plc",
  "quarters": [
    {
      "date": "2023-03-31T00:00:00",
      "quarter_label": "2023-03 (Q1)",
      "revenue": 2918000000,
      "gross_profit": 1377000000,
      "operating_income": -15000000,
      "net_income": -111000000,
      "opex": 1392000000,
      "cogs": 1541000000,
      "rd": 168000000,
      "sga": null,
      "fcf": -67000000,
      "ocf": -49000000,
      "capex": -18000000,
      "gross_margin": 0.4718985606579849,
      "op_margin": -0.005140507196710075,
      "fcf_margin": -0.022960932145305004
    },
    {
      "date": "2023-06-30T00:00:00",
      "quarter_label": "2023-06 (Q2)",
      "revenue": 3001000000,
      "gross_profit": 1510000000,
      "operating_income": 222000000,
      "net_income": null,
      "opex": 1288000000,
      "cogs": 1491000000,
      "rd": 176000000,
      "sga": null,
      "fcf": 10000000,
      "ocf": 41000000,
      "capex": -31000000,
      "gross_margin": 0.5031656114628457,
      "op_margin": 0.07397534155281572,
      "fcf_margin": 0.003332222592469177,
      "op_leverage_ratio": Infinity,
      "fcf_margin_change": 0.02629315473777418
    },
    {
      "date": "2023-09-30T00:00:00",
      "quarter_label": "2023-09 (Q3)",
      "revenue": 2558000000,
      "gross_profit": 1172000000,
      "operating_income": -137000000,
      "net_income": null,
      "opex": 1309000000,
      "cogs": 1386000000,
      "rd": 214000000,
      "sga": null,
      "fcf": 533000000,
      "ocf": 554000000,
      "capex": -21000000,
      "gross_margin": 0.4581704456606724,
      "op_margin": -0.053557466770914774,
      "fcf_margin": 0.20836591086786552,
      "fcf_margin_change": 0.20503368827539634
    },
    {
      "date": "2023-12-31T00:00:00",
      "quarter_label": "2023-12 (Q4)",
      "revenue": 3313000000,
      "gross_profit": 1529000000,
      "operating_income": -619000000,
      "net_income": null,
      "opex": 2148000000,
      "cogs": 1784000000,
      "rd": 207000000,
      "sga": null,
      "fcf": 302000000,
      "ocf": 391000000,
      "capex": -89000000,
      "gross_margin": 0.4615152429821914,
      "op_margin": -0.18683972230606702,
      "fcf_margin": 0.09115605191669182,
      "op_leverage_ratio": 0.4604941285886154,
      "fcf_margin_change": -0.1172098589511737
    },
    {
      "date": "2024-03-31T00:00:00",
      "quarter_label": "2024-03 (Q1)",
      "revenue": 3397000000,
      "gross_profit": 1604000000,
      "operating_income": 124000000,
      "net_income": -177000000,
      "opex": 1480000000,
      "cogs": 1793000000,
      "rd": 190000000,
      "sga": null,
      "fcf": 315000000,
      "ocf": 337000000,
      "capex": -22000000,
      "gross_margin": 0.47218133647335886,
      "op_margin": 0.03650279658522226,
      "fcf_margin": 0.09272887842213717,
      "incr_op_margin_yoy": 0.29018789144050106,
      "rev_growth_yoy": 0.16415352981494175,
      "op_leverage_ratio": Infinity,
      "fcf_margin_change": 0.0015728265054453516
    },
    {
      "date": "2024-06-30T00:00:00",
      "quarter_label": "2024-06 (Q2)",
      "revenue": 3611000000,
      "gross_profit": 1776000000,
      "operating_income": 369000000,
      "net_income": null,
      "opex": 1407000000,
      "cogs": 1835000000,
      "rd": 216000000,
      "sga": null,
      "fcf": 295000000,
      "ocf": 323000000,
      "capex": -28000000,
      "gross_margin": 0.4918305178620881,
      "op_margin": 0.10218775962337302,
      "fcf_margin": 0.08169482137911936,
      "incr_op_margin_yoy": 0.24098360655737705,
      "rev_growth_yoy": 0.2032655781406198,
      "rev_growth_yoy_accel": 0.03911204832567805,
      "op_leverage_ratio": Infinity,
      "fcf_margin_change": -0.011034057043017811
    },
    {
      "date": "2024-09-30T00:00:00",
      "quarter_label": "2024-09 (Q3)",
      "revenue": 3248000000,
      "gross_profit": 1496000000,
      "operating_income": 97000000,
      "net_income": null,
      "opex": 1399000000,
      "cogs": 1752000000,
      "rd": 213000000,
      "sga": null,
      "fcf": 253000000,
      "ocf": 290000000,
      "capex": -37000000,
      "gross_margin": 0.4605911330049261,
      "op_margin": 0.029864532019704435,
      "fcf_margin": 0.07789408866995073,
      "incr_op_margin_yoy": 0.3391304347826087,
      "rev_growth_yoy": 0.26974198592650506,
      "rev_growth_yoy_accel": 0.06647640778588526,
      "fcf_margin_change": -0.0038007327091686277
    },
    {
      "date": "2024-12-31T00:00:00",
      "quarter_label": "2024-12 (Q4)",
      "revenue": 3792000000,
      "gross_profit": 1826000000,
      "operating_income": 279000000,
      "net_income": null,
      "opex": 1547000000,
      "cogs": 1966000000,
      "rd": 201000000,
      "sga": null,
      "fcf": 595000000,
      "ocf": 652000000,
      "capex": -57000000,
      "gross_margin": 0.48154008438818563,
      "op_margin": 0.07357594936708861,
      "fcf_margin": 0.15690928270042195,
      "incr_op_margin_yoy": 1.8747390396659707,
      "rev_growth_yoy": 0.14458194989435558,
      "rev_growth_yoy_accel": -0.12516003603214948,
      "op_leverage_ratio": 1.5832112901078417,
      "fcf_margin_change": 0.07901519403047122
    },
    {
      "date": "2025-03-31T00:00:00",
      "quarter_label": "2025-03 (Q1)",
      "revenue": 3665000000,
      "gross_profit": 1709000000,
      "operating_income": 223000000,
      "net_income": null,
      "opex": 1486000000,
      "cogs": 1956000000,
      "rd": 215000000,
      "sga": null,
      "fcf": 169000000,
      "ocf": 188000000,
      "capex": -19000000,
      "gross_margin": 0.46630286493860845,
      "op_margin": 0.06084583901773533,
      "fcf_margin": 0.0461118690313779,
      "incr_op_margin_yoy": 0.3694029850746269,
      "rev_growth_yoy": 0.07889314100677068,
      "rev_growth_yoy_accel": -0.0656888088875849,
      "fcf_margin_change": -0.11079741366904405
    },
    {
      "date": "2025-06-30T00:00:00",
      "quarter_label": "2025-06 (Q2)",
      "revenue": 4187000000,
      "gross_profit": 1959000000,
      "operating_income": 389000000,
      "net_income": null,
      "opex": 1570000000,
      "cogs": 2228000000,
      "rd": 256000000,
      "sga": null,
      "fcf": 322000000,
      "ocf": 359000000,
      "capex": -37000000,
      "gross_margin": 0.4678767614043468,
      "op_margin": 0.0929066157153093,
      "fcf_margin": 0.07690470503940769,
      "incr_op_margin_yoy": 0.034722222222222224,
      "rev_growth_yoy": 0.15951260038770423,
      "rev_growth_yoy_accel": 0.08061945938093355,
      "op_leverage_ratio": 2.5196258039368544,
      "fcf_margin_change": 0.03079283600802979
    },
    {
      "date": "2025-09-30T00:00:00",
      "quarter_label": "2025-09 (Q3)",
      "revenue": 3794000000,
      "gross_profit": 1626000000,
      "operating_income": -834000000,
      "net_income": null,
      "opex": 2460000000,
      "cogs": 2168000000,
      "rd": 275000000,
      "sga": null,
      "fcf": 196000000,
      "ocf": 209000000,
      "capex": -13000000,
      "gross_margin": 0.42857142857142855,
      "op_margin": -0.2198207696362678,
      "fcf_margin": 0.05166051660516605,
      "incr_op_margin_yoy": -1.705128205128205,
      "rev_growth_yoy": 0.16810344827586207,
      "rev_growth_yoy_accel": 0.008590847888157838,
      "fcf_margin_change": -0.025244188434241636
    }
  ],
  "signals": [
    {
      "quarter": "2025-06 (Q2)",
      "signal": "OPERATING LEVERAGE",
      "detail": "Rev growth +14.2% vs OpEx growth +5.7% (leverage: 2.5x)",
      "severity": "MEDIUM"
    },
    {
      "quarter": "2025-06 (Q2)",
      "signal": "YoY REVENUE GROWTH ACCELERATION",
      "detail": "YoY growth: +16.0% vs prior quarter YoY: +7.9% (accel: +8.1%)",
      "severity": "MEDIUM"
    },
    {
      "quarter": "2025-03 (Q1)",
      "signal": "YoY REVENUE GROWTH DECELERATION",
      "detail": "YoY growth: +7.9% vs prior quarter YoY: +14.5% (decel: -6.6%)",
      "severity": "WARNING"
    },
    {
      "quarter": "2025-03 (Q1)",
      "signal": "INCREMENTAL MARGIN (YoY)",
      "detail": "YoY Incr OPM: +36.9% vs year-ago OPM: +3.7%",
      "severity": "HIGH"
    },
    {
      "quarter": "2024-12 (Q4)",
      "signal": "FCF MARGIN EXPANSION",
      "detail": "FCF margin: +7.8% -> +15.7% (+7.9%)",
      "severity": "MEDIUM"
    },
    {
      "quarter": "2024-12 (Q4)",
      "signal": "OPERATING LEVERAGE",
      "detail": "Rev growth +16.7% vs OpEx growth +10.6% (leverage: 1.6x)",
      "severity": "MEDIUM"
    },
    {
      "quarter": "2024-12 (Q4)",
      "signal": "GROSS MARGIN INFLECTION",
      "detail": "GM: +49.2% -> +46.1% -> +48.2% (reversal +2.1%)",
      "severity": "MEDIUM"
    },
    {
      "quarter": "2024-12 (Q4)",
      "signal": "YoY REVENUE GROWTH DECELERATION",
      "detail": "YoY growth: +14.5% vs prior quarter YoY: +27.0% (decel: -12.5%)",
      "severity": "WARNING"
    },
    {
      "quarter": "2024-12 (Q4)",
      "signal": "OP MARGIN TURNED POSITIVE (YoY)",
      "detail": "Op margin: -18.7% (year-ago) -> +7.4%",
      "severity": "HIGH"
    },
    {
      "quarter": "2024-09 (Q3)",
      "signal": "YoY REVENUE GROWTH ACCELERATION",
      "detail": "YoY growth: +27.0% vs prior quarter YoY: +20.3% (accel: +6.6%)",
      "severity": "MEDIUM"
    },
    {
      "quarter": "2024-09 (Q3)",
      "signal": "OP MARGIN TURNED POSITIVE (YoY)",
      "detail": "Op margin: -5.4% (year-ago) -> +3.0%",
      "severity": "HIGH"
    },
    {
      "quarter": "2024-06 (Q2)",
      "signal": "INCREMENTAL MARGIN (YoY)",
      "detail": "YoY Incr OPM: +24.1% vs year-ago OPM: +7.4%",
      "severity": "MEDIUM"
    },
    {
      "quarter": "2024-03 (Q1)",
      "signal": "OP MARGIN TURNED POSITIVE (YoY)",
      "detail": "Op margin: -0.5% (year-ago) -> +3.7%",
      "severity": "HIGH"
    },
    {
      "quarter": "2024-03 (Q1)",
      "signal": "OP MARGIN TURNED POSITIVE (QoQ)",
      "detail": "Op margin: -18.7% -> +3.7%",
      "severity": "HIGH"
    },
    {
      "quarter": "2023-09 (Q3)",
      "signal": "FCF MARGIN EXPANSION",
      "detail": "FCF margin: +0.3% -> +20.8% (+20.5%)",
      "severity": "MEDIUM"
    },
    {
      "quarter": "2023-06 (Q2)",
      "signal": "FCF TURNED POSITIVE",
      "detail": "FCF margin: -2.3% -> +0.3%",
      "severity": "HIGH"
    },
    {
      "quarter": "2023-06 (Q2)",
      "signal": "OP MARGIN TURNED POSITIVE (QoQ)",
      "detail": "Op margin: -0.5% -> +7.4%",
      "severity": "HIGH"
    }
  ],
  "data_quality": {
    "n_quarters": 11,
    "coverage": {
      "revenue": [
        11,
        11
      ],
      "gross_profit": [
        11,
        11
      ],
      "op_income": [
        11,
        11
      ],
      "fcf": [
        11,
        11
      ]
    },
    "gaps": [],
    "warnings": []
  },
  "market_cap": null,
  "source": "SEC EDGAR",
  "last_updated": "2026-02-02T20:09:16.421213",
  "sector": "Consumer Cyclical",
  "industry": "Gambling"
}