{
  "ticker": "FLUX",
  "name": "FLUX POWER HOLDINGS, INC.",
  "sector": "Industrials",
  "industry": "Electrical Equipment & Parts",
  "quarters": [
    {
      "date": "2021-03-31T00:00:00",
      "quarter_label": "2021-03 (Q1)",
      "revenue": 6964000,
      "gross_profit": 1677000,
      "operating_income": -2968000,
      "net_income": -1725000,
      "opex": 4645000,
      "cogs": 5287000,
      "rd": 1523000,
      "sga": 3122000,
      "fcf": -3985000,
      "ocf": -3710000,
      "capex": -275000,
      "gross_margin": 0.24080987937966686,
      "op_margin": -0.42619184376794944,
      "fcf_margin": -0.5722286042504308
    },
    {
      "date": "2021-06-30T00:00:00",
      "quarter_label": "2021-06 (Q2)",
      "revenue": 8325000,
      "gross_profit": 1751000,
      "operating_income": -3716000,
      "net_income": -3720000,
      "opex": 5467000,
      "cogs": 6574000,
      "rd": 2045000,
      "sga": 3422000,
      "fcf": -4768000,
      "ocf": -4358000,
      "capex": -410000,
      "gross_margin": 0.21033033033033033,
      "op_margin": -0.44636636636636634,
      "fcf_margin": -0.5727327327327327,
      "op_leverage_ratio": 1.1043666000047516,
      "fcf_margin_change": -0.0005041284823019687
    },
    {
      "date": "2021-09-30T00:00:00",
      "quarter_label": "2021-09 (Q3)",
      "revenue": 6271000,
      "gross_profit": 1338000,
      "operating_income": -4127000,
      "net_income": -4130000,
      "opex": 5465000,
      "cogs": 4933000,
      "rd": 1967000,
      "sga": 3498000,
      "fcf": -4654000,
      "ocf": -4416000,
      "capex": -238000,
      "gross_margin": 0.2133630999840536,
      "op_margin": -0.6581087545845957,
      "fcf_margin": -0.7421463881358635,
      "fcf_margin_change": -0.1694136554031308
    },
    {
      "date": "2021-12-31T00:00:00",
      "quarter_label": "2021-12 (Q4)",
      "revenue": 7690000,
      "gross_profit": 1042000,
      "operating_income": -5046000,
      "net_income": -5077000,
      "opex": 6088000,
      "cogs": 6648000,
      "rd": 2088000,
      "sga": 4000000,
      "fcf": -11277000,
      "ocf": -10985000,
      "capex": -292000,
      "gross_margin": 0.13550065019505853,
      "op_margin": -0.6561768530559168,
      "fcf_margin": -1.4664499349804943,
      "op_leverage_ratio": 1.9849415114492992,
      "fcf_margin_change": -0.7243035468446307
    },
    {
      "date": "2022-03-31T00:00:00",
      "quarter_label": "2022-03 (Q1)",
      "revenue": 13177000,
      "gross_profit": 1920000,
      "operating_income": -3697000,
      "net_income": -3749000,
      "opex": 5617000,
      "cogs": 11257000,
      "rd": 1713000,
      "sga": 3904000,
      "fcf": -4051000,
      "ocf": -3937000,
      "capex": -114000,
      "gross_margin": 0.14570843135766867,
      "op_margin": -0.28056462017151096,
      "fcf_margin": -0.3074296122030811,
      "incr_op_margin_yoy": -0.11733462095605987,
      "rev_growth_yoy": 0.8921596783457783,
      "op_leverage_ratio": null,
      "fcf_margin_change": 1.1590203227774132
    },
    {
      "date": "2022-06-30T00:00:00",
      "quarter_label": "2022-06 (Q2)",
      "revenue": 15195000,
      "gross_profit": 2714000,
      "operating_income": -2672000,
      "net_income": -2838000,
      "opex": 5486000,
      "cogs": 12196000,
      "rd": 1373000,
      "sga": 4113000,
      "fcf": -4708000,
      "ocf": -4555000,
      "capex": -153000,
      "gross_margin": 0.17861138532411977,
      "op_margin": -0.17584731819677527,
      "fcf_margin": -0.3098387627509049,
      "incr_op_margin_yoy": 0.15196506550218342,
      "rev_growth_yoy": 0.8252252252252252,
      "rev_growth_yoy_accel": -0.06693445312055302,
      "op_leverage_ratio": null,
      "fcf_margin_change": -0.0024091505478237574
    },
    {
      "date": "2022-09-30T00:00:00",
      "quarter_label": "2022-09 (Q3)",
      "revenue": 17840000,
      "gross_profit": 3948000,
      "operating_income": -1811000,
      "net_income": -2139000,
      "opex": 5759000,
      "cogs": 13892000,
      "rd": 1223000,
      "sga": 4536000,
      "fcf": -941000,
      "ocf": -589000,
      "capex": -352000,
      "gross_margin": 0.22130044843049326,
      "op_margin": -0.1015134529147982,
      "fcf_margin": -0.05274663677130045,
      "incr_op_margin_yoy": 0.20019016336762036,
      "rev_growth_yoy": 1.8448413331207143,
      "rev_growth_yoy_accel": 1.019616107895489,
      "op_leverage_ratio": 3.497986493050659,
      "fcf_margin_change": 0.25709212597960446
    },
    {
      "date": "2022-12-31T00:00:00",
      "quarter_label": "2022-12 (Q4)",
      "revenue": 17158000,
      "gross_profit": 4108000,
      "operating_income": -1304000,
      "net_income": -1681000,
      "opex": 5412000,
      "cogs": 13050000,
      "rd": 1162000,
      "sga": 4250000,
      "fcf": -1295000,
      "ocf": -1303000,
      "capex": 8000,
      "gross_margin": 0.23942184403776665,
      "op_margin": -0.07599953374519175,
      "fcf_margin": -0.07547499708590745,
      "incr_op_margin_yoy": 0.39522602450359107,
      "rev_growth_yoy": 1.2312093628088427,
      "rev_growth_yoy_accel": -0.6136319703118716,
      "fcf_margin_change": -0.022728360314607003
    },
    {
      "date": "2023-03-31T00:00:00",
      "quarter_label": "2023-03 (Q1)",
      "revenue": 15087000,
      "gross_profit": 4719000,
      "operating_income": -1187000,
      "net_income": -1445000,
      "opex": 5906000,
      "cogs": 10368000,
      "rd": 1182000,
      "sga": 4724000,
      "fcf": -3714000,
      "ocf": -3305000,
      "capex": -409000,
      "gross_margin": 0.3127858421157288,
      "op_margin": -0.0786770066945052,
      "fcf_margin": -0.24617220123284947,
      "incr_op_margin_yoy": 1.3141361256544504,
      "rev_growth_yoy": 0.14494953327768081,
      "rev_growth_yoy_accel": -1.0862598295311618,
      "fcf_margin_change": -0.170697204146942
    },
    {
      "date": "2023-06-30T00:00:00",
      "quarter_label": "2023-06 (Q2)",
      "revenue": 16403000,
      "gross_profit": 3601000,
      "operating_income": -1832000,
      "net_income": -2200000,
      "opex": 5433000,
      "cogs": 11927000,
      "rd": 1323000,
      "sga": 4110000,
      "fcf": 1344000,
      "ocf": 1623000,
      "capex": -279000,
      "gross_margin": 0.219533012253856,
      "op_margin": -0.11168688654514418,
      "fcf_margin": 0.08193623117722368,
      "incr_op_margin_yoy": 0.695364238410596,
      "rev_growth_yoy": 0.0794998354721948,
      "rev_growth_yoy_accel": -0.06544969780548601,
      "op_leverage_ratio": null,
      "fcf_margin_change": 0.32810843241007315
    },
    {
      "date": "2023-09-30T00:00:00",
      "quarter_label": "2023-09 (Q3)",
      "revenue": 14797000,
      "gross_profit": 4311000,
      "operating_income": -1709000,
      "net_income": -2112000,
      "opex": 6020000,
      "cogs": 10486000,
      "rd": 1295000,
      "sga": 4725000,
      "fcf": -3274000,
      "ocf": -3093000,
      "capex": -181000,
      "gross_margin": 0.2913428397648172,
      "op_margin": -0.1154963844022437,
      "fcf_margin": -0.22126106643238494,
      "incr_op_margin_yoy": -0.0335195530726257,
      "rev_growth_yoy": -0.17057174887892376,
      "rev_growth_yoy_accel": -0.25007158435111854,
      "fcf_margin_change": -0.3031972976096086
    },
    {
      "date": "2023-12-31T00:00:00",
      "quarter_label": "2023-12 (Q4)",
      "revenue": 18344000,
      "gross_profit": 5668000,
      "operating_income": -365000,
      "net_income": -814000,
      "opex": 6033000,
      "cogs": 12676000,
      "rd": 1440000,
      "sga": 4593000,
      "fcf": -1109000,
      "ocf": -952000,
      "capex": -157000,
      "gross_margin": 0.3089838639337113,
      "op_margin": -0.01989751417357174,
      "fcf_margin": -0.060455734845180985,
      "incr_op_margin_yoy": 0.7917369308600337,
      "rev_growth_yoy": 0.06912227532346428,
      "rev_growth_yoy_accel": 0.23969402420238806,
      "op_leverage_ratio": 111.00451754773576,
      "fcf_margin_change": 0.16080533158720395
    },
    {
      "date": "2024-03-31T00:00:00",
      "quarter_label": "2024-03 (Q1)",
      "revenue": 14457000,
      "gross_profit": 4390000,
      "operating_income": -2207000,
      "net_income": -2640000,
      "opex": 6597000,
      "cogs": 10067000,
      "rd": 1286000,
      "sga": 5311000,
      "fcf": -479000,
      "ocf": -229000,
      "capex": -250000,
      "gross_margin": 0.30365912706647297,
      "op_margin": -0.15265961126098085,
      "fcf_margin": -0.03313273846579512,
      "rev_growth_yoy": -0.0417578047325512,
      "rev_growth_yoy_accel": -0.11088008005601549,
      "fcf_margin_change": 0.027322996379385865
    },
    {
      "date": "2024-06-30T00:00:00",
      "quarter_label": "2024-06 (Q2)",
      "revenue": 13377000,
      "gross_profit": 3592000,
      "operating_income": -1811000,
      "net_income": -2244000,
      "opex": 5198000,
      "cogs": 10362000,
      "rd": 895000,
      "sga": 4303000,
      "fcf": -789000,
      "ocf": -524000,
      "capex": -265000,
      "gross_margin": 0.2685205950512073,
      "op_margin": -0.13538162517754354,
      "fcf_margin": -0.05898183449203857,
      "incr_op_margin_yoy": -0.006939854593522803,
      "rev_growth_yoy": -0.18447844906419558,
      "rev_growth_yoy_accel": -0.1427206443316444,
      "fcf_margin_change": -0.025849096026243454
    },
    {
      "date": "2024-09-30T00:00:00",
      "quarter_label": "2024-09 (Q3)",
      "revenue": 16125000,
      "gross_profit": 5218000,
      "operating_income": -1212000,
      "net_income": -1669000,
      "opex": 6430000,
      "cogs": 10907000,
      "rd": 1315000,
      "sga": 5115000,
      "fcf": 746000,
      "ocf": 944000,
      "capex": -198000,
      "gross_margin": 0.3235968992248062,
      "op_margin": -0.07516279069767443,
      "fcf_margin": 0.04626356589147287,
      "incr_op_margin_yoy": 0.3742469879518072,
      "rev_growth_yoy": 0.08974792187605596,
      "rev_growth_yoy_accel": 0.27422637094025154,
      "op_leverage_ratio": 0.8667294804321044,
      "fcf_margin_change": 0.10524540038351143
    },
    {
      "date": "2024-12-31T00:00:00",
      "quarter_label": "2024-12 (Q4)",
      "revenue": 16830000,
      "gross_profit": 5463000,
      "operating_income": -1479000,
      "net_income": -1887000,
      "opex": 6942000,
      "cogs": 11367000,
      "rd": 957000,
      "sga": 5985000,
      "fcf": 2711000,
      "ocf": 2830000,
      "capex": -119000,
      "gross_margin": 0.3245989304812834,
      "op_margin": -0.08787878787878788,
      "fcf_margin": 0.16108140225787285,
      "incr_op_margin_yoy": 0.7357992073976222,
      "rev_growth_yoy": -0.08253379851722634,
      "rev_growth_yoy_accel": -0.1722817203932823,
      "op_leverage_ratio": 0.5490734011627907,
      "fcf_margin_change": 0.11481783636639997
    },
    {
      "date": "2025-03-31T00:00:00",
      "quarter_label": "2025-03 (Q1)",
      "revenue": 16742000,
      "gross_profit": 5287000,
      "operating_income": -1577000,
      "net_income": -1939000,
      "opex": 6864000,
      "cogs": 11455000,
      "rd": 1147000,
      "sga": 5717000,
      "fcf": -1747000,
      "ocf": -1566000,
      "capex": -181000,
      "gross_margin": 0.3157926173694899,
      "op_margin": -0.09419424202604229,
      "fcf_margin": -0.10434834547843747,
      "incr_op_margin_yoy": 0.27571115973741794,
      "rev_growth_yoy": 0.15805492149131908,
      "rev_growth_yoy_accel": 0.24058872000854542,
      "fcf_margin_change": -0.26542974773631034
    },
    {
      "date": "2025-06-30T00:00:00",
      "quarter_label": "2025-06 (Q2)",
      "revenue": 16737000,
      "gross_profit": 5772000,
      "operating_income": -760000,
      "net_income": -1179000,
      "opex": 6532000,
      "cogs": 10965000,
      "rd": 1045000,
      "sga": 5487000,
      "fcf": -1753000,
      "ocf": -1598000,
      "capex": -155000,
      "gross_margin": 0.3448646710880086,
      "op_margin": -0.045408376650534744,
      "fcf_margin": -0.10473800561629922,
      "incr_op_margin_yoy": 0.31279761904761905,
      "rev_growth_yoy": 0.25117739403453687,
      "rev_growth_yoy_accel": 0.09312247254321779,
      "fcf_margin_change": -0.0003896601378617498
    },
    {
      "date": "2025-09-30T00:00:00",
      "quarter_label": "2025-09 (Q3)",
      "revenue": 13175000,
      "gross_profit": 3765000,
      "operating_income": -2178000,
      "net_income": -2562000,
      "opex": 5943000,
      "cogs": 9410000,
      "rd": 1037000,
      "sga": 4906000,
      "fcf": 726000,
      "ocf": 889000,
      "capex": -163000,
      "gross_margin": 0.2857685009487666,
      "op_margin": -0.16531309297912714,
      "fcf_margin": 0.055104364326375714,
      "incr_op_margin_yoy": 0.32745762711864407,
      "rev_growth_yoy": -0.18294573643410852,
      "rev_growth_yoy_accel": -0.43412313046864537,
      "fcf_margin_change": 0.15984236994267492
    },
    {
      "date": "2025-12-31T00:00:00",
      "quarter_label": "2025-12 (Q4)",
      "revenue": 14121000,
      "gross_profit": 4895000,
      "operating_income": 795000,
      "net_income": 601000,
      "opex": 4100000,
      "cogs": 9226000,
      "rd": 536000,
      "sga": 3564000,
      "fcf": -5285000,
      "ocf": -5163000,
      "capex": -122000,
      "gross_margin": 0.3466468380426315,
      "op_margin": 0.056299128956872745,
      "fcf_margin": -0.3742652786629842,
      "incr_op_margin_yoy": -0.8394241417497231,
      "rev_growth_yoy": -0.16096256684491977,
      "rev_growth_yoy_accel": 0.02198316958918875,
      "op_leverage_ratio": null,
      "fcf_margin_change": -0.4293696429893599
    }
  ],
  "signals": [
    {
      "quarter": "2025-12 (Q4)",
      "signal": "GROSS MARGIN INFLECTION",
      "detail": "GM: +34.5% -> +28.6% -> +34.7% (reversal +6.1%)",
      "severity": "HIGH"
    },
    {
      "quarter": "2025-12 (Q4)",
      "signal": "OP MARGIN TURNED POSITIVE (YoY)",
      "detail": "Op margin: -8.8% (year-ago) -> +5.6%",
      "severity": "HIGH"
    },
    {
      "quarter": "2025-12 (Q4)",
      "signal": "OP MARGIN TURNED POSITIVE (QoQ)",
      "detail": "Op margin: -16.5% -> +5.6%",
      "severity": "HIGH"
    },
    {
      "quarter": "2025-09 (Q3)",
      "signal": "FCF TURNED POSITIVE",
      "detail": "FCF margin: -10.5% -> +5.5%",
      "severity": "HIGH"
    },
    {
      "quarter": "2025-09 (Q3)",
      "signal": "YoY REVENUE GROWTH DECELERATION",
      "detail": "YoY growth: -18.3% vs prior quarter YoY: +25.1% (decel: -43.4%)",
      "severity": "WARNING"
    },
    {
      "quarter": "2025-06 (Q2)",
      "signal": "GROSS MARGIN INFLECTION",
      "detail": "GM: +32.5% -> +31.6% -> +34.5% (reversal +2.9%)",
      "severity": "MEDIUM"
    },
    {
      "quarter": "2025-06 (Q2)",
      "signal": "YoY REVENUE GROWTH ACCELERATION",
      "detail": "YoY growth: +25.1% vs prior quarter YoY: +15.8% (accel: +9.3%)",
      "severity": "MEDIUM"
    },
    {
      "quarter": "2025-03 (Q1)",
      "signal": "YoY REVENUE GROWTH ACCELERATION",
      "detail": "YoY growth: +15.8% vs prior quarter YoY: -8.3% (accel: +24.1%)",
      "severity": "HIGH"
    },
    {
      "quarter": "2024-12 (Q4)",
      "signal": "FCF MARGIN EXPANSION",
      "detail": "FCF margin: +4.6% -> +16.1% (+11.5%)",
      "severity": "MEDIUM"
    },
    {
      "quarter": "2024-12 (Q4)",
      "signal": "YoY REVENUE GROWTH DECELERATION",
      "detail": "YoY growth: -8.3% vs prior quarter YoY: +9.0% (decel: -17.2%)",
      "severity": "WARNING"
    },
    {
      "quarter": "2024-09 (Q3)",
      "signal": "FCF TURNED POSITIVE",
      "detail": "FCF margin: -5.9% -> +4.6%",
      "severity": "HIGH"
    },
    {
      "quarter": "2024-09 (Q3)",
      "signal": "GROSS MARGIN INFLECTION",
      "detail": "GM: +30.4% -> +26.9% -> +32.4% (reversal +5.5%)",
      "severity": "HIGH"
    },
    {
      "quarter": "2024-09 (Q3)",
      "signal": "YoY REVENUE GROWTH ACCELERATION",
      "detail": "YoY growth: +9.0% vs prior quarter YoY: -18.4% (accel: +27.4%)",
      "severity": "HIGH"
    },
    {
      "quarter": "2024-06 (Q2)",
      "signal": "YoY REVENUE GROWTH DECELERATION",
      "detail": "YoY growth: -18.4% vs prior quarter YoY: -4.2% (decel: -14.3%)",
      "severity": "WARNING"
    },
    {
      "quarter": "2024-03 (Q1)",
      "signal": "YoY REVENUE GROWTH DECELERATION",
      "detail": "YoY growth: -4.2% vs prior quarter YoY: +6.9% (decel: -11.1%)",
      "severity": "WARNING"
    },
    {
      "quarter": "2023-12 (Q4)",
      "signal": "FCF MARGIN EXPANSION",
      "detail": "FCF margin: -22.1% -> -6.0% (+16.1%)",
      "severity": "MEDIUM"
    },
    {
      "quarter": "2023-12 (Q4)",
      "signal": "OPERATING LEVERAGE",
      "detail": "Rev growth +24.0% vs OpEx growth +0.2% (leverage: 111.0x)",
      "severity": "MEDIUM"
    },
    {
      "quarter": "2023-12 (Q4)",
      "signal": "YoY REVENUE GROWTH ACCELERATION",
      "detail": "YoY growth: +6.9% vs prior quarter YoY: -17.1% (accel: +24.0%)",
      "severity": "HIGH"
    },
    {
      "quarter": "2023-09 (Q3)",
      "signal": "GROSS MARGIN INFLECTION",
      "detail": "GM: +31.3% -> +22.0% -> +29.1% (reversal +7.2%)",
      "severity": "HIGH"
    },
    {
      "quarter": "2023-09 (Q3)",
      "signal": "YoY REVENUE GROWTH DECELERATION",
      "detail": "YoY growth: -17.1% vs prior quarter YoY: +7.9% (decel: -25.0%)",
      "severity": "WARNING"
    },
    {
      "quarter": "2023-06 (Q2)",
      "signal": "FCF TURNED POSITIVE",
      "detail": "FCF margin: -24.6% -> +8.2%",
      "severity": "HIGH"
    },
    {
      "quarter": "2023-06 (Q2)",
      "signal": "YoY REVENUE GROWTH DECELERATION",
      "detail": "YoY growth: +7.9% vs prior quarter YoY: +14.5% (decel: -6.5%)",
      "severity": "WARNING"
    },
    {
      "quarter": "2023-03 (Q1)",
      "signal": "YoY REVENUE GROWTH DECELERATION",
      "detail": "YoY growth: +14.5% vs prior quarter YoY: +123.1% (decel: -108.6%)",
      "severity": "WARNING"
    },
    {
      "quarter": "2022-12 (Q4)",
      "signal": "YoY REVENUE GROWTH DECELERATION",
      "detail": "YoY growth: +123.1% vs prior quarter YoY: +184.5% (decel: -61.4%)",
      "severity": "WARNING"
    },
    {
      "quarter": "2022-09 (Q3)",
      "signal": "FCF MARGIN EXPANSION",
      "detail": "FCF margin: -31.0% -> -5.3% (+25.7%)",
      "severity": "MEDIUM"
    },
    {
      "quarter": "2022-09 (Q3)",
      "signal": "OPERATING LEVERAGE",
      "detail": "Rev growth +17.4% vs OpEx growth +5.0% (leverage: 3.5x)",
      "severity": "MEDIUM"
    },
    {
      "quarter": "2022-09 (Q3)",
      "signal": "YoY REVENUE GROWTH ACCELERATION",
      "detail": "YoY growth: +184.5% vs prior quarter YoY: +82.5% (accel: +102.0%)",
      "severity": "HIGH"
    },
    {
      "quarter": "2022-06 (Q2)",
      "signal": "YoY REVENUE GROWTH DECELERATION",
      "detail": "YoY growth: +82.5% vs prior quarter YoY: +89.2% (decel: -6.7%)",
      "severity": "WARNING"
    },
    {
      "quarter": "2022-03 (Q1)",
      "signal": "FCF MARGIN EXPANSION",
      "detail": "FCF margin: -146.6% -> -30.7% (+115.9%)",
      "severity": "MEDIUM"
    },
    {
      "quarter": "2021-12 (Q4)",
      "signal": "OPERATING LEVERAGE",
      "detail": "Rev growth +22.6% vs OpEx growth +11.4% (leverage: 2.0x)",
      "severity": "MEDIUM"
    }
  ],
  "data_quality": {
    "n_quarters": 20,
    "coverage": {
      "revenue": [
        20,
        20
      ],
      "gross_profit": [
        20,
        20
      ],
      "op_income": [
        20,
        20
      ],
      "fcf": [
        20,
        20
      ]
    },
    "gaps": [],
    "warnings": []
  },
  "market_cap": null,
  "source": "SEC EDGAR",
  "last_updated": "2026-02-13T11:34:49.812619"
}