{
  "ticker": "FLWS",
  "name": "1 800 FLOWERS COM INC",
  "quarters": [
    {
      "date": "2021-03-28T00:00:00",
      "quarter_label": "2021-03 (Q1)",
      "revenue": 474234000,
      "gross_profit": 184699000,
      "operating_income": -309000,
      "net_income": 1427000,
      "opex": 185008000,
      "cogs": 289535000,
      "rd": null,
      "sga": null,
      "fcf": -109549000,
      "ocf": -98436000,
      "capex": -11113000,
      "gross_margin": 0.38946806850626486,
      "op_margin": -0.0006515770695479446,
      "fcf_margin": -0.2310019947958181
    },
    {
      "date": "2021-06-27T00:00:00",
      "quarter_label": "2021-06 (Q2)",
      "revenue": 486983000,
      "gross_profit": 198004000,
      "operating_income": 15255000,
      "net_income": 13310000,
      "opex": 182749000,
      "cogs": 288979000,
      "rd": null,
      "sga": null,
      "fcf": -73319000,
      "ocf": -44921000,
      "capex": -28398000,
      "gross_margin": 0.4065932486349626,
      "op_margin": 0.03132552881722771,
      "fcf_margin": -0.15055761700100415,
      "op_leverage_ratio": Infinity,
      "fcf_margin_change": 0.08044437779481395
    },
    {
      "date": "2021-09-26T00:00:00",
      "quarter_label": "2021-09 (Q3)",
      "revenue": 309373000,
      "gross_profit": 125514000,
      "operating_income": -20324000,
      "net_income": -13199000,
      "opex": 145838000,
      "cogs": 183859000,
      "rd": null,
      "sga": null,
      "fcf": -161286000,
      "ocf": -150164000,
      "capex": -11122000,
      "gross_margin": 0.40570444091759783,
      "op_margin": -0.0656941620632699,
      "fcf_margin": -0.5213318550746187,
      "fcf_margin_change": -0.37077423807361454
    },
    {
      "date": "2021-12-26T00:00:00",
      "quarter_label": "2021-12 (Q4)",
      "revenue": 943044000,
      "gross_profit": 378450000,
      "operating_income": 115729000,
      "net_income": 88468000,
      "opex": 262721000,
      "cogs": 564594000,
      "rd": null,
      "sga": null,
      "fcf": 314526000,
      "ocf": 336012000,
      "capex": -21486000,
      "gross_margin": 0.4013068319187652,
      "op_margin": 0.12271855820088988,
      "fcf_margin": 0.33352208380520953,
      "op_leverage_ratio": 2.5556464511476387,
      "fcf_margin_change": 0.8548539388798282
    },
    {
      "date": "2022-03-27T00:00:00",
      "quarter_label": "2022-03 (Q1)",
      "revenue": 469576000,
      "gross_profit": 154091000,
      "operating_income": -26256000,
      "net_income": -23409000,
      "opex": 180347000,
      "cogs": 315485000,
      "rd": null,
      "sga": null,
      "fcf": -162457000,
      "ocf": -147120000,
      "capex": -15337000,
      "gross_margin": 0.32814922398078267,
      "op_margin": -0.05591427159820774,
      "fcf_margin": -0.34596529635245415,
      "incr_op_margin_yoy": 5.570416487762988,
      "rev_growth_yoy": -0.009822155307295554,
      "fcf_margin_change": -0.6794873801576637
    },
    {
      "date": "2022-07-03T00:00:00",
      "quarter_label": "2022-07 (Q3)",
      "revenue": 485892000,
      "gross_profit": 163683000,
      "operating_income": -27048000,
      "net_income": -22250000,
      "opex": 190731000,
      "cogs": 322209000,
      "rd": null,
      "sga": null,
      "fcf": -52002000,
      "ocf": -33539000,
      "capex": -18463000,
      "gross_margin": 0.3368711565533081,
      "op_margin": -0.05566669136351288,
      "fcf_margin": -0.10702378306290286,
      "incr_op_margin_yoy": 38.77451879010083,
      "rev_growth_yoy": -0.0022403246109207096,
      "rev_growth_yoy_accel": 0.007581830696374844,
      "op_leverage_ratio": 0.6034649454802395,
      "fcf_margin_change": 0.2389415132895513
    },
    {
      "date": "2022-10-02T00:00:00",
      "quarter_label": "2022-10 (Q4)",
      "revenue": 303604000,
      "gross_profit": 101458000,
      "operating_income": -41360000,
      "net_income": -33692000,
      "opex": 142818000,
      "cogs": 202146000,
      "rd": null,
      "sga": null,
      "fcf": -157356000,
      "ocf": -146323000,
      "capex": -11033000,
      "gross_margin": 0.33417873282301946,
      "op_margin": -0.13623008919513577,
      "fcf_margin": -0.5182935666196756,
      "incr_op_margin_yoy": 3.6463858554342172,
      "rev_growth_yoy": -0.018647393276077746,
      "rev_growth_yoy_accel": -0.016407068665157037,
      "fcf_margin_change": -0.4112697835567728
    },
    {
      "date": "2023-01-01T00:00:00",
      "quarter_label": "2023-01 (Q1)",
      "revenue": 897877000,
      "gross_profit": 367766000,
      "operating_income": 115125000,
      "net_income": 82530000,
      "opex": 252641000,
      "cogs": 530111000,
      "rd": null,
      "sga": null,
      "fcf": 327167000,
      "ocf": 339983000,
      "capex": -12816000,
      "gross_margin": 0.4095950781677223,
      "op_margin": 0.12821912132730875,
      "fcf_margin": 0.3643784170883094,
      "incr_op_margin_yoy": 0.013372595036198994,
      "rev_growth_yoy": -0.04789490204062589,
      "rev_growth_yoy_accel": -0.029247508764548142,
      "op_leverage_ratio": 2.54547100231459,
      "fcf_margin_change": 0.882671983707985
    },
    {
      "date": "2023-04-02T00:00:00",
      "quarter_label": "2023-04 (Q2)",
      "revenue": 417566000,
      "gross_profit": 140440000,
      "operating_income": -84644000,
      "net_income": -70993000,
      "opex": 225084000,
      "cogs": 277126000,
      "rd": null,
      "sga": null,
      "fcf": -128098000,
      "ocf": -120596000,
      "capex": -7502000,
      "gross_margin": 0.33633006518729974,
      "op_margin": -0.20270807489115494,
      "fcf_margin": -0.30677306102508345,
      "incr_op_margin_yoy": 1.1226302634108825,
      "rev_growth_yoy": -0.11075949367088607,
      "rev_growth_yoy_accel": -0.06286459163026017,
      "fcf_margin_change": -0.6711514781133929
    },
    {
      "date": "2023-07-02T00:00:00",
      "quarter_label": "2023-07 (Q3)",
      "revenue": 398806000,
      "gross_profit": 147862000,
      "operating_income": -24132000,
      "net_income": -22547000,
      "opex": 171994000,
      "cogs": 250944000,
      "rd": null,
      "sga": null,
      "fcf": 28992000,
      "ocf": 42287000,
      "capex": -13295000,
      "gross_margin": 0.37076172374537997,
      "op_margin": -0.06051062421327663,
      "fcf_margin": 0.0726970005466317,
      "incr_op_margin_yoy": -0.033484142112394644,
      "rev_growth_yoy": -0.17922912910687971,
      "rev_growth_yoy_accel": -0.06846963543599364,
      "fcf_margin_change": 0.37947006157171514
    },
    {
      "date": "2023-10-01T00:00:00",
      "quarter_label": "2023-10 (Q4)",
      "revenue": 269050000,
      "gross_profit": 101928000,
      "operating_income": -37577000,
      "net_income": -31242000,
      "opex": 139505000,
      "cogs": 167122000,
      "rd": null,
      "sga": null,
      "fcf": -150858000,
      "ocf": -143884000,
      "capex": -6974000,
      "gross_margin": 0.3788440810258316,
      "op_margin": -0.13966548968593198,
      "fcf_margin": -0.5607061884408102,
      "incr_op_margin_yoy": -0.10948081264108352,
      "rev_growth_yoy": -0.11381272974005613,
      "rev_growth_yoy_accel": 0.06541639936682359,
      "fcf_margin_change": -0.6334031889874419
    },
    {
      "date": "2023-12-31T00:00:00",
      "quarter_label": "2023-12 (Q4)",
      "revenue": 822054000,
      "gross_profit": 355697000,
      "operating_income": 91250000,
      "net_income": 62907000,
      "opex": 264447000,
      "cogs": 466357000,
      "rd": null,
      "sga": null,
      "fcf": 345811000,
      "ocf": 356644000,
      "capex": -10833000,
      "gross_margin": 0.43269298610553564,
      "op_margin": 0.11100244022898739,
      "fcf_margin": 0.4206670121427546,
      "incr_op_margin_yoy": 0.31487807129762735,
      "rev_growth_yoy": -0.08444697881781135,
      "rev_growth_yoy_accel": 0.029365750922244777,
      "op_leverage_ratio": 2.2949677981934666,
      "fcf_margin_change": 0.9813732005835648
    },
    {
      "date": "2024-03-31T00:00:00",
      "quarter_label": "2024-03 (Q1)",
      "revenue": 379405000,
      "gross_profit": 138717000,
      "operating_income": -27929000,
      "net_income": -16903000,
      "opex": 166646000,
      "cogs": 240688000,
      "rd": null,
      "sga": null,
      "fcf": -121384000,
      "ocf": -112709000,
      "capex": -8675000,
      "gross_margin": 0.36561721643099065,
      "op_margin": -0.07361263030271083,
      "fcf_margin": -0.3199325259287569,
      "incr_op_margin_yoy": -1.4862031917402583,
      "rev_growth_yoy": -0.09138914566799021,
      "rev_growth_yoy_accel": -0.0069421668501788575,
      "fcf_margin_change": -0.7405995380715115
    },
    {
      "date": "2024-06-30T00:00:00",
      "quarter_label": "2024-06 (Q2)",
      "revenue": 360912000,
      "gross_profit": 138411000,
      "operating_income": -27816000,
      "net_income": -20867000,
      "opex": 166227000,
      "cogs": 222501000,
      "rd": null,
      "sga": null,
      "fcf": -17202000,
      "ocf": -5052000,
      "capex": -12150000,
      "gross_margin": 0.38350345790663654,
      "op_margin": -0.07707141907168506,
      "fcf_margin": -0.04766258811012103,
      "incr_op_margin_yoy": 0.09721855702749775,
      "rev_growth_yoy": -0.09501863061237795,
      "rev_growth_yoy_accel": -0.003629484944387737,
      "fcf_margin_change": 0.27226993781863584
    },
    {
      "date": "2024-09-29T00:00:00",
      "quarter_label": "2024-09 (Q3)",
      "revenue": 242090000,
      "gross_profit": 92319000,
      "operating_income": -46981000,
      "net_income": -34190000,
      "opex": 139300000,
      "cogs": 149771000,
      "rd": null,
      "sga": null,
      "fcf": -189316000,
      "ocf": -177241000,
      "capex": -12075000,
      "gross_margin": 0.3813416497996613,
      "op_margin": -0.19406419100334588,
      "fcf_margin": -0.7820066917262175,
      "incr_op_margin_yoy": 0.34881305637982196,
      "rev_growth_yoy": -0.10020442296970823,
      "rev_growth_yoy_accel": -0.005185792357330285,
      "fcf_margin_change": -0.7343441036160965
    },
    {
      "date": "2024-12-29T00:00:00",
      "quarter_label": "2024-12 (Q4)",
      "revenue": 775492000,
      "gross_profit": 335593000,
      "operating_income": 91077000,
      "net_income": 64348000,
      "opex": 244516000,
      "cogs": 439899000,
      "rd": null,
      "sga": null,
      "fcf": 317600000,
      "ocf": 328548000,
      "capex": -10948000,
      "gross_margin": 0.43274850030690193,
      "op_margin": 0.11744415158376875,
      "fcf_margin": 0.4095464556694331,
      "incr_op_margin_yoy": 0.0037154761393410935,
      "rev_growth_yoy": -0.056641047911694366,
      "rev_growth_yoy_accel": 0.043563375058013866,
      "op_leverage_ratio": 2.9170717979775476,
      "fcf_margin_change": 1.1915531473956507
    },
    {
      "date": "2025-03-30T00:00:00",
      "quarter_label": "2025-03 (Q1)",
      "revenue": 331454000,
      "gross_profit": 104999000,
      "operating_income": -193430000,
      "net_income": -178244000,
      "opex": 298429000,
      "cogs": 226455000,
      "rd": null,
      "sga": null,
      "fcf": -160009000,
      "ocf": -150601000,
      "capex": -9408000,
      "gross_margin": 0.31678302268188047,
      "op_margin": -0.5835802253102995,
      "fcf_margin": -0.4827487373813561,
      "incr_op_margin_yoy": 3.451460866301016,
      "rev_growth_yoy": -0.12638473399138125,
      "rev_growth_yoy_accel": -0.0697436860796869,
      "fcf_margin_change": -0.8922951930507892
    },
    {
      "date": "2025-06-29T00:00:00",
      "quarter_label": "2025-06 (Q2)",
      "revenue": 336622000,
      "gross_profit": 119361000,
      "operating_income": -55479000,
      "net_income": -51907000,
      "opex": 174840000,
      "cogs": 217261000,
      "rd": null,
      "sga": null,
      "fcf": -36101000,
      "ocf": -27069000,
      "capex": -9032000,
      "gross_margin": 0.35458466766877983,
      "op_margin": -0.1648109749214252,
      "fcf_margin": -0.10724492160346026,
      "incr_op_margin_yoy": 1.1388637299300124,
      "rev_growth_yoy": -0.06730172452010462,
      "rev_growth_yoy_accel": 0.059083009471276635,
      "op_leverage_ratio": Infinity,
      "fcf_margin_change": 0.3755038157778958
    },
    {
      "date": "2025-09-28T00:00:00",
      "quarter_label": "2025-09 (Q3)",
      "revenue": 215200000,
      "gross_profit": 76762000,
      "operating_income": -50513000,
      "net_income": -52957000,
      "opex": 127275000,
      "cogs": 138438000,
      "rd": null,
      "sga": null,
      "fcf": -145626000,
      "ocf": -138974000,
      "capex": -6652000,
      "gross_margin": 0.35670074349442377,
      "op_margin": -0.23472583643122677,
      "fcf_margin": -0.6767007434944238,
      "incr_op_margin_yoy": 0.1313499442171811,
      "rev_growth_yoy": -0.11107439382047998,
      "rev_growth_yoy_accel": -0.043772669300375364,
      "fcf_margin_change": -0.5694558218909636
    },
    {
      "date": "2025-12-28T00:00:00",
      "quarter_label": "2025-12 (Q4)",
      "revenue": 702179000,
      "gross_profit": 295466000,
      "operating_income": 74325000,
      "net_income": 70553000,
      "opex": 221141000,
      "cogs": 406713000,
      "rd": null,
      "sga": null,
      "fcf": 302245000,
      "ocf": 309883000,
      "capex": -7638000,
      "gross_margin": 0.42078444385263586,
      "op_margin": 0.10584907836890593,
      "fcf_margin": 0.4304386773173222,
      "incr_op_margin_yoy": 0.22849972037701363,
      "rev_growth_yoy": -0.09453740335167868,
      "rev_growth_yoy_accel": 0.016536990468801305,
      "op_leverage_ratio": 3.0683349079071585,
      "fcf_margin_change": 1.107139420811746
    }
  ],
  "signals": [
    {
      "quarter": "2025-12 (Q4)",
      "signal": "FCF TURNED POSITIVE",
      "detail": "FCF margin: -67.7% -> +43.0%",
      "severity": "HIGH"
    },
    {
      "quarter": "2025-12 (Q4)",
      "signal": "OPERATING LEVERAGE",
      "detail": "Rev growth +226.3% vs OpEx growth +73.8% (leverage: 3.1x)",
      "severity": "MEDIUM"
    },
    {
      "quarter": "2025-12 (Q4)",
      "signal": "INCREMENTAL MARGIN (YoY)",
      "detail": "YoY Incr OPM: +22.8% vs year-ago OPM: +11.7%",
      "severity": "MEDIUM"
    },
    {
      "quarter": "2025-12 (Q4)",
      "signal": "OP MARGIN TURNED POSITIVE (QoQ)",
      "detail": "Op margin: -23.5% -> +10.6%",
      "severity": "HIGH"
    },
    {
      "quarter": "2025-06 (Q2)",
      "signal": "FCF MARGIN EXPANSION",
      "detail": "FCF margin: -48.3% -> -10.7% (+37.6%)",
      "severity": "MEDIUM"
    },
    {
      "quarter": "2025-06 (Q2)",
      "signal": "GROSS MARGIN INFLECTION",
      "detail": "GM: +43.3% -> +31.7% -> +35.5% (reversal +3.8%)",
      "severity": "MEDIUM"
    },
    {
      "quarter": "2025-06 (Q2)",
      "signal": "YoY REVENUE GROWTH ACCELERATION",
      "detail": "YoY growth: -6.7% vs prior quarter YoY: -12.6% (accel: +5.9%)",
      "severity": "MEDIUM"
    },
    {
      "quarter": "2025-03 (Q1)",
      "signal": "YoY REVENUE GROWTH DECELERATION",
      "detail": "YoY growth: -12.6% vs prior quarter YoY: -5.7% (decel: -7.0%)",
      "severity": "WARNING"
    },
    {
      "quarter": "2024-12 (Q4)",
      "signal": "FCF TURNED POSITIVE",
      "detail": "FCF margin: -78.2% -> +41.0%",
      "severity": "HIGH"
    },
    {
      "quarter": "2024-12 (Q4)",
      "signal": "OPERATING LEVERAGE",
      "detail": "Rev growth +220.3% vs OpEx growth +75.5% (leverage: 2.9x)",
      "severity": "MEDIUM"
    },
    {
      "quarter": "2024-12 (Q4)",
      "signal": "GROSS MARGIN INFLECTION",
      "detail": "GM: +38.4% -> +38.1% -> +43.3% (reversal +5.1%)",
      "severity": "HIGH"
    },
    {
      "quarter": "2024-12 (Q4)",
      "signal": "OP MARGIN TURNED POSITIVE (QoQ)",
      "detail": "Op margin: -19.4% -> +11.7%",
      "severity": "HIGH"
    },
    {
      "quarter": "2024-06 (Q2)",
      "signal": "FCF MARGIN EXPANSION",
      "detail": "FCF margin: -32.0% -> -4.8% (+27.2%)",
      "severity": "MEDIUM"
    },
    {
      "quarter": "2023-12 (Q4)",
      "signal": "FCF TURNED POSITIVE",
      "detail": "FCF margin: -56.1% -> +42.1%",
      "severity": "HIGH"
    },
    {
      "quarter": "2023-12 (Q4)",
      "signal": "OPERATING LEVERAGE",
      "detail": "Rev growth +205.5% vs OpEx growth +89.6% (leverage: 2.3x)",
      "severity": "MEDIUM"
    },
    {
      "quarter": "2023-12 (Q4)",
      "signal": "INCREMENTAL MARGIN (YoY)",
      "detail": "YoY Incr OPM: +31.5% vs year-ago OPM: +12.8%",
      "severity": "MEDIUM"
    },
    {
      "quarter": "2023-12 (Q4)",
      "signal": "OP MARGIN TURNED POSITIVE (QoQ)",
      "detail": "Op margin: -14.0% -> +11.1%",
      "severity": "HIGH"
    },
    {
      "quarter": "2023-10 (Q4)",
      "signal": "YoY REVENUE GROWTH ACCELERATION",
      "detail": "YoY growth: -11.4% vs prior quarter YoY: -17.9% (accel: +6.5%)",
      "severity": "MEDIUM"
    },
    {
      "quarter": "2023-07 (Q3)",
      "signal": "FCF TURNED POSITIVE",
      "detail": "FCF margin: -30.7% -> +7.3%",
      "severity": "HIGH"
    },
    {
      "quarter": "2023-07 (Q3)",
      "signal": "GROSS MARGIN INFLECTION",
      "detail": "GM: +41.0% -> +33.6% -> +37.1% (reversal +3.4%)",
      "severity": "MEDIUM"
    },
    {
      "quarter": "2023-07 (Q3)",
      "signal": "YoY REVENUE GROWTH DECELERATION",
      "detail": "YoY growth: -17.9% vs prior quarter YoY: -11.1% (decel: -6.8%)",
      "severity": "WARNING"
    },
    {
      "quarter": "2023-04 (Q2)",
      "signal": "YoY REVENUE GROWTH DECELERATION",
      "detail": "YoY growth: -11.1% vs prior quarter YoY: -4.8% (decel: -6.3%)",
      "severity": "WARNING"
    },
    {
      "quarter": "2023-01 (Q1)",
      "signal": "FCF TURNED POSITIVE",
      "detail": "FCF margin: -51.8% -> +36.4%",
      "severity": "HIGH"
    },
    {
      "quarter": "2023-01 (Q1)",
      "signal": "OPERATING LEVERAGE",
      "detail": "Rev growth +195.7% vs OpEx growth +76.9% (leverage: 2.5x)",
      "severity": "MEDIUM"
    },
    {
      "quarter": "2023-01 (Q1)",
      "signal": "GROSS MARGIN INFLECTION",
      "detail": "GM: +33.7% -> +33.4% -> +41.0% (reversal +7.5%)",
      "severity": "HIGH"
    },
    {
      "quarter": "2023-01 (Q1)",
      "signal": "OP MARGIN TURNED POSITIVE (QoQ)",
      "detail": "Op margin: -13.6% -> +12.8%",
      "severity": "HIGH"
    },
    {
      "quarter": "2022-07 (Q3)",
      "signal": "FCF MARGIN EXPANSION",
      "detail": "FCF margin: -34.6% -> -10.7% (+23.9%)",
      "severity": "MEDIUM"
    },
    {
      "quarter": "2021-12 (Q4)",
      "signal": "FCF TURNED POSITIVE",
      "detail": "FCF margin: -52.1% -> +33.4%",
      "severity": "HIGH"
    },
    {
      "quarter": "2021-12 (Q4)",
      "signal": "OPERATING LEVERAGE",
      "detail": "Rev growth +204.8% vs OpEx growth +80.1% (leverage: 2.6x)",
      "severity": "MEDIUM"
    },
    {
      "quarter": "2021-12 (Q4)",
      "signal": "OP MARGIN TURNED POSITIVE (QoQ)",
      "detail": "Op margin: -6.6% -> +12.3%",
      "severity": "HIGH"
    },
    {
      "quarter": "2021-06 (Q2)",
      "signal": "FCF MARGIN EXPANSION",
      "detail": "FCF margin: -23.1% -> -15.1% (+8.0%)",
      "severity": "MEDIUM"
    },
    {
      "quarter": "2021-06 (Q2)",
      "signal": "OP MARGIN TURNED POSITIVE (QoQ)",
      "detail": "Op margin: -0.1% -> +3.1%",
      "severity": "HIGH"
    }
  ],
  "data_quality": {
    "n_quarters": 20,
    "coverage": {
      "revenue": [
        20,
        20
      ],
      "gross_profit": [
        20,
        20
      ],
      "op_income": [
        20,
        20
      ],
      "fcf": [
        20,
        20
      ]
    },
    "gaps": [],
    "warnings": []
  },
  "market_cap": null,
  "source": "SEC EDGAR",
  "last_updated": "2026-02-02T22:52:05.297333"
}