{
  "ticker": "FLXS",
  "name": "FLEXSTEEL INDUSTRIES, INC.",
  "quarters": [
    {
      "date": "2020-12-31T00:00:00",
      "quarter_label": "2020-12 (Q4)",
      "revenue": 119106000,
      "gross_profit": 24378000,
      "operating_income": 9833000,
      "net_income": 8450000,
      "opex": 14545000,
      "cogs": 94728000,
      "rd": null,
      "sga": 18911000,
      "fcf": -9051000,
      "ocf": -8748000,
      "capex": -303000,
      "gross_margin": 0.20467482746461135,
      "op_margin": 0.08255671418736252,
      "fcf_margin": -0.07599113394791195
    },
    {
      "date": "2021-03-31T00:00:00",
      "quarter_label": "2021-03 (Q1)",
      "revenue": 118408000,
      "gross_profit": 23124000,
      "operating_income": 6352000,
      "net_income": 4878000,
      "opex": 16772000,
      "cogs": 95284000,
      "rd": null,
      "sga": 16292000,
      "fcf": -5761000,
      "ocf": -4467000,
      "capex": -1294000,
      "gross_margin": 0.19529085872576177,
      "op_margin": 0.05364502398486589,
      "fcf_margin": -0.04865380717519086,
      "fcf_margin_change": 0.027337326772721084
    },
    {
      "date": "2021-06-30T00:00:00",
      "quarter_label": "2021-06 (Q2)",
      "revenue": 136172000,
      "gross_profit": 26413000,
      "operating_income": 7104000,
      "net_income": 5841000,
      "opex": 19309000,
      "cogs": 109759000,
      "rd": null,
      "sga": 18599000,
      "fcf": -17914000,
      "ocf": -17291000,
      "capex": -623000,
      "gross_margin": 0.19396792292101167,
      "op_margin": 0.05216931527773698,
      "fcf_margin": -0.1315542108509826,
      "op_leverage_ratio": 0.9918000032862732,
      "fcf_margin_change": -0.08290040367579174
    },
    {
      "date": "2021-09-30T00:00:00",
      "quarter_label": "2021-09 (Q3)",
      "revenue": 137689000,
      "gross_profit": 23410000,
      "operating_income": 5873000,
      "net_income": 4353000,
      "opex": 17537000,
      "cogs": 114279000,
      "rd": null,
      "sga": 18785000,
      "fcf": -45136000,
      "ocf": -44315000,
      "capex": -821000,
      "gross_margin": 0.17002084407614262,
      "op_margin": 0.04265409727719716,
      "fcf_margin": -0.3278112267501398,
      "op_leverage_ratio": Infinity,
      "fcf_margin_change": -0.1962570158991572
    },
    {
      "date": "2021-12-31T00:00:00",
      "quarter_label": "2021-12 (Q4)",
      "revenue": 141668000,
      "gross_profit": 9527000,
      "operating_income": -8636000,
      "net_income": -7545000,
      "opex": 18163000,
      "cogs": 132141000,
      "rd": null,
      "sga": 17541000,
      "fcf": 2603000,
      "ocf": 3317000,
      "capex": -714000,
      "gross_margin": 0.06724877883502273,
      "op_margin": -0.0609594262642234,
      "fcf_margin": 0.01837394471581444,
      "incr_op_margin_yoy": -0.8185887775906391,
      "rev_growth_yoy": 0.18942790455560593,
      "op_leverage_ratio": 0.8095723410750861,
      "fcf_margin_change": 0.34618517146595423
    },
    {
      "date": "2022-03-31T00:00:00",
      "quarter_label": "2022-03 (Q1)",
      "revenue": 140408000,
      "gross_profit": 22071000,
      "operating_income": 5814000,
      "net_income": 5316000,
      "opex": 16257000,
      "cogs": 118337000,
      "rd": null,
      "sga": 16316000,
      "fcf": 35757000,
      "ocf": 37089000,
      "capex": -1332000,
      "gross_margin": 0.1571918978975557,
      "op_margin": 0.04140789698592673,
      "fcf_margin": 0.25466497635462365,
      "incr_op_margin_yoy": -0.024454545454545455,
      "rev_growth_yoy": 0.1857982568745355,
      "rev_growth_yoy_accel": -0.003629647681070436,
      "fcf_margin_change": 0.2362910316388092
    },
    {
      "date": "2022-06-30T00:00:00",
      "quarter_label": "2022-06 (Q2)",
      "revenue": 124517000,
      "gross_profit": 17672000,
      "operating_income": 3566000,
      "net_income": -271000,
      "opex": 14106000,
      "cogs": 106845000,
      "rd": null,
      "sga": 14091000,
      "fcf": 10916000,
      "ocf": 11902000,
      "capex": -986000,
      "gross_margin": 0.14192439586562478,
      "op_margin": 0.02863865978139531,
      "fcf_margin": 0.0876667442999751,
      "incr_op_margin_yoy": 0.3035607035607036,
      "rev_growth_yoy": -0.08559028287753723,
      "rev_growth_yoy_accel": -0.2713885397520727,
      "fcf_margin_change": -0.16699823205464853
    },
    {
      "date": "2022-09-30T00:00:00",
      "quarter_label": "2022-09 (Q3)",
      "revenue": 95684000,
      "gross_profit": 15349000,
      "operating_income": 428000,
      "net_income": 289000,
      "opex": 14921000,
      "cogs": 80335000,
      "rd": null,
      "sga": 14574000,
      "fcf": 11116000,
      "ocf": 12994000,
      "capex": -1878000,
      "gross_margin": 0.16041344425400275,
      "op_margin": 0.004473057146440366,
      "fcf_margin": 0.1161740729902596,
      "incr_op_margin_yoy": 0.12962742530651114,
      "rev_growth_yoy": -0.30507157434508203,
      "rev_growth_yoy_accel": -0.2194812914675448,
      "fcf_margin_change": 0.028507328690284495
    },
    {
      "date": "2022-12-31T00:00:00",
      "quarter_label": "2022-12 (Q4)",
      "revenue": 93137000,
      "gross_profit": 15838000,
      "operating_income": 3762000,
      "net_income": 2853000,
      "opex": 12076000,
      "cogs": 77299000,
      "rd": null,
      "sga": 14864000,
      "fcf": 11350000,
      "ocf": 11648000,
      "capex": -298000,
      "gross_margin": 0.1700505706647197,
      "op_margin": 0.04039211054682886,
      "fcf_margin": 0.12186349141587124,
      "incr_op_margin_yoy": -0.25546557870227277,
      "rev_growth_yoy": -0.34256854053138325,
      "rev_growth_yoy_accel": -0.03749696618630122,
      "fcf_margin_change": 0.005689418425611645
    },
    {
      "date": "2023-03-31T00:00:00",
      "quarter_label": "2023-03 (Q1)",
      "revenue": 99052000,
      "gross_profit": 18645000,
      "operating_income": 2116000,
      "net_income": 1475000,
      "opex": 16529000,
      "cogs": 80407000,
      "rd": null,
      "sga": 16529000,
      "fcf": 4399000,
      "ocf": 5820000,
      "capex": -1421000,
      "gross_margin": 0.18823446270645722,
      "op_margin": 0.021362516657917052,
      "fcf_margin": 0.044411016435811496,
      "incr_op_margin_yoy": 0.08941870587097399,
      "rev_growth_yoy": -0.29454162156002506,
      "rev_growth_yoy_accel": 0.04802691897135819,
      "op_leverage_ratio": 0.172227664854553,
      "fcf_margin_change": -0.07745247498005975
    },
    {
      "date": "2023-06-30T00:00:00",
      "quarter_label": "2023-06 (Q2)",
      "revenue": 105819000,
      "gross_profit": 21115000,
      "operating_income": 4236000,
      "net_income": 10161000,
      "opex": 16879000,
      "cogs": 84704000,
      "rd": null,
      "sga": 16879000,
      "fcf": -8666000,
      "ocf": -7473000,
      "capex": -1193000,
      "gross_margin": 0.19953883518082763,
      "op_margin": 0.04003061831996144,
      "fcf_margin": -0.08189455579810809,
      "incr_op_margin_yoy": -0.03583270938068243,
      "rev_growth_yoy": -0.15016423460250408,
      "rev_growth_yoy_accel": 0.14437738695752098,
      "op_leverage_ratio": 3.2263498826013466,
      "fcf_margin_change": -0.12630557223391958
    },
    {
      "date": "2023-09-30T00:00:00",
      "quarter_label": "2023-09 (Q3)",
      "revenue": 94603000,
      "gross_profit": 18410000,
      "operating_income": 1918000,
      "net_income": 752000,
      "opex": 16492000,
      "cogs": 76193000,
      "rd": null,
      "sga": 16492000,
      "fcf": -3136000,
      "ocf": -1781000,
      "capex": -1355000,
      "gross_margin": 0.1946027081593607,
      "op_margin": 0.020274198492648225,
      "fcf_margin": -0.033149054469731404,
      "incr_op_margin_yoy": -1.3783533765032376,
      "rev_growth_yoy": -0.011297604615191673,
      "rev_growth_yoy_accel": 0.13886662998731242,
      "fcf_margin_change": 0.048745501328376684
    },
    {
      "date": "2023-12-31T00:00:00",
      "quarter_label": "2023-12 (Q4)",
      "revenue": 100108000,
      "gross_profit": 21950000,
      "operating_income": 4584000,
      "net_income": 3051000,
      "opex": 17366000,
      "cogs": 78158000,
      "rd": null,
      "sga": 17366000,
      "fcf": 17244000,
      "ocf": 18947000,
      "capex": -1703000,
      "gross_margin": 0.21926319574859152,
      "op_margin": 0.0457905462100931,
      "fcf_margin": 0.17225396571702561,
      "incr_op_margin_yoy": 0.11791708506670492,
      "rev_growth_yoy": 0.07484673115947475,
      "rev_growth_yoy_accel": 0.08614433577466643,
      "op_leverage_ratio": 1.0980302582554373,
      "fcf_margin_change": 0.20540302018675702
    },
    {
      "date": "2024-03-31T00:00:00",
      "quarter_label": "2024-03 (Q1)",
      "revenue": 107219000,
      "gross_profit": 23317000,
      "operating_income": 2982000,
      "net_income": 1803000,
      "opex": 20335000,
      "cogs": 83902000,
      "rd": null,
      "sga": 17708000,
      "fcf": 5892000,
      "ocf": 7195000,
      "capex": -1303000,
      "gross_margin": 0.21747078409610238,
      "op_margin": 0.02781223477182216,
      "fcf_margin": 0.05495294677249368,
      "incr_op_margin_yoy": 0.10603648830659973,
      "rev_growth_yoy": 0.08245164156200784,
      "rev_growth_yoy_accel": 0.007604910402533083,
      "op_leverage_ratio": 0.41548131049789905,
      "fcf_margin_change": -0.11730101894453193
    },
    {
      "date": "2024-06-30T00:00:00",
      "quarter_label": "2024-06 (Q2)",
      "revenue": 110822000,
      "gross_profit": 23567000,
      "operating_income": 7596000,
      "net_income": 4922000,
      "opex": 15971000,
      "cogs": 87255000,
      "rd": null,
      "sga": 18878000,
      "fcf": 7111000,
      "ocf": 7522000,
      "capex": -411000,
      "gross_margin": 0.2126563317752793,
      "op_margin": 0.06854234718738157,
      "fcf_margin": 0.06416595982747109,
      "incr_op_margin_yoy": 0.6715970417749351,
      "rev_growth_yoy": 0.04727884406392047,
      "rev_growth_yoy_accel": -0.03517279749808737,
      "op_leverage_ratio": Infinity,
      "fcf_margin_change": 0.009213013054977404
    },
    {
      "date": "2024-09-30T00:00:00",
      "quarter_label": "2024-09 (Q3)",
      "revenue": 104007000,
      "gross_profit": 22367000,
      "operating_income": 6047000,
      "net_income": 4140000,
      "opex": 16320000,
      "cogs": 81639000,
      "rd": null,
      "sga": 16320000,
      "fcf": 1971000,
      "ocf": 2398000,
      "capex": -427000,
      "gross_margin": 0.21505283298239541,
      "op_margin": 0.05814031747863124,
      "fcf_margin": 0.01895064755256858,
      "incr_op_margin_yoy": 0.4390684814972352,
      "rev_growth_yoy": 0.09940488145196241,
      "rev_growth_yoy_accel": 0.052126037388041946,
      "fcf_margin_change": -0.04521531227490251
    },
    {
      "date": "2024-12-31T00:00:00",
      "quarter_label": "2024-12 (Q4)",
      "revenue": 108483000,
      "gross_profit": 22805000,
      "operating_income": 11654000,
      "net_income": 9054000,
      "opex": 11151000,
      "cogs": 85678000,
      "rd": null,
      "sga": 16142000,
      "fcf": 5786000,
      "ocf": 6693000,
      "capex": -907000,
      "gross_margin": 0.21021726906519916,
      "op_margin": 0.10742697012435128,
      "fcf_margin": 0.05333554566153222,
      "incr_op_margin_yoy": 0.8441791044776119,
      "rev_growth_yoy": 0.08365964758061294,
      "rev_growth_yoy_accel": -0.015745233871349476,
      "op_leverage_ratio": Infinity,
      "fcf_margin_change": 0.03438489810896364
    },
    {
      "date": "2025-03-31T00:00:00",
      "quarter_label": "2025-03 (Q1)",
      "revenue": 113972000,
      "gross_profit": 25336000,
      "operating_income": -5060000,
      "net_income": -3742000,
      "opex": 30396000,
      "cogs": 88636000,
      "rd": null,
      "sga": 17070000,
      "fcf": 10906000,
      "ocf": 12262000,
      "capex": -1356000,
      "gross_margin": 0.22230021408767064,
      "op_margin": -0.0443968694065209,
      "fcf_margin": 0.09569016951531956,
      "incr_op_margin_yoy": -1.190878128239301,
      "rev_growth_yoy": 0.0629832399108367,
      "rev_growth_yoy_accel": -0.020676407669776242,
      "op_leverage_ratio": 0.029317534470580095,
      "fcf_margin_change": 0.04235462385378733
    },
    {
      "date": "2025-06-30T00:00:00",
      "quarter_label": "2025-06 (Q2)",
      "revenue": 114611000,
      "gross_profit": 27436000,
      "operating_income": 13974000,
      "net_income": 10702000,
      "opex": 13462000,
      "cogs": 87175000,
      "rd": null,
      "sga": 17164000,
      "fcf": 15058000,
      "ocf": 15626000,
      "capex": -568000,
      "gross_margin": 0.23938365427402256,
      "op_margin": 0.12192546963205975,
      "fcf_margin": 0.1313835495720306,
      "incr_op_margin_yoy": 1.6832937450514647,
      "rev_growth_yoy": 0.034189962281857396,
      "rev_growth_yoy_accel": -0.0287932776289793,
      "fcf_margin_change": 0.03569338005671105
    },
    {
      "date": "2025-09-30T00:00:00",
      "quarter_label": "2025-09 (Q3)",
      "revenue": 110439000,
      "gross_profit": 25946000,
      "operating_income": 8987000,
      "net_income": 7327000,
      "opex": 16959000,
      "cogs": 84493000,
      "rd": null,
      "sga": 16959000,
      "fcf": 2757000,
      "ocf": 4114000,
      "capex": -1357000,
      "gross_margin": 0.23493512255634333,
      "op_margin": 0.08137523881961987,
      "fcf_margin": 0.024964007280036945,
      "incr_op_margin_yoy": 0.457089552238806,
      "rev_growth_yoy": 0.0618419914044247,
      "rev_growth_yoy_accel": 0.027652029122567305,
      "fcf_margin_change": -0.10641954229199366
    }
  ],
  "signals": [
    {
      "quarter": "2025-09 (Q3)",
      "signal": "INCREMENTAL MARGIN (YoY)",
      "detail": "YoY Incr OPM: +45.7% vs year-ago OPM: +5.8%",
      "severity": "HIGH"
    },
    {
      "quarter": "2025-06 (Q2)",
      "signal": "INCREMENTAL MARGIN (YoY)",
      "detail": "YoY Incr OPM: +168.3% vs year-ago OPM: +6.9%",
      "severity": "HIGH"
    },
    {
      "quarter": "2025-06 (Q2)",
      "signal": "OP MARGIN TURNED POSITIVE (QoQ)",
      "detail": "Op margin: -4.4% -> +12.2%",
      "severity": "HIGH"
    },
    {
      "quarter": "2024-12 (Q4)",
      "signal": "INCREMENTAL MARGIN (YoY)",
      "detail": "YoY Incr OPM: +84.4% vs year-ago OPM: +4.6%",
      "severity": "HIGH"
    },
    {
      "quarter": "2024-09 (Q3)",
      "signal": "YoY REVENUE GROWTH ACCELERATION",
      "detail": "YoY growth: +9.9% vs prior quarter YoY: +4.7% (accel: +5.2%)",
      "severity": "MEDIUM"
    },
    {
      "quarter": "2024-09 (Q3)",
      "signal": "INCREMENTAL MARGIN (YoY)",
      "detail": "YoY Incr OPM: +43.9% vs year-ago OPM: +2.0%",
      "severity": "HIGH"
    },
    {
      "quarter": "2024-06 (Q2)",
      "signal": "INCREMENTAL MARGIN (YoY)",
      "detail": "YoY Incr OPM: +67.2% vs year-ago OPM: +4.0%",
      "severity": "HIGH"
    },
    {
      "quarter": "2023-12 (Q4)",
      "signal": "FCF TURNED POSITIVE",
      "detail": "FCF margin: -3.3% -> +17.2%",
      "severity": "HIGH"
    },
    {
      "quarter": "2023-12 (Q4)",
      "signal": "GROSS MARGIN INFLECTION",
      "detail": "GM: +20.0% -> +19.5% -> +21.9% (reversal +2.5%)",
      "severity": "MEDIUM"
    },
    {
      "quarter": "2023-12 (Q4)",
      "signal": "YoY REVENUE GROWTH ACCELERATION",
      "detail": "YoY growth: +7.5% vs prior quarter YoY: -1.1% (accel: +8.6%)",
      "severity": "MEDIUM"
    },
    {
      "quarter": "2023-09 (Q3)",
      "signal": "YoY REVENUE GROWTH ACCELERATION",
      "detail": "YoY growth: -1.1% vs prior quarter YoY: -15.0% (accel: +13.9%)",
      "severity": "MEDIUM"
    },
    {
      "quarter": "2023-06 (Q2)",
      "signal": "OPERATING LEVERAGE",
      "detail": "Rev growth +6.8% vs OpEx growth +2.1% (leverage: 3.2x)",
      "severity": "MEDIUM"
    },
    {
      "quarter": "2023-06 (Q2)",
      "signal": "YoY REVENUE GROWTH ACCELERATION",
      "detail": "YoY growth: -15.0% vs prior quarter YoY: -29.5% (accel: +14.4%)",
      "severity": "MEDIUM"
    },
    {
      "quarter": "2022-12 (Q4)",
      "signal": "OP MARGIN TURNED POSITIVE (YoY)",
      "detail": "Op margin: -6.1% (year-ago) -> +4.0%",
      "severity": "HIGH"
    },
    {
      "quarter": "2022-09 (Q3)",
      "signal": "YoY REVENUE GROWTH DECELERATION",
      "detail": "YoY growth: -30.5% vs prior quarter YoY: -8.6% (decel: -21.9%)",
      "severity": "WARNING"
    },
    {
      "quarter": "2022-06 (Q2)",
      "signal": "YoY REVENUE GROWTH DECELERATION",
      "detail": "YoY growth: -8.6% vs prior quarter YoY: +18.6% (decel: -27.1%)",
      "severity": "WARNING"
    },
    {
      "quarter": "2022-06 (Q2)",
      "signal": "INCREMENTAL MARGIN (YoY)",
      "detail": "YoY Incr OPM: +30.4% vs year-ago OPM: +5.2%",
      "severity": "HIGH"
    },
    {
      "quarter": "2022-03 (Q1)",
      "signal": "FCF MARGIN EXPANSION",
      "detail": "FCF margin: +1.8% -> +25.5% (+23.6%)",
      "severity": "MEDIUM"
    },
    {
      "quarter": "2022-03 (Q1)",
      "signal": "GROSS MARGIN INFLECTION",
      "detail": "GM: +17.0% -> +6.7% -> +15.7% (reversal +9.0%)",
      "severity": "HIGH"
    },
    {
      "quarter": "2022-03 (Q1)",
      "signal": "OP MARGIN TURNED POSITIVE (QoQ)",
      "detail": "Op margin: -6.1% -> +4.1%",
      "severity": "HIGH"
    },
    {
      "quarter": "2021-12 (Q4)",
      "signal": "FCF TURNED POSITIVE",
      "detail": "FCF margin: -32.8% -> +1.8%",
      "severity": "HIGH"
    }
  ],
  "data_quality": {
    "n_quarters": 20,
    "coverage": {
      "revenue": [
        20,
        20
      ],
      "gross_profit": [
        20,
        20
      ],
      "op_income": [
        20,
        20
      ],
      "fcf": [
        20,
        20
      ]
    },
    "gaps": [],
    "warnings": []
  },
  "market_cap": null,
  "source": "SEC EDGAR",
  "last_updated": "2026-02-02T22:59:29.070946"
}