{
  "ticker": "FMC",
  "name": "FMC CORPORATION",
  "quarters": [
    {
      "date": "2020-12-31T00:00:00",
      "quarter_label": "2020-12 (Q4)",
      "revenue": 1152200000,
      "gross_profit": 501400000,
      "operating_income": 146900000,
      "net_income": 49500000,
      "opex": 1005300000,
      "cogs": 650800000,
      "rd": null,
      "sga": 181600000,
      "fcf": 391300000,
      "ocf": 423300000,
      "capex": -32000000,
      "gross_margin": 0.4351675056413817,
      "op_margin": 0.12749522652317305,
      "fcf_margin": 0.3396111786148238
    },
    {
      "date": "2021-03-31T00:00:00",
      "quarter_label": "2021-03 (Q1)",
      "revenue": 1195600000,
      "gross_profit": 512400000,
      "operating_income": 260700000,
      "net_income": 182600000,
      "opex": 934900000,
      "cogs": 683200000,
      "rd": null,
      "sga": 174500000,
      "fcf": -319100000,
      "ocf": -294100000,
      "capex": -25000000,
      "gross_margin": 0.42857142857142855,
      "op_margin": 0.21804951488792237,
      "fcf_margin": -0.26689528270324525,
      "op_leverage_ratio": Infinity,
      "fcf_margin_change": -0.6065064613180691
    },
    {
      "date": "2021-06-30T00:00:00",
      "quarter_label": "2021-06 (Q2)",
      "revenue": 1242000000,
      "gross_profit": 531800000,
      "operating_income": 288600000,
      "net_income": 202900000,
      "opex": 953400000,
      "cogs": 710200000,
      "rd": null,
      "sga": 161000000,
      "fcf": 232800000,
      "ocf": 254700000,
      "capex": -21900000,
      "gross_margin": 0.42818035426731077,
      "op_margin": 0.2323671497584541,
      "fcf_margin": 0.18743961352657004,
      "op_leverage_ratio": 1.9612163518486705,
      "fcf_margin_change": 0.45433489622981527
    },
    {
      "date": "2021-09-30T00:00:00",
      "quarter_label": "2021-09 (Q3)",
      "revenue": 1194000000,
      "gross_profit": 512800000,
      "operating_income": 217000000,
      "net_income": 157900000,
      "opex": 977000000,
      "cogs": 681200000,
      "rd": null,
      "sga": 183500000,
      "fcf": 308100000,
      "ocf": 337600000,
      "capex": -29500000,
      "gross_margin": 0.4294807370184255,
      "op_margin": 0.18174204355108878,
      "fcf_margin": 0.2580402010050251,
      "fcf_margin_change": 0.07060058747845507
    },
    {
      "date": "2021-12-31T00:00:00",
      "quarter_label": "2021-12 (Q4)",
      "revenue": 1413600000,
      "gross_profit": 614700000,
      "operating_income": 278600000,
      "net_income": 193100000,
      "opex": 1135000000,
      "cogs": 798900000,
      "rd": null,
      "sga": 195100000,
      "fcf": 576700000,
      "ocf": 600400000,
      "capex": -23700000,
      "gross_margin": 0.4348471986417657,
      "op_margin": 0.19708545557441992,
      "fcf_margin": 0.4079654782116582,
      "incr_op_margin_yoy": 0.5038255547054323,
      "rev_growth_yoy": 0.22687033501128276,
      "op_leverage_ratio": 1.1372749825074742,
      "fcf_margin_change": 0.14992527720663307
    },
    {
      "date": "2022-03-31T00:00:00",
      "quarter_label": "2022-03 (Q1)",
      "revenue": 1350800000,
      "gross_profit": 572700000,
      "operating_income": 303300000,
      "net_income": 207400000,
      "opex": 1047500000,
      "cogs": 778100000,
      "rd": null,
      "sga": 188500000,
      "fcf": -648100000,
      "ocf": -597800000,
      "capex": -50300000,
      "gross_margin": 0.42397098015990525,
      "op_margin": 0.22453360971276282,
      "fcf_margin": -0.47978975421972164,
      "incr_op_margin_yoy": 0.27448453608247425,
      "rev_growth_yoy": 0.12980930076948813,
      "rev_growth_yoy_accel": -0.09706103424179463,
      "fcf_margin_change": -0.8877552324313798
    },
    {
      "date": "2022-06-30T00:00:00",
      "quarter_label": "2022-06 (Q2)",
      "revenue": 1452300000,
      "gross_profit": 591000000,
      "operating_income": 235900000,
      "net_income": 134200000,
      "opex": 1216400000,
      "cogs": 861300000,
      "rd": null,
      "sga": 194800000,
      "fcf": 172500000,
      "ocf": 195900000,
      "capex": -23400000,
      "gross_margin": 0.4069407147283619,
      "op_margin": 0.162432004406803,
      "fcf_margin": 0.11877711216690766,
      "incr_op_margin_yoy": -0.25059438896814074,
      "rev_growth_yoy": 0.16932367149758454,
      "rev_growth_yoy_accel": 0.03951437072809641,
      "op_leverage_ratio": 0.4660144382128749,
      "fcf_margin_change": 0.5985668663866293
    },
    {
      "date": "2022-09-30T00:00:00",
      "quarter_label": "2022-09 (Q3)",
      "revenue": 1377200000,
      "gross_profit": 477500000,
      "operating_income": 210600000,
      "net_income": 121000000,
      "opex": 1166600000,
      "cogs": 899700000,
      "rd": null,
      "sga": 179400000,
      "fcf": 382900000,
      "ocf": 417600000,
      "capex": -34700000,
      "gross_margin": 0.3467179785071159,
      "op_margin": 0.15291896601800756,
      "fcf_margin": 0.2780278826604705,
      "incr_op_margin_yoy": -0.034934497816593885,
      "rev_growth_yoy": 0.15343383584589615,
      "rev_growth_yoy_accel": -0.01588983565168839,
      "fcf_margin_change": 0.15925077049356284
    },
    {
      "date": "2022-12-31T00:00:00",
      "quarter_label": "2022-12 (Q4)",
      "revenue": 1622000000,
      "gross_profit": 685600000,
      "operating_income": 394500000,
      "net_income": 273900000,
      "opex": 1227500000,
      "cogs": 936400000,
      "rd": null,
      "sga": 212500000,
      "fcf": 610400000,
      "ocf": 644300000,
      "capex": -33900000,
      "gross_margin": 0.4226880394574599,
      "op_margin": 0.24321824907521578,
      "fcf_margin": 0.3763255240443896,
      "incr_op_margin_yoy": 0.5561420345489443,
      "rev_growth_yoy": 0.14742501414827391,
      "rev_growth_yoy_accel": -0.006008821697622235,
      "op_leverage_ratio": 3.4050153878290925,
      "fcf_margin_change": 0.09829764138391911
    },
    {
      "date": "2023-03-31T00:00:00",
      "quarter_label": "2023-03 (Q1)",
      "revenue": 1344300000,
      "gross_profit": 581300000,
      "operating_income": 304500000,
      "net_income": 196000000,
      "opex": 1039800000,
      "cogs": 763000000,
      "rd": null,
      "sga": 185900000,
      "fcf": -898200000,
      "ocf": -851300000,
      "capex": -46900000,
      "gross_margin": 0.4324183589972476,
      "op_margin": 0.22651193929926355,
      "fcf_margin": -0.6681544298147735,
      "incr_op_margin_yoy": -0.18461538461538463,
      "rev_growth_yoy": -0.004811963281018655,
      "rev_growth_yoy_accel": -0.15223697742929257,
      "fcf_margin_change": -1.0444799538591631
    },
    {
      "date": "2023-06-30T00:00:00",
      "quarter_label": "2023-06 (Q2)",
      "revenue": 1014500000,
      "gross_profit": 432800000,
      "operating_income": 132200000,
      "net_income": 30500000,
      "opex": 882300000,
      "cogs": 581700000,
      "rd": null,
      "sga": 205600000,
      "fcf": 102600000,
      "ocf": 131500000,
      "capex": -28900000,
      "gross_margin": 0.42661409561360275,
      "op_margin": 0.1303104977821587,
      "fcf_margin": 0.10113356333169049,
      "incr_op_margin_yoy": 0.23686614892645044,
      "rev_growth_yoy": -0.3014528678647662,
      "rev_growth_yoy_accel": -0.2966409045837476,
      "fcf_margin_change": 0.769287993146464
    },
    {
      "date": "2023-09-30T00:00:00",
      "quarter_label": "2023-09 (Q3)",
      "revenue": 981900000,
      "gross_profit": 381200000,
      "operating_income": 100800000,
      "net_income": -3500000,
      "opex": 881100000,
      "cogs": 600700000,
      "rd": null,
      "sga": 171300000,
      "fcf": 68600000,
      "ocf": 101600000,
      "capex": -33000000,
      "gross_margin": 0.38822690701700785,
      "op_margin": 0.10265811182401467,
      "fcf_margin": 0.06986454832467665,
      "incr_op_margin_yoy": 0.2777637237541108,
      "rev_growth_yoy": -0.28703165843740924,
      "rev_growth_yoy_accel": 0.014421209427356974,
      "fcf_margin_change": -0.031269015007013845
    },
    {
      "date": "2023-12-31T00:00:00",
      "quarter_label": "2023-12 (Q4)",
      "revenue": 1146100000,
      "gross_profit": 435700000,
      "operating_income": 18100000,
      "net_income": 1098500000,
      "opex": 1128000000,
      "cogs": 710400000,
      "rd": null,
      "sga": 171500000,
      "fcf": 292800000,
      "ocf": 317900000,
      "capex": -25100000,
      "gross_margin": 0.3801587994066835,
      "op_margin": 0.015792688247098858,
      "fcf_margin": 0.25547508943373176,
      "incr_op_margin_yoy": 0.7909224627022484,
      "rev_growth_yoy": -0.293403205918619,
      "rev_growth_yoy_accel": -0.006371547481209772,
      "op_leverage_ratio": 0.5967741516342518,
      "fcf_margin_change": 0.18561054110905512
    },
    {
      "date": "2024-03-31T00:00:00",
      "quarter_label": "2024-03 (Q1)",
      "revenue": 918000000,
      "gross_profit": 339700000,
      "operating_income": 74000000,
      "net_income": -2700000,
      "opex": 844000000,
      "cogs": 578300000,
      "rd": null,
      "sga": 163900000,
      "fcf": -163600000,
      "ocf": -142900000,
      "capex": -20700000,
      "gross_margin": 0.37004357298474944,
      "op_margin": 0.08061002178649238,
      "fcf_margin": -0.17821350762527233,
      "incr_op_margin_yoy": 0.5406990382359841,
      "rev_growth_yoy": -0.317116715018969,
      "rev_growth_yoy_accel": -0.023713509100349972,
      "fcf_margin_change": -0.4336885970590041
    },
    {
      "date": "2024-06-30T00:00:00",
      "quarter_label": "2024-06 (Q2)",
      "revenue": 1038400000,
      "gross_profit": 398100000,
      "operating_income": 62300000,
      "net_income": 295100000,
      "opex": 976100000,
      "cogs": 640300000,
      "rd": null,
      "sga": 164800000,
      "fcf": 282300000,
      "ocf": 292200000,
      "capex": -9900000,
      "gross_margin": 0.3833782742681048,
      "op_margin": 0.05999614791987673,
      "fcf_margin": 0.27186055469953774,
      "incr_op_margin_yoy": -2.924686192468619,
      "rev_growth_yoy": 0.023558403154263184,
      "rev_growth_yoy_accel": 0.34067511817323215,
      "op_leverage_ratio": 0.8379602829440297,
      "fcf_margin_change": 0.45007406232481006
    },
    {
      "date": "2024-09-30T00:00:00",
      "quarter_label": "2024-09 (Q3)",
      "revenue": 1065400000,
      "gross_profit": 386400000,
      "operating_income": 135600000,
      "net_income": 65000000,
      "opex": 929800000,
      "cogs": 679000000,
      "rd": null,
      "sga": 159200000,
      "fcf": 143800000,
      "ocf": 159500000,
      "capex": -15700000,
      "gross_margin": 0.36268068331143233,
      "op_margin": 0.1272761404167449,
      "fcf_margin": 0.13497278017645956,
      "incr_op_margin_yoy": 0.4167664670658683,
      "rev_growth_yoy": 0.08503920969548834,
      "rev_growth_yoy_accel": 0.061480806541225154,
      "op_leverage_ratio": Infinity,
      "fcf_margin_change": -0.13688777452307818
    },
    {
      "date": "2024-12-31T00:00:00",
      "quarter_label": "2024-12 (Q4)",
      "revenue": 1224300000,
      "gross_profit": 524700000,
      "operating_income": 234600000,
      "net_income": -16300000,
      "opex": 989700000,
      "cogs": 699600000,
      "rd": null,
      "sga": 156700000,
      "fcf": 406300000,
      "ocf": 427900000,
      "capex": -21600000,
      "gross_margin": 0.42857142857142855,
      "op_margin": 0.19161970105366333,
      "fcf_margin": 0.3318631054480111,
      "incr_op_margin_yoy": 2.768542199488491,
      "rev_growth_yoy": 0.06823139342116744,
      "rev_growth_yoy_accel": -0.016807816274320903,
      "op_leverage_ratio": 2.315122225171607,
      "fcf_margin_change": 0.19689032527155156
    },
    {
      "date": "2025-03-31T00:00:00",
      "quarter_label": "2025-03 (Q1)",
      "revenue": 791400000,
      "gross_profit": 316700000,
      "operating_income": 58200000,
      "net_income": -15500000,
      "opex": 733200000,
      "cogs": 474700000,
      "rd": null,
      "sga": 172000000,
      "fcf": -576600000,
      "ocf": -545000000,
      "capex": -31600000,
      "gross_margin": 0.4001769016932019,
      "op_margin": 0.07354056103108415,
      "fcf_margin": -0.7285822592873389,
      "incr_op_margin_yoy": 0.12480252764612954,
      "rev_growth_yoy": -0.13790849673202615,
      "rev_growth_yoy_accel": -0.2061398901531936,
      "fcf_margin_change": -1.06044536473535
    },
    {
      "date": "2025-06-30T00:00:00",
      "quarter_label": "2025-06 (Q2)",
      "revenue": 1050500000,
      "gross_profit": 406300000,
      "operating_income": 126400000,
      "net_income": 66700000,
      "opex": 924100000,
      "cogs": 644200000,
      "rd": null,
      "sga": 176800000,
      "fcf": 50900000,
      "ocf": 65900000,
      "capex": -15000000,
      "gross_margin": 0.38676820561637315,
      "op_margin": 0.12032365540218944,
      "fcf_margin": 0.04845311756306521,
      "incr_op_margin_yoy": 5.297520661157025,
      "rev_growth_yoy": 0.011652542372881356,
      "rev_growth_yoy_accel": 0.1495610391049075,
      "op_leverage_ratio": 1.2574418053265903,
      "fcf_margin_change": 0.7770353768504041
    },
    {
      "date": "2025-09-30T00:00:00",
      "quarter_label": "2025-09 (Q3)",
      "revenue": 542200000,
      "gross_profit": 128900000,
      "operating_income": -396300000,
      "net_income": -569300000,
      "opex": 938500000,
      "cogs": 413300000,
      "rd": null,
      "sga": 167400000,
      "fcf": -207900000,
      "ocf": -184200000,
      "capex": -23700000,
      "gross_margin": 0.23773515308004425,
      "op_margin": -0.7309111029140538,
      "fcf_margin": -0.383437845813353,
      "incr_op_margin_yoy": 1.0166284403669725,
      "rev_growth_yoy": -0.4910831612539891,
      "rev_growth_yoy_accel": -0.5027357036268705,
      "fcf_margin_change": -0.4318909633764182
    }
  ],
  "signals": [
    {
      "quarter": "2025-09 (Q3)",
      "signal": "YoY REVENUE GROWTH DECELERATION",
      "detail": "YoY growth: -49.1% vs prior quarter YoY: +1.2% (decel: -50.3%)",
      "severity": "WARNING"
    },
    {
      "quarter": "2025-06 (Q2)",
      "signal": "FCF TURNED POSITIVE",
      "detail": "FCF margin: -72.9% -> +4.8%",
      "severity": "HIGH"
    },
    {
      "quarter": "2025-06 (Q2)",
      "signal": "YoY REVENUE GROWTH ACCELERATION",
      "detail": "YoY growth: +1.2% vs prior quarter YoY: -13.8% (accel: +15.0%)",
      "severity": "MEDIUM"
    },
    {
      "quarter": "2025-06 (Q2)",
      "signal": "INCREMENTAL MARGIN (YoY)",
      "detail": "YoY Incr OPM: +529.8% vs year-ago OPM: +6.0%",
      "severity": "HIGH"
    },
    {
      "quarter": "2025-03 (Q1)",
      "signal": "YoY REVENUE GROWTH DECELERATION",
      "detail": "YoY growth: -13.8% vs prior quarter YoY: +6.8% (decel: -20.6%)",
      "severity": "WARNING"
    },
    {
      "quarter": "2024-12 (Q4)",
      "signal": "FCF MARGIN EXPANSION",
      "detail": "FCF margin: +13.5% -> +33.2% (+19.7%)",
      "severity": "MEDIUM"
    },
    {
      "quarter": "2024-12 (Q4)",
      "signal": "OPERATING LEVERAGE",
      "detail": "Rev growth +14.9% vs OpEx growth +6.4% (leverage: 2.3x)",
      "severity": "MEDIUM"
    },
    {
      "quarter": "2024-12 (Q4)",
      "signal": "GROSS MARGIN INFLECTION",
      "detail": "GM: +38.3% -> +36.3% -> +42.9% (reversal +6.6%)",
      "severity": "HIGH"
    },
    {
      "quarter": "2024-12 (Q4)",
      "signal": "INCREMENTAL MARGIN (YoY)",
      "detail": "YoY Incr OPM: +276.9% vs year-ago OPM: +1.6%",
      "severity": "HIGH"
    },
    {
      "quarter": "2024-09 (Q3)",
      "signal": "YoY REVENUE GROWTH ACCELERATION",
      "detail": "YoY growth: +8.5% vs prior quarter YoY: +2.4% (accel: +6.1%)",
      "severity": "MEDIUM"
    },
    {
      "quarter": "2024-09 (Q3)",
      "signal": "INCREMENTAL MARGIN (YoY)",
      "detail": "YoY Incr OPM: +41.7% vs year-ago OPM: +10.3%",
      "severity": "HIGH"
    },
    {
      "quarter": "2024-06 (Q2)",
      "signal": "FCF TURNED POSITIVE",
      "detail": "FCF margin: -17.8% -> +27.2%",
      "severity": "HIGH"
    },
    {
      "quarter": "2024-06 (Q2)",
      "signal": "YoY REVENUE GROWTH ACCELERATION",
      "detail": "YoY growth: +2.4% vs prior quarter YoY: -31.7% (accel: +34.1%)",
      "severity": "HIGH"
    },
    {
      "quarter": "2024-03 (Q1)",
      "signal": "INCREMENTAL MARGIN (YoY)",
      "detail": "YoY Incr OPM: +54.1% vs year-ago OPM: +22.7%",
      "severity": "HIGH"
    },
    {
      "quarter": "2023-12 (Q4)",
      "signal": "FCF MARGIN EXPANSION",
      "detail": "FCF margin: +7.0% -> +25.5% (+18.6%)",
      "severity": "MEDIUM"
    },
    {
      "quarter": "2023-12 (Q4)",
      "signal": "INCREMENTAL MARGIN (YoY)",
      "detail": "YoY Incr OPM: +79.1% vs year-ago OPM: +24.3%",
      "severity": "HIGH"
    },
    {
      "quarter": "2023-09 (Q3)",
      "signal": "INCREMENTAL MARGIN (YoY)",
      "detail": "YoY Incr OPM: +27.8% vs year-ago OPM: +15.3%",
      "severity": "MEDIUM"
    },
    {
      "quarter": "2023-06 (Q2)",
      "signal": "FCF TURNED POSITIVE",
      "detail": "FCF margin: -66.8% -> +10.1%",
      "severity": "HIGH"
    },
    {
      "quarter": "2023-06 (Q2)",
      "signal": "YoY REVENUE GROWTH DECELERATION",
      "detail": "YoY growth: -30.1% vs prior quarter YoY: -0.5% (decel: -29.7%)",
      "severity": "WARNING"
    },
    {
      "quarter": "2023-03 (Q1)",
      "signal": "YoY REVENUE GROWTH DECELERATION",
      "detail": "YoY growth: -0.5% vs prior quarter YoY: +14.7% (decel: -15.2%)",
      "severity": "WARNING"
    },
    {
      "quarter": "2022-12 (Q4)",
      "signal": "FCF MARGIN EXPANSION",
      "detail": "FCF margin: +27.8% -> +37.6% (+9.8%)",
      "severity": "MEDIUM"
    },
    {
      "quarter": "2022-12 (Q4)",
      "signal": "OPERATING LEVERAGE",
      "detail": "Rev growth +17.8% vs OpEx growth +5.2% (leverage: 3.4x)",
      "severity": "MEDIUM"
    },
    {
      "quarter": "2022-12 (Q4)",
      "signal": "GROSS MARGIN INFLECTION",
      "detail": "GM: +40.7% -> +34.7% -> +42.3% (reversal +7.6%)",
      "severity": "HIGH"
    },
    {
      "quarter": "2022-12 (Q4)",
      "signal": "INCREMENTAL MARGIN (YoY)",
      "detail": "YoY Incr OPM: +55.6% vs year-ago OPM: +19.7%",
      "severity": "HIGH"
    },
    {
      "quarter": "2022-09 (Q3)",
      "signal": "FCF MARGIN EXPANSION",
      "detail": "FCF margin: +11.9% -> +27.8% (+15.9%)",
      "severity": "MEDIUM"
    },
    {
      "quarter": "2022-06 (Q2)",
      "signal": "FCF TURNED POSITIVE",
      "detail": "FCF margin: -48.0% -> +11.9%",
      "severity": "HIGH"
    },
    {
      "quarter": "2022-03 (Q1)",
      "signal": "YoY REVENUE GROWTH DECELERATION",
      "detail": "YoY growth: +13.0% vs prior quarter YoY: +22.7% (decel: -9.7%)",
      "severity": "WARNING"
    },
    {
      "quarter": "2021-12 (Q4)",
      "signal": "FCF MARGIN EXPANSION",
      "detail": "FCF margin: +25.8% -> +40.8% (+15.0%)",
      "severity": "MEDIUM"
    },
    {
      "quarter": "2021-12 (Q4)",
      "signal": "INCREMENTAL MARGIN (YoY)",
      "detail": "YoY Incr OPM: +50.4% vs year-ago OPM: +12.7%",
      "severity": "HIGH"
    },
    {
      "quarter": "2021-09 (Q3)",
      "signal": "FCF MARGIN EXPANSION",
      "detail": "FCF margin: +18.7% -> +25.8% (+7.1%)",
      "severity": "MEDIUM"
    },
    {
      "quarter": "2021-06 (Q2)",
      "signal": "FCF TURNED POSITIVE",
      "detail": "FCF margin: -26.7% -> +18.7%",
      "severity": "HIGH"
    },
    {
      "quarter": "2021-06 (Q2)",
      "signal": "OPERATING LEVERAGE",
      "detail": "Rev growth +3.9% vs OpEx growth +2.0% (leverage: 2.0x)",
      "severity": "MEDIUM"
    }
  ],
  "data_quality": {
    "n_quarters": 20,
    "coverage": {
      "revenue": [
        20,
        20
      ],
      "gross_profit": [
        20,
        20
      ],
      "op_income": [
        20,
        20
      ],
      "fcf": [
        20,
        20
      ]
    },
    "gaps": [],
    "warnings": []
  },
  "market_cap": null,
  "source": "SEC EDGAR",
  "last_updated": "2026-02-02T21:36:38.085010"
}