{
  "ticker": "FNGR",
  "name": "FINGERMOTION, INC.",
  "quarters": [
    {
      "date": "2021-02-28T00:00:00",
      "quarter_label": "2021-02 (Q1)",
      "revenue": 5437981,
      "gross_profit": 473321,
      "operating_income": -2073839,
      "net_income": -2134721,
      "opex": 2547160,
      "cogs": 4964660,
      "rd": 200476,
      "sga": null,
      "fcf": -52685,
      "ocf": -138248,
      "capex": 85563,
      "gross_margin": 0.0870398407055854,
      "op_margin": -0.38136194297111375,
      "fcf_margin": -0.009688338374113481
    },
    {
      "date": "2021-05-31T00:00:00",
      "quarter_label": "2021-05 (Q2)",
      "revenue": 5996489,
      "gross_profit": 619697,
      "operating_income": -855882,
      "net_income": -911890,
      "opex": 1475579,
      "cogs": 5376792,
      "rd": 135429,
      "sga": null,
      "fcf": -1945581,
      "ocf": -1941180,
      "capex": -4401,
      "gross_margin": 0.10334330639145674,
      "op_margin": -0.14273052114328902,
      "fcf_margin": -0.324453359290745,
      "op_leverage_ratio": Infinity,
      "fcf_margin_change": -0.3147650209166315
    },
    {
      "date": "2021-08-31T00:00:00",
      "quarter_label": "2021-08 (Q3)",
      "revenue": 5386914,
      "gross_profit": 696856,
      "operating_income": -1387655,
      "net_income": -1455764,
      "opex": 2084511,
      "cogs": 4690058,
      "rd": 144549,
      "sga": null,
      "fcf": -1580674,
      "ocf": -1572450,
      "capex": -8224,
      "gross_margin": 0.12936089196894549,
      "op_margin": -0.25759739249596336,
      "fcf_margin": -0.29342848242982905,
      "fcf_margin_change": 0.03102487686091593
    },
    {
      "date": "2021-11-30T00:00:00",
      "quarter_label": "2021-11 (Q4)",
      "revenue": 5901899,
      "gross_profit": 967075,
      "operating_income": -1064005,
      "net_income": -1036619,
      "opex": 2031080,
      "cogs": 4934824,
      "rd": 158055,
      "sga": null,
      "fcf": -1610212,
      "ocf": -1609061,
      "capex": -1151,
      "gross_margin": 0.1638582768020937,
      "op_margin": -0.18028180421250856,
      "fcf_margin": -0.2728294740387797,
      "op_leverage_ratio": Infinity,
      "fcf_margin_change": 0.020599008391049334
    },
    {
      "date": "2022-02-28T00:00:00",
      "quarter_label": "2022-02 (Q1)",
      "revenue": 5642113,
      "gross_profit": 530493,
      "operating_income": -1559693,
      "net_income": -1539171,
      "opex": 2090186,
      "cogs": 5111620,
      "rd": 485354,
      "sga": null,
      "fcf": -725789,
      "ocf": -725171,
      "capex": -618,
      "gross_margin": 0.0940238169636092,
      "op_margin": -0.2764377459295835,
      "fcf_margin": -0.12863779934928635,
      "rev_growth_yoy": 0.037538196621135674,
      "fcf_margin_change": 0.14419167468949337
    },
    {
      "date": "2022-05-31T00:00:00",
      "quarter_label": "2022-05 (Q2)",
      "revenue": 4855123,
      "gross_profit": 377071,
      "operating_income": -1435420,
      "net_income": -1444123,
      "opex": 1812491,
      "cogs": 4478052,
      "rd": 211647,
      "sga": null,
      "fcf": -421968,
      "ocf": -421968,
      "capex": null,
      "gross_margin": 0.07766456174230807,
      "op_margin": -0.29565059422799383,
      "fcf_margin": -0.08691190727814722,
      "incr_op_margin_yoy": 0.5077582475735215,
      "rev_growth_yoy": -0.19033904673217944,
      "rev_growth_yoy_accel": -0.2278772433533151,
      "fcf_margin_change": 0.04172589207113912
    },
    {
      "date": "2022-08-31T00:00:00",
      "quarter_label": "2022-08 (Q3)",
      "revenue": 4982957,
      "gross_profit": 417784,
      "operating_income": -1493591,
      "net_income": -1537365,
      "opex": 1911375,
      "cogs": 4565173,
      "rd": 198104,
      "sga": null,
      "fcf": -3363875,
      "ocf": -3363875,
      "capex": null,
      "gross_margin": 0.08384258583808771,
      "op_margin": -0.29973989340064544,
      "fcf_margin": -0.6750760642726799,
      "rev_growth_yoy": -0.07498857416324077,
      "rev_growth_yoy_accel": 0.11535047256893867,
      "op_leverage_ratio": 0.4826096198404956,
      "fcf_margin_change": -0.5881641569945326
    },
    {
      "date": "2022-11-30T00:00:00",
      "quarter_label": "2022-11 (Q4)",
      "revenue": 11402935,
      "gross_profit": 858614,
      "operating_income": -1861803,
      "net_income": -2521992,
      "opex": 2720417,
      "cogs": 10544321,
      "rd": 180158,
      "sga": null,
      "fcf": -1878242,
      "ocf": -1814601,
      "capex": -63641,
      "gross_margin": 0.075297631706223,
      "op_margin": -0.1632740167334112,
      "fcf_margin": -0.16471566311655728,
      "incr_op_margin_yoy": -0.14502686403070258,
      "rev_growth_yoy": 0.932078980002877,
      "rev_growth_yoy_accel": 1.0070675541661178,
      "op_leverage_ratio": 3.043835892201052,
      "fcf_margin_change": 0.5103604011561226
    },
    {
      "date": "2023-02-28T00:00:00",
      "quarter_label": "2023-02 (Q1)",
      "revenue": 12813190,
      "gross_profit": 665001,
      "operating_income": -1875251,
      "net_income": -2035662,
      "opex": 2540252,
      "cogs": 12148189,
      "rd": 207640,
      "sga": null,
      "fcf": -3020745,
      "ocf": -3013689,
      "capex": -7056,
      "gross_margin": 0.05189972208325952,
      "op_margin": -0.1463531720047857,
      "fcf_margin": -0.23575276726560676,
      "incr_op_margin_yoy": -0.04400426881485166,
      "rev_growth_yoy": 1.2709913821293548,
      "rev_growth_yoy_accel": 0.3389124021264778,
      "op_leverage_ratio": Infinity,
      "fcf_margin_change": -0.07103710414904948
    },
    {
      "date": "2023-05-31T00:00:00",
      "quarter_label": "2023-05 (Q2)",
      "revenue": 12169091,
      "gross_profit": 662549,
      "operating_income": -1179502,
      "net_income": -1265471,
      "opex": 1842051,
      "cogs": 11506542,
      "rd": 172099,
      "sga": null,
      "fcf": -2578331,
      "ocf": -2577951,
      "capex": -380,
      "gross_margin": 0.05444523341965312,
      "op_margin": -0.09692605635047022,
      "fcf_margin": -0.211875398088485,
      "incr_op_margin_yoy": 0.034990308954045195,
      "rev_growth_yoy": 1.5064434000951161,
      "rev_growth_yoy_accel": 0.23545201796576132,
      "fcf_margin_change": 0.02387736917712177
    },
    {
      "date": "2023-08-31T00:00:00",
      "quarter_label": "2023-08 (Q3)",
      "revenue": 9279166,
      "gross_profit": 1841534,
      "operating_income": -200304,
      "net_income": -134081,
      "opex": 2041838,
      "cogs": 7437632,
      "rd": 176956,
      "sga": null,
      "fcf": -2296203,
      "ocf": -2296211,
      "capex": 8,
      "gross_margin": 0.19845899944025142,
      "op_margin": -0.02158642274532,
      "fcf_margin": -0.2474579073162394,
      "incr_op_margin_yoy": 0.30102981489029046,
      "rev_growth_yoy": 0.86218062889164,
      "rev_growth_yoy_accel": -0.6442627712034761,
      "fcf_margin_change": -0.03558250922775441
    },
    {
      "date": "2023-11-30T00:00:00",
      "quarter_label": "2023-11 (Q4)",
      "revenue": 6140146,
      "gross_profit": 637995,
      "operating_income": -1961010,
      "net_income": -1944343,
      "opex": 2599005,
      "cogs": 5502151,
      "rd": 176119,
      "sga": null,
      "fcf": -2078870,
      "ocf": -2078863,
      "capex": -7,
      "gross_margin": 0.10390550973869352,
      "op_margin": -0.3193751418940201,
      "fcf_margin": -0.33857012520549185,
      "incr_op_margin_yoy": 0.018850651242145564,
      "rev_growth_yoy": -0.4615293343336606,
      "rev_growth_yoy_accel": -1.3237099632253007,
      "fcf_margin_change": -0.09111221788925244
    },
    {
      "date": "2024-02-29T00:00:00",
      "quarter_label": "2024-02 (Q1)",
      "revenue": 8203282,
      "gross_profit": 719640,
      "operating_income": -476873,
      "net_income": -413624,
      "opex": 1196513,
      "cogs": 7483642,
      "rd": 174385,
      "sga": null,
      "fcf": -374292,
      "ocf": -374295,
      "capex": 3,
      "gross_margin": 0.08772586386765688,
      "op_margin": -0.058131976933134814,
      "fcf_margin": -0.0456271038835432,
      "incr_op_margin_yoy": -0.3033418454337917,
      "rev_growth_yoy": -0.35977832218206396,
      "rev_growth_yoy_accel": 0.10175101215159665,
      "op_leverage_ratio": Infinity,
      "fcf_margin_change": 0.29294302132194866
    },
    {
      "date": "2024-05-31T00:00:00",
      "quarter_label": "2024-05 (Q2)",
      "revenue": 8373983,
      "gross_profit": 681889,
      "operating_income": -1676089,
      "net_income": -1655904,
      "opex": 2357978,
      "cogs": 7692094,
      "rd": 178993,
      "sga": null,
      "fcf": -1409939,
      "ocf": -1409939,
      "capex": null,
      "gross_margin": 0.08142947030105029,
      "op_margin": -0.2001543351592665,
      "fcf_margin": -0.1683713711862085,
      "incr_op_margin_yoy": 0.13084924065402093,
      "rev_growth_yoy": -0.31186454271728264,
      "rev_growth_yoy_accel": 0.047913779464781314,
      "op_leverage_ratio": 0.021436788265282156,
      "fcf_margin_change": -0.12274426730266531
    },
    {
      "date": "2024-08-31T00:00:00",
      "quarter_label": "2024-08 (Q3)",
      "revenue": 8458763,
      "gross_profit": 301028,
      "operating_income": -1691166,
      "net_income": -1688229,
      "opex": 1992194,
      "cogs": 8157735,
      "rd": 180273,
      "sga": null,
      "fcf": -1494233,
      "ocf": -1494233,
      "capex": null,
      "gross_margin": 0.035587709455862516,
      "op_margin": -0.19993065179861405,
      "fcf_margin": -0.17664911524297347,
      "rev_growth_yoy": -0.08841344146661456,
      "rev_growth_yoy_accel": 0.22345110125066808,
      "op_leverage_ratio": Infinity,
      "fcf_margin_change": -0.008277744056764957
    },
    {
      "date": "2024-11-30T00:00:00",
      "quarter_label": "2024-11 (Q4)",
      "revenue": 8534079,
      "gross_profit": 443570,
      "operating_income": -1614107,
      "net_income": -1660801,
      "opex": 2057677,
      "cogs": 8090509,
      "rd": 146735,
      "sga": null,
      "fcf": -1682658,
      "ocf": -1682694,
      "capex": 36,
      "gross_margin": 0.05197631753819012,
      "op_margin": -0.18913663677123213,
      "fcf_margin": -0.19716925517094464,
      "incr_op_margin_yoy": 0.14490923513732423,
      "rev_growth_yoy": 0.3898820972660911,
      "rev_growth_yoy_accel": 0.47829553873270564,
      "fcf_margin_change": -0.020520139927971165
    },
    {
      "date": "2025-02-28T00:00:00",
      "quarter_label": "2025-02 (Q1)",
      "revenue": 10240789,
      "gross_profit": 1337220,
      "operating_income": -979619,
      "net_income": -107870,
      "opex": 2316839,
      "cogs": 8903569,
      "rd": 126766,
      "sga": null,
      "fcf": -3594848,
      "ocf": -3592438,
      "capex": -2410,
      "gross_margin": 0.13057782950122301,
      "op_margin": -0.09565854740293936,
      "fcf_margin": -0.3510323276849079,
      "incr_op_margin_yoy": -0.2467456553523497,
      "rev_growth_yoy": 0.24837705201405974,
      "rev_growth_yoy_accel": -0.14150504525203134,
      "op_leverage_ratio": 1.5878481036935739,
      "fcf_margin_change": -0.15386307251396325
    },
    {
      "date": "2025-05-31T00:00:00",
      "quarter_label": "2025-05 (Q2)",
      "revenue": 8458743,
      "gross_profit": 152521,
      "operating_income": -1988930,
      "net_income": -2008556,
      "opex": 2141451,
      "cogs": 8306222,
      "rd": 172652,
      "sga": null,
      "fcf": -1206043,
      "ocf": -1204217,
      "capex": -1826,
      "gross_margin": 0.018031166096428276,
      "op_margin": -0.23513304518177228,
      "fcf_margin": -0.14257945891014775,
      "rev_growth_yoy": 0.010121826136976873,
      "rev_growth_yoy_accel": -0.23825522587708287,
      "fcf_margin_change": 0.20845286877476013
    },
    {
      "date": "2025-08-31T00:00:00",
      "quarter_label": "2025-08 (Q3)",
      "revenue": 8647511,
      "gross_profit": 38740,
      "operating_income": -1489420,
      "net_income": -1541010,
      "opex": 1528160,
      "cogs": 8608771,
      "rd": 77540,
      "sga": null,
      "fcf": -1882032,
      "ocf": -1882032,
      "capex": null,
      "gross_margin": 0.004479901789081274,
      "op_margin": -0.1722368436420607,
      "fcf_margin": -0.2176385783146156,
      "rev_growth_yoy": 0.022313900980557085,
      "rev_growth_yoy_accel": 0.012192074843580212,
      "op_leverage_ratio": Infinity,
      "fcf_margin_change": -0.07505911940446786
    },
    {
      "date": "2025-11-30T00:00:00",
      "quarter_label": "2025-11 (Q4)",
      "revenue": 5796441,
      "gross_profit": 263103,
      "operating_income": -1701764,
      "net_income": -1670197,
      "opex": 1964867,
      "cogs": 5533338,
      "rd": 85210,
      "sga": null,
      "fcf": -566705,
      "ocf": -548446,
      "capex": -18259,
      "gross_margin": 0.045390438719207185,
      "op_margin": -0.29358773771698876,
      "fcf_margin": -0.0977677509354447,
      "incr_op_margin_yoy": 0.03201920779883973,
      "rev_growth_yoy": -0.3207889216868042,
      "rev_growth_yoy_accel": -0.34310282266736125,
      "fcf_margin_change": 0.11987082737917092
    }
  ],
  "signals": [
    {
      "quarter": "2025-11 (Q4)",
      "signal": "FCF MARGIN EXPANSION",
      "detail": "FCF margin: -21.8% -> -9.8% (+12.0%)",
      "severity": "MEDIUM"
    },
    {
      "quarter": "2025-11 (Q4)",
      "signal": "GROSS MARGIN INFLECTION",
      "detail": "GM: +1.8% -> +0.4% -> +4.5% (reversal +4.1%)",
      "severity": "MEDIUM"
    },
    {
      "quarter": "2025-11 (Q4)",
      "signal": "YoY REVENUE GROWTH DECELERATION",
      "detail": "YoY growth: -32.1% vs prior quarter YoY: +2.2% (decel: -34.3%)",
      "severity": "WARNING"
    },
    {
      "quarter": "2025-05 (Q2)",
      "signal": "FCF MARGIN EXPANSION",
      "detail": "FCF margin: -35.1% -> -14.3% (+20.8%)",
      "severity": "MEDIUM"
    },
    {
      "quarter": "2025-05 (Q2)",
      "signal": "YoY REVENUE GROWTH DECELERATION",
      "detail": "YoY growth: +1.0% vs prior quarter YoY: +24.8% (decel: -23.8%)",
      "severity": "WARNING"
    },
    {
      "quarter": "2025-02 (Q1)",
      "signal": "OPERATING LEVERAGE",
      "detail": "Rev growth +20.0% vs OpEx growth +12.6% (leverage: 1.6x)",
      "severity": "MEDIUM"
    },
    {
      "quarter": "2025-02 (Q1)",
      "signal": "YoY REVENUE GROWTH DECELERATION",
      "detail": "YoY growth: +24.8% vs prior quarter YoY: +39.0% (decel: -14.2%)",
      "severity": "WARNING"
    },
    {
      "quarter": "2024-11 (Q4)",
      "signal": "YoY REVENUE GROWTH ACCELERATION",
      "detail": "YoY growth: +39.0% vs prior quarter YoY: -8.8% (accel: +47.8%)",
      "severity": "HIGH"
    },
    {
      "quarter": "2024-08 (Q3)",
      "signal": "YoY REVENUE GROWTH ACCELERATION",
      "detail": "YoY growth: -8.8% vs prior quarter YoY: -31.2% (accel: +22.3%)",
      "severity": "HIGH"
    },
    {
      "quarter": "2024-02 (Q1)",
      "signal": "FCF MARGIN EXPANSION",
      "detail": "FCF margin: -33.9% -> -4.6% (+29.3%)",
      "severity": "MEDIUM"
    },
    {
      "quarter": "2024-02 (Q1)",
      "signal": "YoY REVENUE GROWTH ACCELERATION",
      "detail": "YoY growth: -36.0% vs prior quarter YoY: -46.2% (accel: +10.2%)",
      "severity": "MEDIUM"
    },
    {
      "quarter": "2023-11 (Q4)",
      "signal": "YoY REVENUE GROWTH DECELERATION",
      "detail": "YoY growth: -46.2% vs prior quarter YoY: +86.2% (decel: -132.4%)",
      "severity": "WARNING"
    },
    {
      "quarter": "2023-08 (Q3)",
      "signal": "YoY REVENUE GROWTH DECELERATION",
      "detail": "YoY growth: +86.2% vs prior quarter YoY: +150.6% (decel: -64.4%)",
      "severity": "WARNING"
    },
    {
      "quarter": "2023-05 (Q2)",
      "signal": "YoY REVENUE GROWTH ACCELERATION",
      "detail": "YoY growth: +150.6% vs prior quarter YoY: +127.1% (accel: +23.5%)",
      "severity": "HIGH"
    },
    {
      "quarter": "2023-02 (Q1)",
      "signal": "YoY REVENUE GROWTH ACCELERATION",
      "detail": "YoY growth: +127.1% vs prior quarter YoY: +93.2% (accel: +33.9%)",
      "severity": "HIGH"
    },
    {
      "quarter": "2022-11 (Q4)",
      "signal": "FCF MARGIN EXPANSION",
      "detail": "FCF margin: -67.5% -> -16.5% (+51.0%)",
      "severity": "MEDIUM"
    },
    {
      "quarter": "2022-11 (Q4)",
      "signal": "OPERATING LEVERAGE",
      "detail": "Rev growth +128.8% vs OpEx growth +42.3% (leverage: 3.0x)",
      "severity": "MEDIUM"
    },
    {
      "quarter": "2022-11 (Q4)",
      "signal": "YoY REVENUE GROWTH ACCELERATION",
      "detail": "YoY growth: +93.2% vs prior quarter YoY: -7.5% (accel: +100.7%)",
      "severity": "HIGH"
    },
    {
      "quarter": "2022-08 (Q3)",
      "signal": "YoY REVENUE GROWTH ACCELERATION",
      "detail": "YoY growth: -7.5% vs prior quarter YoY: -19.0% (accel: +11.5%)",
      "severity": "MEDIUM"
    },
    {
      "quarter": "2022-05 (Q2)",
      "signal": "YoY REVENUE GROWTH DECELERATION",
      "detail": "YoY growth: -19.0% vs prior quarter YoY: +3.8% (decel: -22.8%)",
      "severity": "WARNING"
    },
    {
      "quarter": "2022-02 (Q1)",
      "signal": "FCF MARGIN EXPANSION",
      "detail": "FCF margin: -27.3% -> -12.9% (+14.4%)",
      "severity": "MEDIUM"
    }
  ],
  "data_quality": {
    "n_quarters": 20,
    "coverage": {
      "revenue": [
        20,
        20
      ],
      "gross_profit": [
        20,
        20
      ],
      "op_income": [
        20,
        20
      ],
      "fcf": [
        20,
        20
      ]
    },
    "gaps": [],
    "warnings": []
  },
  "market_cap": null,
  "source": "SEC EDGAR",
  "last_updated": "2026-02-02T23:29:42.106999"
}