{
  "ticker": "FNKO",
  "name": "FUNKO, INC.",
  "quarters": [
    {
      "date": "2020-12-31T00:00:00",
      "quarter_label": "2020-12 (Q4)",
      "revenue": 226509000,
      "gross_profit": 84220000,
      "operating_income": 20155000,
      "net_income": 8876000,
      "opex": 206354000,
      "cogs": 142289000,
      "rd": null,
      "sga": 53644000,
      "fcf": 44616000,
      "ocf": 48394000,
      "capex": -3778000,
      "gross_margin": 0.371817455377049,
      "op_margin": 0.08898101179202593,
      "fcf_margin": 0.19697230573619592
    },
    {
      "date": "2021-03-31T00:00:00",
      "quarter_label": "2021-03 (Q1)",
      "revenue": 189177000,
      "gross_profit": 78324000,
      "operating_income": 16795000,
      "net_income": 6514000,
      "opex": 172382000,
      "cogs": 110853000,
      "rd": null,
      "sga": 51267000,
      "fcf": 33581000,
      "ocf": 37465000,
      "capex": -3884000,
      "gross_margin": 0.41402496075104267,
      "op_margin": 0.08877929135148564,
      "fcf_margin": 0.1775110082092432,
      "fcf_margin_change": -0.01946129752695272
    },
    {
      "date": "2021-06-30T00:00:00",
      "quarter_label": "2021-06 (Q2)",
      "revenue": 236110000,
      "gross_profit": 92354000,
      "operating_income": 27291000,
      "net_income": 13813000,
      "opex": 208819000,
      "cogs": 143756000,
      "rd": null,
      "sga": 54875000,
      "fcf": 27722000,
      "ocf": 33966000,
      "capex": -6244000,
      "gross_margin": 0.3911481936385583,
      "op_margin": 0.11558595569861506,
      "fcf_margin": 0.11741137605353437,
      "op_leverage_ratio": 1.1737058901391642,
      "fcf_margin_change": -0.060099632155708835
    },
    {
      "date": "2021-09-30T00:00:00",
      "quarter_label": "2021-09 (Q3)",
      "revenue": 267733000,
      "gross_profit": 96413000,
      "operating_income": 26195000,
      "net_income": 11901000,
      "opex": 241538000,
      "cogs": 171320000,
      "rd": null,
      "sga": 59890000,
      "fcf": 55000,
      "ocf": 7361000,
      "capex": -7306000,
      "gross_margin": 0.3601087650756537,
      "op_margin": 0.09784001225101127,
      "fcf_margin": 0.0002054285426152174,
      "op_leverage_ratio": 0.8547885119637733,
      "fcf_margin_change": -0.11720594751091915
    },
    {
      "date": "2021-12-31T00:00:00",
      "quarter_label": "2021-12 (Q4)",
      "revenue": 336273000,
      "gross_profit": 113900000,
      "operating_income": 25184000,
      "net_income": 11672000,
      "opex": 311089000,
      "cogs": 222373000,
      "rd": null,
      "sga": 78299000,
      "fcf": -1755000,
      "ocf": 8570000,
      "capex": -10325000,
      "gross_margin": 0.33871289101414626,
      "op_margin": 0.0748915315829698,
      "fcf_margin": -0.005218973869445361,
      "incr_op_margin_yoy": 0.045816478991290405,
      "rev_growth_yoy": 0.48459001629074344,
      "op_leverage_ratio": 0.8890461037269872,
      "fcf_margin_change": -0.005424402412060578
    },
    {
      "date": "2022-03-31T00:00:00",
      "quarter_label": "2022-03 (Q1)",
      "revenue": 308343000,
      "gross_profit": 108694000,
      "operating_income": 19803000,
      "net_income": 9882000,
      "opex": 288540000,
      "cogs": 199649000,
      "rd": null,
      "sga": 78420000,
      "fcf": -42137000,
      "ocf": -22955000,
      "capex": -19182000,
      "gross_margin": 0.352510029415294,
      "op_margin": 0.06422393243887489,
      "fcf_margin": -0.13665625618223862,
      "incr_op_margin_yoy": 0.025242099256499336,
      "rev_growth_yoy": 0.6299180132891419,
      "rev_growth_yoy_accel": 0.14532799699839843,
      "fcf_margin_change": -0.13143728231279325
    },
    {
      "date": "2022-06-30T00:00:00",
      "quarter_label": "2022-06 (Q2)",
      "revenue": 315716000,
      "gross_profit": 103119000,
      "operating_income": 8943000,
      "net_income": 14672000,
      "opex": 306773000,
      "cogs": 212597000,
      "rd": null,
      "sga": 82693000,
      "fcf": -21715000,
      "ocf": -7184000,
      "capex": -14531000,
      "gross_margin": 0.32661949346881375,
      "op_margin": 0.028326090537064957,
      "fcf_margin": -0.06878016951944152,
      "incr_op_margin_yoy": -0.2304851393111072,
      "rev_growth_yoy": 0.33715641014781245,
      "rev_growth_yoy_accel": -0.29276160314132943,
      "op_leverage_ratio": 0.37840601909330207,
      "fcf_margin_change": 0.0678760866627971
    },
    {
      "date": "2022-09-30T00:00:00",
      "quarter_label": "2022-09 (Q3)",
      "revenue": 365607000,
      "gross_profit": 127879000,
      "operating_income": 17394000,
      "net_income": 9630000,
      "opex": 348213000,
      "cogs": 237728000,
      "rd": null,
      "sga": 97930000,
      "fcf": -47738000,
      "ocf": -34543000,
      "capex": -13195000,
      "gross_margin": 0.3497717494468104,
      "op_margin": 0.04757567552043588,
      "fcf_margin": -0.1305718982404604,
      "incr_op_margin_yoy": -0.08992173610969205,
      "rev_growth_yoy": 0.36556569418039614,
      "rev_growth_yoy_accel": 0.028409284032583693,
      "op_leverage_ratio": 1.1698306712600215,
      "fcf_margin_change": -0.061791728721018874
    },
    {
      "date": "2022-12-31T00:00:00",
      "quarter_label": "2022-12 (Q4)",
      "revenue": 333040000,
      "gross_profit": 94329000,
      "operating_income": -58060000,
      "net_income": -42219000,
      "opex": 391100000,
      "cogs": 238711000,
      "rd": null,
      "sga": 139229000,
      "fcf": 12308000,
      "ocf": 24548000,
      "capex": -12240000,
      "gross_margin": 0.2832362478981504,
      "op_margin": -0.17433341340379535,
      "fcf_margin": 0.03695652173913044,
      "incr_op_margin_yoy": 25.74822146613053,
      "rev_growth_yoy": -0.009614212262060886,
      "rev_growth_yoy_accel": -0.375179906442457,
      "fcf_margin_change": 0.16752841997959084
    },
    {
      "date": "2023-03-31T00:00:00",
      "quarter_label": "2023-03 (Q1)",
      "revenue": 251878000,
      "gross_profit": 49575000,
      "operating_income": -64462000,
      "net_income": -55311000,
      "opex": 316340000,
      "cogs": 202303000,
      "rd": null,
      "sga": 100061000,
      "fcf": -43016000,
      "ocf": -30270000,
      "capex": -12746000,
      "gross_margin": 0.19682147706429304,
      "op_margin": -0.2559254877361262,
      "fcf_margin": -0.1707810924336385,
      "incr_op_margin_yoy": 1.492340387850881,
      "rev_growth_yoy": -0.183123988545224,
      "rev_growth_yoy_accel": -0.1735097762831631,
      "fcf_margin_change": -0.20773761417276895
    },
    {
      "date": "2023-06-30T00:00:00",
      "quarter_label": "2023-06 (Q2)",
      "revenue": 240028000,
      "gross_profit": 70009000,
      "operating_income": -30516000,
      "net_income": -72998000,
      "opex": 270544000,
      "cogs": 170019000,
      "rd": null,
      "sga": 85632000,
      "fcf": 8268000,
      "ocf": 18234000,
      "capex": -9966000,
      "gross_margin": 0.29167013848384354,
      "op_margin": -0.12713516756378423,
      "fcf_margin": 0.03444598130218141,
      "incr_op_margin_yoy": 0.5213375964485784,
      "rev_growth_yoy": -0.23973444488084228,
      "rev_growth_yoy_accel": -0.05661045633561829,
      "fcf_margin_change": 0.20522707373581991
    },
    {
      "date": "2023-09-30T00:00:00",
      "quarter_label": "2023-09 (Q3)",
      "revenue": 312944000,
      "gross_profit": 104008000,
      "operating_income": -5449000,
      "net_income": -15009000,
      "opex": 318393000,
      "cogs": 208936000,
      "rd": null,
      "sga": 93992000,
      "fcf": 1020000,
      "ocf": 9169000,
      "capex": -8149000,
      "gross_margin": 0.3323533923002199,
      "op_margin": -0.017412060943811033,
      "fcf_margin": 0.0032593690883992023,
      "incr_op_margin_yoy": 0.4337580464462716,
      "rev_growth_yoy": -0.1440426468858638,
      "rev_growth_yoy_accel": 0.09569179799497848,
      "op_leverage_ratio": 1.7176155798048212,
      "fcf_margin_change": -0.03118661221378221
    },
    {
      "date": "2023-12-31T00:00:00",
      "quarter_label": "2023-12 (Q4)",
      "revenue": 291236000,
      "gross_profit": 109409000,
      "operating_income": -3400000,
      "net_income": -10761000,
      "opex": 294636000,
      "cogs": 181827000,
      "rd": null,
      "sga": 97380000,
      "fcf": 29532000,
      "ocf": 33802000,
      "capex": -4270000,
      "gross_margin": 0.37567127690258073,
      "op_margin": -0.01167438091444739,
      "fcf_margin": 0.10140229916631185,
      "incr_op_margin_yoy": -1.3075303798679552,
      "rev_growth_yoy": -0.12552245976459284,
      "rev_growth_yoy_accel": 0.01852018712127096,
      "fcf_margin_change": 0.09814293007791265
    },
    {
      "date": "2024-03-31T00:00:00",
      "quarter_label": "2024-03 (Q1)",
      "revenue": 215699000,
      "gross_profit": 86272000,
      "operating_income": -14902000,
      "net_income": -22663000,
      "opex": 230601000,
      "cogs": 129427000,
      "rd": null,
      "sga": 85595000,
      "fcf": 10350000,
      "ocf": 14507000,
      "capex": -4157000,
      "gross_margin": 0.39996476571518647,
      "op_margin": -0.06908701477521917,
      "fcf_margin": 0.04798353260793977,
      "incr_op_margin_yoy": -1.369855441001686,
      "rev_growth_yoy": -0.14363699886452966,
      "rev_growth_yoy_accel": -0.01811453909993682,
      "fcf_margin_change": -0.053418766558372084
    },
    {
      "date": "2024-06-30T00:00:00",
      "quarter_label": "2024-06 (Q2)",
      "revenue": 247657000,
      "gross_profit": 104048000,
      "operating_income": 10732000,
      "net_income": 5115000,
      "opex": 236925000,
      "cogs": 143609000,
      "rd": null,
      "sga": 77897000,
      "fcf": 36784000,
      "ocf": 45888000,
      "capex": -9104000,
      "gross_margin": 0.4201294532357252,
      "op_margin": 0.04333412744239008,
      "fcf_margin": 0.1485280044577783,
      "incr_op_margin_yoy": 5.4067374492069735,
      "rev_growth_yoy": 0.03178379189094606,
      "rev_growth_yoy_accel": 0.17542079075547573,
      "op_leverage_ratio": 5.4025747656841325,
      "fcf_margin_change": 0.10054447184983853
    },
    {
      "date": "2024-09-30T00:00:00",
      "quarter_label": "2024-09 (Q3)",
      "revenue": 292765000,
      "gross_profit": 119809000,
      "operating_income": 11736000,
      "net_income": 4330000,
      "opex": 281029000,
      "cogs": 172956000,
      "rd": null,
      "sga": 92662000,
      "fcf": -4188000,
      "ocf": 3347000,
      "capex": -7535000,
      "gross_margin": 0.4092326610079757,
      "op_margin": 0.040086759004662444,
      "fcf_margin": -0.01430498864276809,
      "incr_op_margin_yoy": -0.8516279300262649,
      "rev_growth_yoy": -0.06448118513216422,
      "rev_growth_yoy_accel": -0.09626497702311028,
      "op_leverage_ratio": 0.9784437733386693,
      "fcf_margin_change": -0.16283299310054639
    },
    {
      "date": "2024-12-31T00:00:00",
      "quarter_label": "2024-12 (Q4)",
      "revenue": 293729000,
      "gross_profit": 124403000,
      "operating_income": 5425000,
      "net_income": -1500000,
      "opex": 288304000,
      "cogs": 169326000,
      "rd": null,
      "sga": 102804000,
      "fcf": 47787000,
      "ocf": 59782000,
      "capex": -11995000,
      "gross_margin": 0.42352985234689117,
      "op_margin": 0.018469405472391218,
      "fcf_margin": 0.16269077959615835,
      "incr_op_margin_yoy": 3.539911752908143,
      "rev_growth_yoy": 0.008560068123446278,
      "rev_growth_yoy_accel": 0.0730412532556105,
      "fcf_margin_change": 0.17699576823892643
    },
    {
      "date": "2025-03-31T00:00:00",
      "quarter_label": "2025-03 (Q1)",
      "revenue": 190739000,
      "gross_profit": 76871000,
      "operating_income": -23198000,
      "net_income": -27588000,
      "opex": 213937000,
      "cogs": 113868000,
      "rd": null,
      "sga": 84807000,
      "fcf": -28814000,
      "ocf": -22262000,
      "capex": -6552000,
      "gross_margin": 0.4030166877251113,
      "op_margin": -0.12162169246981477,
      "fcf_margin": -0.151065067972465,
      "incr_op_margin_yoy": 0.33237179487179486,
      "rev_growth_yoy": -0.11571680907190113,
      "rev_growth_yoy_accel": -0.12427687719534741,
      "fcf_margin_change": -0.31375584756862335
    },
    {
      "date": "2025-06-30T00:00:00",
      "quarter_label": "2025-06 (Q2)",
      "revenue": 193469000,
      "gross_profit": 62040000,
      "operating_income": -34747000,
      "net_income": -40490000,
      "opex": 228216000,
      "cogs": 131429000,
      "rd": null,
      "sga": 82259000,
      "fcf": -31839000,
      "ocf": -22180000,
      "capex": -9659000,
      "gross_margin": 0.32067152877205135,
      "op_margin": -0.17959983253130993,
      "fcf_margin": -0.16456900071846137,
      "incr_op_margin_yoy": 0.8392817597992175,
      "rev_growth_yoy": -0.21880261813718166,
      "rev_growth_yoy_accel": -0.10308580906528053,
      "op_leverage_ratio": 0.21444269349692516,
      "fcf_margin_change": -0.013503932745996372
    },
    {
      "date": "2025-09-30T00:00:00",
      "quarter_label": "2025-09 (Q3)",
      "revenue": 250905000,
      "gross_profit": 100751000,
      "operating_income": 6428000,
      "net_income": 901000,
      "opex": 244477000,
      "cogs": 150154000,
      "rd": null,
      "sga": 79794000,
      "fcf": 3383000,
      "ocf": 11236000,
      "capex": -7853000,
      "gross_margin": 0.4015503875968992,
      "op_margin": 0.02561925828500827,
      "fcf_margin": 0.013483190849126163,
      "incr_op_margin_yoy": 0.12680363115145724,
      "rev_growth_yoy": -0.14298157225078134,
      "rev_growth_yoy_accel": 0.07582104588640032,
      "op_leverage_ratio": 4.1665024279729606,
      "fcf_margin_change": 0.17805219156758753
    }
  ],
  "signals": [
    {
      "quarter": "2025-09 (Q3)",
      "signal": "FCF TURNED POSITIVE",
      "detail": "FCF margin: -16.5% -> +1.3%",
      "severity": "HIGH"
    },
    {
      "quarter": "2025-09 (Q3)",
      "signal": "OPERATING LEVERAGE",
      "detail": "Rev growth +29.7% vs OpEx growth +7.1% (leverage: 4.2x)",
      "severity": "MEDIUM"
    },
    {
      "quarter": "2025-09 (Q3)",
      "signal": "GROSS MARGIN INFLECTION",
      "detail": "GM: +40.3% -> +32.1% -> +40.2% (reversal +8.1%)",
      "severity": "HIGH"
    },
    {
      "quarter": "2025-09 (Q3)",
      "signal": "YoY REVENUE GROWTH ACCELERATION",
      "detail": "YoY growth: -14.3% vs prior quarter YoY: -21.9% (accel: +7.6%)",
      "severity": "MEDIUM"
    },
    {
      "quarter": "2025-09 (Q3)",
      "signal": "OP MARGIN TURNED POSITIVE (QoQ)",
      "detail": "Op margin: -18.0% -> +2.6%",
      "severity": "HIGH"
    },
    {
      "quarter": "2025-06 (Q2)",
      "signal": "YoY REVENUE GROWTH DECELERATION",
      "detail": "YoY growth: -21.9% vs prior quarter YoY: -11.6% (decel: -10.3%)",
      "severity": "WARNING"
    },
    {
      "quarter": "2025-03 (Q1)",
      "signal": "YoY REVENUE GROWTH DECELERATION",
      "detail": "YoY growth: -11.6% vs prior quarter YoY: +0.9% (decel: -12.4%)",
      "severity": "WARNING"
    },
    {
      "quarter": "2024-12 (Q4)",
      "signal": "FCF TURNED POSITIVE",
      "detail": "FCF margin: -1.4% -> +16.3%",
      "severity": "HIGH"
    },
    {
      "quarter": "2024-12 (Q4)",
      "signal": "YoY REVENUE GROWTH ACCELERATION",
      "detail": "YoY growth: +0.9% vs prior quarter YoY: -6.4% (accel: +7.3%)",
      "severity": "MEDIUM"
    },
    {
      "quarter": "2024-12 (Q4)",
      "signal": "OP MARGIN TURNED POSITIVE (YoY)",
      "detail": "Op margin: -1.2% (year-ago) -> +1.8%",
      "severity": "HIGH"
    },
    {
      "quarter": "2024-09 (Q3)",
      "signal": "YoY REVENUE GROWTH DECELERATION",
      "detail": "YoY growth: -6.4% vs prior quarter YoY: +3.2% (decel: -9.6%)",
      "severity": "WARNING"
    },
    {
      "quarter": "2024-09 (Q3)",
      "signal": "OP MARGIN TURNED POSITIVE (YoY)",
      "detail": "Op margin: -1.7% (year-ago) -> +4.0%",
      "severity": "HIGH"
    },
    {
      "quarter": "2024-06 (Q2)",
      "signal": "FCF MARGIN EXPANSION",
      "detail": "FCF margin: +4.8% -> +14.9% (+10.1%)",
      "severity": "MEDIUM"
    },
    {
      "quarter": "2024-06 (Q2)",
      "signal": "OPERATING LEVERAGE",
      "detail": "Rev growth +14.8% vs OpEx growth +2.7% (leverage: 5.4x)",
      "severity": "MEDIUM"
    },
    {
      "quarter": "2024-06 (Q2)",
      "signal": "YoY REVENUE GROWTH ACCELERATION",
      "detail": "YoY growth: +3.2% vs prior quarter YoY: -14.4% (accel: +17.5%)",
      "severity": "HIGH"
    },
    {
      "quarter": "2024-06 (Q2)",
      "signal": "OP MARGIN TURNED POSITIVE (YoY)",
      "detail": "Op margin: -12.7% (year-ago) -> +4.3%",
      "severity": "HIGH"
    },
    {
      "quarter": "2024-06 (Q2)",
      "signal": "OP MARGIN TURNED POSITIVE (QoQ)",
      "detail": "Op margin: -6.9% -> +4.3%",
      "severity": "HIGH"
    },
    {
      "quarter": "2023-12 (Q4)",
      "signal": "FCF MARGIN EXPANSION",
      "detail": "FCF margin: +0.3% -> +10.1% (+9.8%)",
      "severity": "MEDIUM"
    },
    {
      "quarter": "2023-09 (Q3)",
      "signal": "OPERATING LEVERAGE",
      "detail": "Rev growth +30.4% vs OpEx growth +17.7% (leverage: 1.7x)",
      "severity": "MEDIUM"
    },
    {
      "quarter": "2023-09 (Q3)",
      "signal": "YoY REVENUE GROWTH ACCELERATION",
      "detail": "YoY growth: -14.4% vs prior quarter YoY: -24.0% (accel: +9.6%)",
      "severity": "MEDIUM"
    },
    {
      "quarter": "2023-06 (Q2)",
      "signal": "FCF TURNED POSITIVE",
      "detail": "FCF margin: -17.1% -> +3.4%",
      "severity": "HIGH"
    },
    {
      "quarter": "2023-06 (Q2)",
      "signal": "GROSS MARGIN INFLECTION",
      "detail": "GM: +28.3% -> +19.7% -> +29.2% (reversal +9.5%)",
      "severity": "HIGH"
    },
    {
      "quarter": "2023-06 (Q2)",
      "signal": "YoY REVENUE GROWTH DECELERATION",
      "detail": "YoY growth: -24.0% vs prior quarter YoY: -18.3% (decel: -5.7%)",
      "severity": "WARNING"
    },
    {
      "quarter": "2023-03 (Q1)",
      "signal": "YoY REVENUE GROWTH DECELERATION",
      "detail": "YoY growth: -18.3% vs prior quarter YoY: -1.0% (decel: -17.4%)",
      "severity": "WARNING"
    },
    {
      "quarter": "2022-12 (Q4)",
      "signal": "FCF TURNED POSITIVE",
      "detail": "FCF margin: -13.1% -> +3.7%",
      "severity": "HIGH"
    },
    {
      "quarter": "2022-12 (Q4)",
      "signal": "YoY REVENUE GROWTH DECELERATION",
      "detail": "YoY growth: -1.0% vs prior quarter YoY: +36.6% (decel: -37.5%)",
      "severity": "WARNING"
    },
    {
      "quarter": "2022-09 (Q3)",
      "signal": "GROSS MARGIN INFLECTION",
      "detail": "GM: +35.3% -> +32.7% -> +35.0% (reversal +2.3%)",
      "severity": "MEDIUM"
    },
    {
      "quarter": "2022-06 (Q2)",
      "signal": "FCF MARGIN EXPANSION",
      "detail": "FCF margin: -13.7% -> -6.9% (+6.8%)",
      "severity": "MEDIUM"
    },
    {
      "quarter": "2022-06 (Q2)",
      "signal": "YoY REVENUE GROWTH DECELERATION",
      "detail": "YoY growth: +33.7% vs prior quarter YoY: +63.0% (decel: -29.3%)",
      "severity": "WARNING"
    },
    {
      "quarter": "2022-03 (Q1)",
      "signal": "YoY REVENUE GROWTH ACCELERATION",
      "detail": "YoY growth: +63.0% vs prior quarter YoY: +48.5% (accel: +14.5%)",
      "severity": "MEDIUM"
    }
  ],
  "data_quality": {
    "n_quarters": 20,
    "coverage": {
      "revenue": [
        20,
        20
      ],
      "gross_profit": [
        20,
        20
      ],
      "op_income": [
        20,
        20
      ],
      "fcf": [
        20,
        20
      ]
    },
    "gaps": [],
    "warnings": []
  },
  "market_cap": null,
  "source": "SEC EDGAR",
  "last_updated": "2026-02-02T22:55:53.402433"
}