{
  "ticker": "FOLD",
  "name": "AMICUS THERAPEUTICS, INC.",
  "quarters": [
    {
      "date": "2020-12-31T00:00:00",
      "quarter_label": "2020-12 (Q4)",
      "revenue": 70571000,
      "gross_profit": 61154000,
      "operating_income": -64835000,
      "net_income": -71401000,
      "opex": 125989000,
      "cogs": 9417000,
      "rd": null,
      "sga": 43685000,
      "fcf": -50889000,
      "ocf": -49822000,
      "capex": -1067000,
      "gross_margin": 0.8665599183800712,
      "op_margin": -0.9187201541709767,
      "fcf_margin": -0.7211035694548752
    },
    {
      "date": "2021-03-31T00:00:00",
      "quarter_label": "2021-03 (Q1)",
      "revenue": 66402000,
      "gross_profit": 59863000,
      "operating_income": -53055000,
      "net_income": -65664000,
      "opex": 112918000,
      "cogs": 6539000,
      "rd": null,
      "sga": 46726000,
      "fcf": -73222000,
      "ocf": -72354000,
      "capex": -868000,
      "gross_margin": 0.9015240504804072,
      "op_margin": -0.7989970181621036,
      "fcf_margin": -1.1027077497665734,
      "fcf_margin_change": -0.3816041803116982
    },
    {
      "date": "2021-06-30T00:00:00",
      "quarter_label": "2021-06 (Q2)",
      "revenue": 77413000,
      "gross_profit": 69033000,
      "operating_income": -38834000,
      "net_income": -51225000,
      "opex": 107867000,
      "cogs": 8380000,
      "rd": null,
      "sga": 42276000,
      "fcf": -36289000,
      "ocf": -35923000,
      "capex": -366000,
      "gross_margin": 0.8917494477671709,
      "op_margin": -0.5016470101920866,
      "fcf_margin": -0.4687713949853384,
      "op_leverage_ratio": Infinity,
      "fcf_margin_change": 0.633936354781235
    },
    {
      "date": "2021-09-30T00:00:00",
      "quarter_label": "2021-09 (Q3)",
      "revenue": 79545000,
      "gross_profit": 67849000,
      "operating_income": -42399000,
      "net_income": -50294000,
      "opex": 110248000,
      "cogs": 11696000,
      "rd": null,
      "sga": 46107000,
      "fcf": -24590000,
      "ocf": -23700000,
      "capex": -890000,
      "gross_margin": 0.8529637312213213,
      "op_margin": -0.533019045823119,
      "fcf_margin": -0.30913319504682885,
      "op_leverage_ratio": 1.2476779707556225,
      "fcf_margin_change": 0.15963819993850953
    },
    {
      "date": "2021-12-31T00:00:00",
      "quarter_label": "2021-12 (Q4)",
      "revenue": 82154000,
      "gross_profit": 74303000,
      "operating_income": -72146000,
      "net_income": -83277000,
      "opex": 146449000,
      "cogs": 7851000,
      "rd": null,
      "sga": 57601000,
      "fcf": -72274000,
      "ocf": -70514000,
      "capex": -1760000,
      "gross_margin": 0.9044355722180295,
      "op_margin": -0.8781800034082333,
      "fcf_margin": -0.8797380529249945,
      "incr_op_margin_yoy": -0.6311836311836312,
      "rev_growth_yoy": 0.16413257570390102,
      "op_leverage_ratio": 0.09988754634703309,
      "fcf_margin_change": -0.5706048578781657
    },
    {
      "date": "2022-03-31T00:00:00",
      "quarter_label": "2022-03 (Q1)",
      "revenue": 78715000,
      "gross_profit": 71133000,
      "operating_income": -75339000,
      "net_income": -85260000,
      "opex": 146472000,
      "cogs": 7582000,
      "rd": null,
      "sga": 58116000,
      "fcf": -59186000,
      "ocf": -58315000,
      "capex": -871000,
      "gross_margin": 0.9036778250651083,
      "op_margin": -0.95711109699549,
      "fcf_margin": -0.7519024328272883,
      "incr_op_margin_yoy": -1.8097945261106148,
      "rev_growth_yoy": 0.18543116171199664,
      "rev_growth_yoy_accel": 0.021298586008095616,
      "fcf_margin_change": 0.12783562009770622
    },
    {
      "date": "2022-06-30T00:00:00",
      "quarter_label": "2022-06 (Q2)",
      "revenue": 80731000,
      "gross_profit": 72534000,
      "operating_income": -60613000,
      "net_income": -62157000,
      "opex": 133147000,
      "cogs": 8197000,
      "rd": null,
      "sga": 53379000,
      "fcf": -16217000,
      "ocf": -15862000,
      "capex": -355000,
      "gross_margin": 0.8984652735628197,
      "op_margin": -0.7508020463019163,
      "fcf_margin": -0.20087698653553157,
      "incr_op_margin_yoy": -6.563893911995178,
      "rev_growth_yoy": 0.042861018175241884,
      "rev_growth_yoy_accel": -0.14257014353675476,
      "op_leverage_ratio": Infinity,
      "fcf_margin_change": 0.5510254462917568
    },
    {
      "date": "2022-09-30T00:00:00",
      "quarter_label": "2022-09 (Q3)",
      "revenue": 81691000,
      "gross_profit": 68255000,
      "operating_income": -33840000,
      "net_income": -33286000,
      "opex": 102095000,
      "cogs": 13436000,
      "rd": null,
      "sga": 47272000,
      "fcf": -11489000,
      "ocf": -11626000,
      "capex": 137000,
      "gross_margin": 0.8355265573931033,
      "op_margin": -0.4142439191587813,
      "fcf_margin": -0.1406397277545874,
      "incr_op_margin_yoy": 3.988350419384902,
      "rev_growth_yoy": 0.026978439876799296,
      "rev_growth_yoy_accel": -0.015882578298442588,
      "op_leverage_ratio": Infinity,
      "fcf_margin_change": 0.06023725878094416
    },
    {
      "date": "2022-12-31T00:00:00",
      "quarter_label": "2022-12 (Q4)",
      "revenue": 88096000,
      "gross_profit": 78712000,
      "operating_income": -42328000,
      "net_income": -55865000,
      "opex": 121040000,
      "cogs": 9384000,
      "rd": null,
      "sga": 54274000,
      "fcf": -83449000,
      "ocf": -80772000,
      "capex": -2677000,
      "gross_margin": 0.8934798401743552,
      "op_margin": -0.4804758445332365,
      "fcf_margin": -0.9472507264802034,
      "incr_op_margin_yoy": 5.018175698418041,
      "rev_growth_yoy": 0.07232757991089904,
      "rev_growth_yoy_accel": 0.04534914003409975,
      "op_leverage_ratio": 0.4225273107582381,
      "fcf_margin_change": -0.8066109987256159
    },
    {
      "date": "2023-03-31T00:00:00",
      "quarter_label": "2023-03 (Q1)",
      "revenue": 86270000,
      "gross_profit": 79328000,
      "operating_income": -37636000,
      "net_income": -52932000,
      "opex": 116964000,
      "cogs": 6942000,
      "rd": null,
      "sga": 73957000,
      "fcf": -20011000,
      "ocf": -18069000,
      "capex": -1942000,
      "gross_margin": 0.9195317027935551,
      "op_margin": -0.43625825895444537,
      "fcf_margin": -0.2319578068853599,
      "incr_op_margin_yoy": 4.990469887491727,
      "rev_growth_yoy": 0.09597916534332719,
      "rev_growth_yoy_accel": 0.02365158543242815,
      "fcf_margin_change": 0.7152929195948434
    },
    {
      "date": "2023-06-30T00:00:00",
      "quarter_label": "2023-06 (Q2)",
      "revenue": 94503000,
      "gross_profit": 85389000,
      "operating_income": -18860000,
      "net_income": -43232000,
      "opex": 104249000,
      "cogs": 9114000,
      "rd": null,
      "sga": 65423000,
      "fcf": -18335000,
      "ocf": -16133000,
      "capex": -2202000,
      "gross_margin": 0.903558617186756,
      "op_margin": -0.19957038400897326,
      "fcf_margin": -0.19401500481466197,
      "incr_op_margin_yoy": 3.0317310485042115,
      "rev_growth_yoy": 0.1705912227025554,
      "rev_growth_yoy_accel": 0.0746120573592282,
      "op_leverage_ratio": Infinity,
      "fcf_margin_change": 0.037942802070697945
    },
    {
      "date": "2023-09-30T00:00:00",
      "quarter_label": "2023-09 (Q3)",
      "revenue": 103501000,
      "gross_profit": 93555000,
      "operating_income": -17023000,
      "net_income": -21577000,
      "opex": 110578000,
      "cogs": 9946000,
      "rd": null,
      "sga": 65651000,
      "fcf": -39912000,
      "ocf": -38347000,
      "capex": -1565000,
      "gross_margin": 0.903904310103284,
      "op_margin": -0.1644718408517792,
      "fcf_margin": -0.3856194626138878,
      "incr_op_margin_yoy": 0.7710683172856487,
      "rev_growth_yoy": 0.2669816748479025,
      "rev_growth_yoy_accel": 0.09639045214534708,
      "op_leverage_ratio": 1.5683290808594046,
      "fcf_margin_change": -0.19160445779922583
    },
    {
      "date": "2023-12-31T00:00:00",
      "quarter_label": "2023-12 (Q4)",
      "revenue": 115082000,
      "gross_profit": 103758000,
      "operating_income": -3692000,
      "net_income": -33843000,
      "opex": 107450000,
      "cogs": 11324000,
      "rd": null,
      "sga": 70239000,
      "fcf": 1727000,
      "ocf": 3458000,
      "capex": -1731000,
      "gross_margin": 0.9016005978345875,
      "op_margin": -0.03208147234146087,
      "fcf_margin": 0.015006690881284649,
      "incr_op_margin_yoy": 1.4317053286889498,
      "rev_growth_yoy": 0.30632491827097713,
      "rev_growth_yoy_accel": 0.03934324342307466,
      "op_leverage_ratio": Infinity,
      "fcf_margin_change": 0.40062615349517244
    },
    {
      "date": "2024-03-31T00:00:00",
      "quarter_label": "2024-03 (Q1)",
      "revenue": 110403000,
      "gross_profit": 96836000,
      "operating_income": -27721000,
      "net_income": -48419000,
      "opex": 124557000,
      "cogs": 13567000,
      "rd": null,
      "sga": 88029000,
      "fcf": -31506000,
      "ocf": -29695000,
      "capex": -1811000,
      "gross_margin": 0.877113846544025,
      "op_margin": -0.2510891914168999,
      "fcf_margin": -0.28537268009021494,
      "incr_op_margin_yoy": 0.410848216135582,
      "rev_growth_yoy": 0.2797380317607511,
      "rev_growth_yoy_accel": -0.026586886510226004,
      "fcf_margin_change": -0.3003793709714996
    },
    {
      "date": "2024-06-30T00:00:00",
      "quarter_label": "2024-06 (Q2)",
      "revenue": 126669000,
      "gross_profit": 115408000,
      "operating_income": 14967000,
      "net_income": -15697000,
      "opex": 100441000,
      "cogs": 11261000,
      "rd": null,
      "sga": 73576000,
      "fcf": 21593000,
      "ocf": 22691000,
      "capex": -1098000,
      "gross_margin": 0.9110990060709409,
      "op_margin": 0.11815834971461052,
      "fcf_margin": 0.170467912433192,
      "incr_op_margin_yoy": 1.0516383759248897,
      "rev_growth_yoy": 0.340370146979461,
      "rev_growth_yoy_accel": 0.06063211521870987,
      "op_leverage_ratio": Infinity,
      "fcf_margin_change": 0.4558405925234069
    },
    {
      "date": "2024-09-30T00:00:00",
      "quarter_label": "2024-09 (Q3)",
      "revenue": 141517000,
      "gross_profit": 128238000,
      "operating_income": 21659000,
      "net_income": -6729000,
      "opex": 106579000,
      "cogs": 13279000,
      "rd": null,
      "sga": 75106000,
      "fcf": -23327000,
      "ocf": -22971000,
      "capex": -356000,
      "gross_margin": 0.9061667502844182,
      "op_margin": 0.15304875032681586,
      "fcf_margin": -0.1648353201382166,
      "incr_op_margin_yoy": 1.0175189393939394,
      "rev_growth_yoy": 0.36730079902609636,
      "rev_growth_yoy_accel": 0.02693065204663536,
      "op_leverage_ratio": 1.9181464427466262,
      "fcf_margin_change": -0.3353032325714086
    },
    {
      "date": "2024-12-31T00:00:00",
      "quarter_label": "2024-12 (Q4)",
      "revenue": 149706000,
      "gross_profit": 134870000,
      "operating_income": 15971000,
      "net_income": 14739000,
      "opex": 118899000,
      "cogs": 14836000,
      "rd": null,
      "sga": 86668000,
      "fcf": -4204000,
      "ocf": -3916000,
      "capex": -288000,
      "gross_margin": 0.9008990955606322,
      "op_margin": 0.1066824308978932,
      "fcf_margin": -0.02808170681201822,
      "incr_op_margin_yoy": 0.5679008780036968,
      "rev_growth_yoy": 0.3008637319476547,
      "rev_growth_yoy_accel": -0.06643706707844166,
      "op_leverage_ratio": 0.5005911770822082,
      "fcf_margin_change": 0.1367536133261984
    },
    {
      "date": "2025-03-31T00:00:00",
      "quarter_label": "2025-03 (Q1)",
      "revenue": 125249000,
      "gross_profit": 113551000,
      "operating_income": -7952000,
      "net_income": -21686000,
      "opex": 121503000,
      "cogs": 11698000,
      "rd": null,
      "sga": 91827000,
      "fcf": 7546000,
      "ocf": 7758000,
      "capex": -212000,
      "gross_margin": 0.9066020487189519,
      "op_margin": -0.06348952885851385,
      "fcf_margin": 0.06024798601186437,
      "incr_op_margin_yoy": 1.331604472585208,
      "rev_growth_yoy": 0.1344709835783448,
      "rev_growth_yoy_accel": -0.1663927483693099,
      "fcf_margin_change": 0.08832969282388259
    },
    {
      "date": "2025-06-30T00:00:00",
      "quarter_label": "2025-06 (Q2)",
      "revenue": 154688000,
      "gross_profit": 139471000,
      "operating_income": -9474000,
      "net_income": -24420000,
      "opex": 148945000,
      "cogs": 15217000,
      "rd": null,
      "sga": 84543000,
      "fcf": -28929000,
      "ocf": -26526000,
      "capex": -2403000,
      "gross_margin": 0.9016277927182458,
      "op_margin": -0.06124586263963591,
      "fcf_margin": -0.18701515308233346,
      "incr_op_margin_yoy": -0.872300938648774,
      "rev_growth_yoy": 0.22119855686868925,
      "rev_growth_yoy_accel": 0.08672757329034445,
      "op_leverage_ratio": 1.04068675578686,
      "fcf_margin_change": -0.24726313909419784
    },
    {
      "date": "2025-09-30T00:00:00",
      "quarter_label": "2025-09 (Q3)",
      "revenue": 169061000,
      "gross_profit": 149594000,
      "operating_income": 34269000,
      "net_income": 17306000,
      "opex": 115325000,
      "cogs": 19467000,
      "rd": null,
      "sga": 90036000,
      "fcf": 35278000,
      "ocf": 35660000,
      "capex": -382000,
      "gross_margin": 0.8848522131065119,
      "op_margin": 0.20270198330780015,
      "fcf_margin": 0.20867024328496814,
      "incr_op_margin_yoy": 0.4578129538193436,
      "rev_growth_yoy": 0.19463386024293902,
      "rev_growth_yoy_accel": -0.026564696625750228,
      "op_leverage_ratio": Infinity,
      "fcf_margin_change": 0.3956853963673016
    }
  ],
  "signals": [
    {
      "quarter": "2025-09 (Q3)",
      "signal": "FCF TURNED POSITIVE",
      "detail": "FCF margin: -18.7% -> +20.9%",
      "severity": "HIGH"
    },
    {
      "quarter": "2025-09 (Q3)",
      "signal": "INCREMENTAL MARGIN (YoY)",
      "detail": "YoY Incr OPM: +45.8% vs year-ago OPM: +15.3%",
      "severity": "HIGH"
    },
    {
      "quarter": "2025-09 (Q3)",
      "signal": "OP MARGIN TURNED POSITIVE (QoQ)",
      "detail": "Op margin: -6.1% -> +20.3%",
      "severity": "HIGH"
    },
    {
      "quarter": "2025-06 (Q2)",
      "signal": "YoY REVENUE GROWTH ACCELERATION",
      "detail": "YoY growth: +22.1% vs prior quarter YoY: +13.4% (accel: +8.7%)",
      "severity": "MEDIUM"
    },
    {
      "quarter": "2025-03 (Q1)",
      "signal": "FCF TURNED POSITIVE",
      "detail": "FCF margin: -2.8% -> +6.0%",
      "severity": "HIGH"
    },
    {
      "quarter": "2025-03 (Q1)",
      "signal": "YoY REVENUE GROWTH DECELERATION",
      "detail": "YoY growth: +13.4% vs prior quarter YoY: +30.1% (decel: -16.6%)",
      "severity": "WARNING"
    },
    {
      "quarter": "2024-12 (Q4)",
      "signal": "FCF MARGIN EXPANSION",
      "detail": "FCF margin: -16.5% -> -2.8% (+13.7%)",
      "severity": "MEDIUM"
    },
    {
      "quarter": "2024-12 (Q4)",
      "signal": "YoY REVENUE GROWTH DECELERATION",
      "detail": "YoY growth: +30.1% vs prior quarter YoY: +36.7% (decel: -6.6%)",
      "severity": "WARNING"
    },
    {
      "quarter": "2024-12 (Q4)",
      "signal": "OP MARGIN TURNED POSITIVE (YoY)",
      "detail": "Op margin: -3.2% (year-ago) -> +10.7%",
      "severity": "HIGH"
    },
    {
      "quarter": "2024-09 (Q3)",
      "signal": "OPERATING LEVERAGE",
      "detail": "Rev growth +11.7% vs OpEx growth +6.1% (leverage: 1.9x)",
      "severity": "MEDIUM"
    },
    {
      "quarter": "2024-09 (Q3)",
      "signal": "OP MARGIN TURNED POSITIVE (YoY)",
      "detail": "Op margin: -16.4% (year-ago) -> +15.3%",
      "severity": "HIGH"
    },
    {
      "quarter": "2024-06 (Q2)",
      "signal": "FCF TURNED POSITIVE",
      "detail": "FCF margin: -28.5% -> +17.0%",
      "severity": "HIGH"
    },
    {
      "quarter": "2024-06 (Q2)",
      "signal": "GROSS MARGIN INFLECTION",
      "detail": "GM: +90.2% -> +87.7% -> +91.1% (reversal +3.4%)",
      "severity": "MEDIUM"
    },
    {
      "quarter": "2024-06 (Q2)",
      "signal": "YoY REVENUE GROWTH ACCELERATION",
      "detail": "YoY growth: +34.0% vs prior quarter YoY: +28.0% (accel: +6.1%)",
      "severity": "MEDIUM"
    },
    {
      "quarter": "2024-06 (Q2)",
      "signal": "OP MARGIN TURNED POSITIVE (YoY)",
      "detail": "Op margin: -20.0% (year-ago) -> +11.8%",
      "severity": "HIGH"
    },
    {
      "quarter": "2024-06 (Q2)",
      "signal": "OP MARGIN TURNED POSITIVE (QoQ)",
      "detail": "Op margin: -25.1% -> +11.8%",
      "severity": "HIGH"
    },
    {
      "quarter": "2023-12 (Q4)",
      "signal": "FCF TURNED POSITIVE",
      "detail": "FCF margin: -38.6% -> +1.5%",
      "severity": "HIGH"
    },
    {
      "quarter": "2023-09 (Q3)",
      "signal": "OPERATING LEVERAGE",
      "detail": "Rev growth +9.5% vs OpEx growth +6.1% (leverage: 1.6x)",
      "severity": "MEDIUM"
    },
    {
      "quarter": "2023-09 (Q3)",
      "signal": "YoY REVENUE GROWTH ACCELERATION",
      "detail": "YoY growth: +26.7% vs prior quarter YoY: +17.1% (accel: +9.6%)",
      "severity": "MEDIUM"
    },
    {
      "quarter": "2023-06 (Q2)",
      "signal": "YoY REVENUE GROWTH ACCELERATION",
      "detail": "YoY growth: +17.1% vs prior quarter YoY: +9.6% (accel: +7.5%)",
      "severity": "MEDIUM"
    },
    {
      "quarter": "2023-03 (Q1)",
      "signal": "FCF MARGIN EXPANSION",
      "detail": "FCF margin: -94.7% -> -23.2% (+71.5%)",
      "severity": "MEDIUM"
    },
    {
      "quarter": "2022-12 (Q4)",
      "signal": "GROSS MARGIN INFLECTION",
      "detail": "GM: +89.8% -> +83.6% -> +89.3% (reversal +5.8%)",
      "severity": "HIGH"
    },
    {
      "quarter": "2022-09 (Q3)",
      "signal": "FCF MARGIN EXPANSION",
      "detail": "FCF margin: -20.1% -> -14.1% (+6.0%)",
      "severity": "MEDIUM"
    },
    {
      "quarter": "2022-06 (Q2)",
      "signal": "FCF MARGIN EXPANSION",
      "detail": "FCF margin: -75.2% -> -20.1% (+55.1%)",
      "severity": "MEDIUM"
    },
    {
      "quarter": "2022-06 (Q2)",
      "signal": "YoY REVENUE GROWTH DECELERATION",
      "detail": "YoY growth: +4.3% vs prior quarter YoY: +18.5% (decel: -14.3%)",
      "severity": "WARNING"
    },
    {
      "quarter": "2022-03 (Q1)",
      "signal": "FCF MARGIN EXPANSION",
      "detail": "FCF margin: -88.0% -> -75.2% (+12.8%)",
      "severity": "MEDIUM"
    },
    {
      "quarter": "2021-12 (Q4)",
      "signal": "GROSS MARGIN INFLECTION",
      "detail": "GM: +89.2% -> +85.3% -> +90.4% (reversal +5.1%)",
      "severity": "HIGH"
    },
    {
      "quarter": "2021-09 (Q3)",
      "signal": "FCF MARGIN EXPANSION",
      "detail": "FCF margin: -46.9% -> -30.9% (+16.0%)",
      "severity": "MEDIUM"
    },
    {
      "quarter": "2021-06 (Q2)",
      "signal": "FCF MARGIN EXPANSION",
      "detail": "FCF margin: -110.3% -> -46.9% (+63.4%)",
      "severity": "MEDIUM"
    }
  ],
  "data_quality": {
    "n_quarters": 20,
    "coverage": {
      "revenue": [
        20,
        20
      ],
      "gross_profit": [
        20,
        20
      ],
      "op_income": [
        20,
        20
      ],
      "fcf": [
        20,
        20
      ]
    },
    "gaps": [],
    "warnings": []
  },
  "market_cap": null,
  "source": "SEC EDGAR",
  "last_updated": "2026-02-02T21:09:25.113052"
}