{
  "ticker": "FORA",
  "name": "FORIAN INC.",
  "quarters": [
    {
      "date": "2020-12-31T00:00:00",
      "quarter_label": "2020-12 (Q4)",
      "revenue": 209950,
      "gross_profit": 171657,
      "operating_income": -2349271,
      "net_income": -2351493,
      "opex": 2520928,
      "cogs": 38293,
      "rd": 1035451,
      "sga": null,
      "fcf": -1912129,
      "ocf": -1894841,
      "capex": -17288,
      "gross_margin": 0.8176089545129793,
      "op_margin": -11.189668968802096,
      "fcf_margin": -9.107544653488926
    },
    {
      "date": "2021-03-31T00:00:00",
      "quarter_label": "2021-03 (Q1)",
      "revenue": 1620609,
      "gross_profit": 1162723,
      "operating_income": -5116515,
      "net_income": -4491647,
      "opex": 6737124,
      "cogs": 457886,
      "rd": 1497838,
      "sga": null,
      "fcf": -3672841,
      "ocf": -3608800,
      "capex": -64041,
      "gross_margin": 0.7174605348976836,
      "op_margin": -3.1571557358992823,
      "fcf_margin": -2.266333828826077,
      "op_leverage_ratio": 4.017406844469688,
      "fcf_margin_change": 6.8412108246628485
    },
    {
      "date": "2021-06-30T00:00:00",
      "quarter_label": "2021-06 (Q2)",
      "revenue": 4547985,
      "gross_profit": 3315195,
      "operating_income": -6984950,
      "net_income": -7134196,
      "opex": 11532935,
      "cogs": 1232790,
      "rd": 1949926,
      "sga": null,
      "fcf": -4833687,
      "ocf": -4569425,
      "capex": -264262,
      "gross_margin": 0.7289371007160313,
      "op_margin": -1.5358340012115255,
      "fcf_margin": -1.0628194684019407,
      "op_leverage_ratio": 2.537539100171774,
      "fcf_margin_change": 1.2035143604241363
    },
    {
      "date": "2021-09-30T00:00:00",
      "quarter_label": "2021-09 (Q3)",
      "revenue": 4961755,
      "gross_profit": 3623774,
      "operating_income": -7348901,
      "net_income": -6876472,
      "opex": 12310656,
      "cogs": 1337981,
      "rd": 2612184,
      "sga": null,
      "fcf": -5318749,
      "ocf": -5006972,
      "capex": -311777,
      "gross_margin": 0.7303411796833983,
      "op_margin": -1.481109204303719,
      "fcf_margin": -1.071949138963935,
      "op_leverage_ratio": 1.3491368172921818,
      "fcf_margin_change": -0.009129670561994319
    },
    {
      "date": "2021-12-31T00:00:00",
      "quarter_label": "2021-12 (Q4)",
      "revenue": 5749366,
      "gross_profit": 4060848,
      "operating_income": -8166391,
      "net_income": -8048790,
      "opex": 13915757,
      "cogs": 1688518,
      "rd": 2915797,
      "sga": null,
      "fcf": -4867027,
      "ocf": -4064065,
      "capex": -802962,
      "gross_margin": 0.7063123133924679,
      "op_margin": -1.4203985274202409,
      "fcf_margin": -0.8465328177054653,
      "incr_op_margin_yoy": -1.0501323605232031,
      "rev_growth_yoy": 26.38445344129555,
      "op_leverage_ratio": 1.2174616435419683,
      "fcf_margin_change": 0.22541632125846978
    },
    {
      "date": "2022-03-31T00:00:00",
      "quarter_label": "2022-03 (Q1)",
      "revenue": 6391279,
      "gross_profit": 4823730,
      "operating_income": -11914281,
      "net_income": -11854088,
      "opex": 18305560,
      "cogs": 1567549,
      "rd": 3222871,
      "sga": null,
      "fcf": -3900405,
      "ocf": -3825878,
      "capex": -74527,
      "gross_margin": 0.7547362585798555,
      "op_margin": -1.8641465972616749,
      "fcf_margin": -0.6102698693015906,
      "incr_op_margin_yoy": -1.4249080317858918,
      "rev_growth_yoy": 2.9437513922235405,
      "rev_growth_yoy_accel": -23.44070204907201,
      "op_leverage_ratio": 0.35393052488503673,
      "fcf_margin_change": 0.23626294840387474
    },
    {
      "date": "2022-06-30T00:00:00",
      "quarter_label": "2022-06 (Q2)",
      "revenue": 6534258,
      "gross_profit": 4787450,
      "operating_income": -5592551,
      "net_income": -5433545,
      "opex": 12126809,
      "cogs": 1746808,
      "rd": 3387053,
      "sga": null,
      "fcf": -1886357,
      "ocf": -1915517,
      "capex": 29160,
      "gross_margin": 0.7326692640541589,
      "op_margin": -0.855881570638931,
      "fcf_margin": -0.2886872541610692,
      "incr_op_margin_yoy": 0.701010888231376,
      "rev_growth_yoy": 0.4367369285518752,
      "rev_growth_yoy_accel": -2.5070144636716654,
      "op_leverage_ratio": Infinity,
      "fcf_margin_change": 0.32158261514052133
    },
    {
      "date": "2022-09-30T00:00:00",
      "quarter_label": "2022-09 (Q3)",
      "revenue": 7176328,
      "gross_profit": 5336332,
      "operating_income": -4951357,
      "net_income": -5127624,
      "opex": 12127685,
      "cogs": 1839996,
      "rd": 3259511,
      "sga": null,
      "fcf": -3409891,
      "ocf": -3409891,
      "capex": null,
      "gross_margin": 0.7436020204204713,
      "op_margin": -0.6899568971763832,
      "fcf_margin": -0.4751581867495466,
      "incr_op_margin_yoy": 1.0826213450629083,
      "rev_growth_yoy": 0.44632856721059383,
      "rev_growth_yoy_accel": 0.009591638658718649,
      "op_leverage_ratio": Infinity,
      "fcf_margin_change": -0.18647093258847736
    },
    {
      "date": "2022-12-31T00:00:00",
      "quarter_label": "2022-12 (Q4)",
      "revenue": 7903992,
      "gross_profit": 6184030,
      "operating_income": -3629542,
      "net_income": -3556714,
      "opex": 11533534,
      "cogs": 1719962,
      "rd": 2478202,
      "sga": null,
      "fcf": 567801,
      "ocf": 570112,
      "capex": -2311,
      "gross_margin": 0.7823932514101735,
      "op_margin": -0.45920365304013466,
      "fcf_margin": 0.07183724376239248,
      "incr_op_margin_yoy": 2.105631789461373,
      "rev_growth_yoy": 0.37475888645808947,
      "rev_growth_yoy_accel": -0.07156968075250436,
      "op_leverage_ratio": Infinity,
      "fcf_margin_change": 0.5469954305119391
    },
    {
      "date": "2023-03-31T00:00:00",
      "quarter_label": "2023-03 (Q1)",
      "revenue": 4870387,
      "gross_profit": 3618172,
      "operating_income": -2387797,
      "net_income": 6498479,
      "opex": 7258184,
      "cogs": 1252215,
      "rd": 531689,
      "sga": null,
      "fcf": -1303919,
      "ocf": -1228426,
      "capex": -75493,
      "gross_margin": 0.7428920946117834,
      "op_margin": -0.49026843246748153,
      "fcf_margin": -0.26772389955870035,
      "incr_op_margin_yoy": -6.263747853233498,
      "rev_growth_yoy": -0.2379636376381003,
      "rev_growth_yoy_accel": -0.6127225240961898,
      "fcf_margin_change": -0.33956114332109283
    },
    {
      "date": "2023-06-30T00:00:00",
      "quarter_label": "2023-06 (Q2)",
      "revenue": 4893542,
      "gross_profit": 3616830,
      "operating_income": -1488540,
      "net_income": -1122826,
      "opex": 6382082,
      "cogs": 1276712,
      "rd": 304187,
      "sga": null,
      "fcf": -248798,
      "ocf": -248798,
      "capex": null,
      "gross_margin": 0.7391026785914988,
      "op_margin": -0.3041845763252875,
      "fcf_margin": -0.050842109866432124,
      "incr_op_margin_yoy": -2.501353677296985,
      "rev_growth_yoy": -0.25109446244699857,
      "rev_growth_yoy_accel": -0.013130824808898267,
      "fcf_margin_change": 0.21688178969226823
    },
    {
      "date": "2023-09-30T00:00:00",
      "quarter_label": "2023-09 (Q3)",
      "revenue": 5348469,
      "gross_profit": 3985914,
      "operating_income": -807268,
      "net_income": 4342091,
      "opex": 6155737,
      "cogs": 1362555,
      "rd": 264781,
      "sga": null,
      "fcf": 2805499,
      "ocf": 2805499,
      "capex": null,
      "gross_margin": 0.7452439193346732,
      "op_margin": -0.15093440758467516,
      "fcf_margin": 0.5245424438283179,
      "incr_op_margin_yoy": -2.267181987232057,
      "rev_growth_yoy": -0.2547067246647589,
      "rev_growth_yoy_accel": -0.0036122622177603425,
      "op_leverage_ratio": Infinity,
      "fcf_margin_change": 0.5753845536947501
    },
    {
      "date": "2023-12-31T00:00:00",
      "quarter_label": "2023-12 (Q4)",
      "revenue": 5368932,
      "gross_profit": 3783382,
      "operating_income": -911407,
      "net_income": 1388943,
      "opex": 6280339,
      "cogs": 1585550,
      "rd": 306923,
      "sga": null,
      "fcf": -599457,
      "ocf": -599457,
      "capex": null,
      "gross_margin": 0.7046805584425356,
      "op_margin": -0.16975573540510477,
      "fcf_margin": -0.11165293209152212,
      "incr_op_margin_yoy": -1.0722172256277958,
      "rev_growth_yoy": -0.32073159993076916,
      "rev_growth_yoy_accel": -0.06602487526601025,
      "fcf_margin_change": -0.6361953759198401
    },
    {
      "date": "2024-03-31T00:00:00",
      "quarter_label": "2024-03 (Q1)",
      "revenue": 4877378,
      "gross_profit": 3174021,
      "operating_income": -1772350,
      "net_income": -1212615,
      "opex": 6649728,
      "cogs": 1703357,
      "rd": 389889,
      "sga": null,
      "fcf": -2208070,
      "ocf": -2208070,
      "capex": null,
      "gross_margin": 0.6507637915289731,
      "op_margin": -0.36338171862012747,
      "fcf_margin": -0.4527166030600868,
      "rev_growth_yoy": 0.0014354095475369822,
      "rev_growth_yoy_accel": 0.3221670094783061,
      "fcf_margin_change": -0.3410636709685647
    },
    {
      "date": "2024-06-30T00:00:00",
      "quarter_label": "2024-06 (Q2)",
      "revenue": 4777101,
      "gross_profit": 2970183,
      "operating_income": -2970478,
      "net_income": -2553259,
      "opex": 7747579,
      "cogs": 1806918,
      "rd": 307201,
      "sga": null,
      "fcf": -23110,
      "ocf": -23110,
      "capex": null,
      "gross_margin": 0.6217542815192729,
      "op_margin": -0.6218160344526942,
      "fcf_margin": -0.004837662004634191,
      "rev_growth_yoy": -0.02379483000248082,
      "rev_growth_yoy_accel": -0.025230239550017804,
      "fcf_margin_change": 0.4478789410554526
    },
    {
      "date": "2024-09-30T00:00:00",
      "quarter_label": "2024-09 (Q3)",
      "revenue": 4686312,
      "gross_profit": 3283392,
      "operating_income": -795829,
      "net_income": -204907,
      "opex": 5482141,
      "cogs": 1402920,
      "rd": 291962,
      "sga": null,
      "fcf": 764096,
      "ocf": 764096,
      "capex": null,
      "gross_margin": 0.7006345288149829,
      "op_margin": -0.1698198924868852,
      "fcf_margin": 0.16304846967082004,
      "rev_growth_yoy": -0.1238030920624201,
      "rev_growth_yoy_accel": -0.10000826205993928,
      "fcf_margin_change": 0.16788613167545424
    },
    {
      "date": "2024-12-31T00:00:00",
      "quarter_label": "2024-12 (Q4)",
      "revenue": 5812472,
      "gross_profit": 3391504,
      "operating_income": -1448304,
      "net_income": 199711,
      "opex": 7260776,
      "cogs": 2420968,
      "rd": 455693,
      "sga": null,
      "fcf": 1749911,
      "ocf": 1749911,
      "capex": null,
      "gross_margin": 0.5834873699176529,
      "op_margin": -0.24917178095653622,
      "fcf_margin": 0.3010614072635533,
      "rev_growth_yoy": 0.08261233332811814,
      "rev_growth_yoy_accel": 0.20641542539053825,
      "op_leverage_ratio": 0.7406828102016606,
      "fcf_margin_change": 0.13801293759273325
    },
    {
      "date": "2025-03-31T00:00:00",
      "quarter_label": "2025-03 (Q1)",
      "revenue": 7056116,
      "gross_profit": 3924494,
      "operating_income": -1394665,
      "net_income": -1125862,
      "opex": 8450781,
      "cogs": 3131622,
      "rd": 606237,
      "sga": null,
      "fcf": 448180,
      "ocf": 448180,
      "capex": null,
      "gross_margin": 0.556183316714181,
      "op_margin": -0.19765335490516311,
      "fcf_margin": 0.06351652949016144,
      "incr_op_margin_yoy": 0.17335035235994414,
      "rev_growth_yoy": 0.4467027160904896,
      "rev_growth_yoy_accel": 0.3640903827623715,
      "op_leverage_ratio": 1.305477699972614,
      "fcf_margin_change": -0.23754487777339184
    },
    {
      "date": "2025-06-30T00:00:00",
      "quarter_label": "2025-06 (Q2)",
      "revenue": 7476140,
      "gross_profit": 4247971,
      "operating_income": 46076,
      "net_income": 224793,
      "opex": 7430064,
      "cogs": 3228169,
      "rd": 675731,
      "sga": null,
      "fcf": -344531,
      "ocf": -344531,
      "capex": null,
      "gross_margin": 0.5682037789554503,
      "op_margin": 0.006163073457693409,
      "fcf_margin": -0.046084075472101915,
      "incr_op_margin_yoy": 1.1176400192809366,
      "rev_growth_yoy": 0.5649951717579343,
      "rev_growth_yoy_accel": 0.11829245566744473,
      "op_leverage_ratio": Infinity,
      "fcf_margin_change": -0.10960060496226336
    },
    {
      "date": "2025-09-30T00:00:00",
      "quarter_label": "2025-09 (Q3)",
      "revenue": 7762183,
      "gross_profit": 4008622,
      "operating_income": -469885,
      "net_income": -151220,
      "opex": 8232068,
      "cogs": 3753561,
      "rd": 676172,
      "sga": null,
      "fcf": -439666,
      "ocf": -439666,
      "capex": null,
      "gross_margin": 0.5164297208658956,
      "op_margin": -0.06053516130707045,
      "fcf_margin": -0.05664205546300571,
      "incr_op_margin_yoy": 0.10596803311972446,
      "rev_growth_yoy": 0.6563521592245672,
      "rev_growth_yoy_accel": 0.0913569874666329,
      "op_leverage_ratio": 0.3544621921822597,
      "fcf_margin_change": -0.010557979990903792
    }
  ],
  "signals": [
    {
      "quarter": "2025-09 (Q3)",
      "signal": "YoY REVENUE GROWTH ACCELERATION",
      "detail": "YoY growth: +65.6% vs prior quarter YoY: +56.5% (accel: +9.1%)",
      "severity": "MEDIUM"
    },
    {
      "quarter": "2025-06 (Q2)",
      "signal": "YoY REVENUE GROWTH ACCELERATION",
      "detail": "YoY growth: +56.5% vs prior quarter YoY: +44.7% (accel: +11.8%)",
      "severity": "MEDIUM"
    },
    {
      "quarter": "2025-06 (Q2)",
      "signal": "OP MARGIN TURNED POSITIVE (YoY)",
      "detail": "Op margin: -62.2% (year-ago) -> +0.6%",
      "severity": "HIGH"
    },
    {
      "quarter": "2025-06 (Q2)",
      "signal": "OP MARGIN TURNED POSITIVE (QoQ)",
      "detail": "Op margin: -19.8% -> +0.6%",
      "severity": "HIGH"
    },
    {
      "quarter": "2025-03 (Q1)",
      "signal": "YoY REVENUE GROWTH ACCELERATION",
      "detail": "YoY growth: +44.7% vs prior quarter YoY: +8.3% (accel: +36.4%)",
      "severity": "HIGH"
    },
    {
      "quarter": "2024-12 (Q4)",
      "signal": "FCF MARGIN EXPANSION",
      "detail": "FCF margin: +16.3% -> +30.1% (+13.8%)",
      "severity": "MEDIUM"
    },
    {
      "quarter": "2024-12 (Q4)",
      "signal": "YoY REVENUE GROWTH ACCELERATION",
      "detail": "YoY growth: +8.3% vs prior quarter YoY: -12.4% (accel: +20.6%)",
      "severity": "HIGH"
    },
    {
      "quarter": "2024-09 (Q3)",
      "signal": "FCF TURNED POSITIVE",
      "detail": "FCF margin: -0.5% -> +16.3%",
      "severity": "HIGH"
    },
    {
      "quarter": "2024-09 (Q3)",
      "signal": "GROSS MARGIN INFLECTION",
      "detail": "GM: +65.1% -> +62.2% -> +70.1% (reversal +7.9%)",
      "severity": "HIGH"
    },
    {
      "quarter": "2024-09 (Q3)",
      "signal": "YoY REVENUE GROWTH DECELERATION",
      "detail": "YoY growth: -12.4% vs prior quarter YoY: -2.4% (decel: -10.0%)",
      "severity": "WARNING"
    },
    {
      "quarter": "2024-06 (Q2)",
      "signal": "FCF MARGIN EXPANSION",
      "detail": "FCF margin: -45.3% -> -0.5% (+44.8%)",
      "severity": "MEDIUM"
    },
    {
      "quarter": "2024-03 (Q1)",
      "signal": "YoY REVENUE GROWTH ACCELERATION",
      "detail": "YoY growth: +0.1% vs prior quarter YoY: -32.1% (accel: +32.2%)",
      "severity": "HIGH"
    },
    {
      "quarter": "2023-12 (Q4)",
      "signal": "YoY REVENUE GROWTH DECELERATION",
      "detail": "YoY growth: -32.1% vs prior quarter YoY: -25.5% (decel: -6.6%)",
      "severity": "WARNING"
    },
    {
      "quarter": "2023-09 (Q3)",
      "signal": "FCF TURNED POSITIVE",
      "detail": "FCF margin: -5.1% -> +52.5%",
      "severity": "HIGH"
    },
    {
      "quarter": "2023-06 (Q2)",
      "signal": "FCF MARGIN EXPANSION",
      "detail": "FCF margin: -26.8% -> -5.1% (+21.7%)",
      "severity": "MEDIUM"
    },
    {
      "quarter": "2023-03 (Q1)",
      "signal": "YoY REVENUE GROWTH DECELERATION",
      "detail": "YoY growth: -23.8% vs prior quarter YoY: +37.5% (decel: -61.3%)",
      "severity": "WARNING"
    },
    {
      "quarter": "2022-12 (Q4)",
      "signal": "FCF TURNED POSITIVE",
      "detail": "FCF margin: -47.5% -> +7.2%",
      "severity": "HIGH"
    },
    {
      "quarter": "2022-12 (Q4)",
      "signal": "YoY REVENUE GROWTH DECELERATION",
      "detail": "YoY growth: +37.5% vs prior quarter YoY: +44.6% (decel: -7.2%)",
      "severity": "WARNING"
    },
    {
      "quarter": "2022-09 (Q3)",
      "signal": "OPERATING LEVERAGE",
      "detail": "Rev growth +9.8% vs OpEx growth +0.0% (leverage: 1360.3x)",
      "severity": "MEDIUM"
    },
    {
      "quarter": "2022-06 (Q2)",
      "signal": "FCF MARGIN EXPANSION",
      "detail": "FCF margin: -61.0% -> -28.9% (+32.2%)",
      "severity": "MEDIUM"
    },
    {
      "quarter": "2022-06 (Q2)",
      "signal": "YoY REVENUE GROWTH DECELERATION",
      "detail": "YoY growth: +43.7% vs prior quarter YoY: +294.4% (decel: -250.7%)",
      "severity": "WARNING"
    },
    {
      "quarter": "2022-03 (Q1)",
      "signal": "FCF MARGIN EXPANSION",
      "detail": "FCF margin: -84.7% -> -61.0% (+23.6%)",
      "severity": "MEDIUM"
    },
    {
      "quarter": "2022-03 (Q1)",
      "signal": "GROSS MARGIN INFLECTION",
      "detail": "GM: +73.0% -> +70.6% -> +75.5% (reversal +4.8%)",
      "severity": "MEDIUM"
    },
    {
      "quarter": "2022-03 (Q1)",
      "signal": "YoY REVENUE GROWTH DECELERATION",
      "detail": "YoY growth: +294.4% vs prior quarter YoY: +2638.4% (decel: -2344.1%)",
      "severity": "WARNING"
    },
    {
      "quarter": "2021-12 (Q4)",
      "signal": "FCF MARGIN EXPANSION",
      "detail": "FCF margin: -107.2% -> -84.7% (+22.5%)",
      "severity": "MEDIUM"
    },
    {
      "quarter": "2021-06 (Q2)",
      "signal": "FCF MARGIN EXPANSION",
      "detail": "FCF margin: -226.6% -> -106.3% (+120.4%)",
      "severity": "MEDIUM"
    },
    {
      "quarter": "2021-06 (Q2)",
      "signal": "OPERATING LEVERAGE",
      "detail": "Rev growth +180.6% vs OpEx growth +71.2% (leverage: 2.5x)",
      "severity": "MEDIUM"
    },
    {
      "quarter": "2021-03 (Q1)",
      "signal": "FCF MARGIN EXPANSION",
      "detail": "FCF margin: -910.8% -> -226.6% (+684.1%)",
      "severity": "MEDIUM"
    },
    {
      "quarter": "2021-03 (Q1)",
      "signal": "OPERATING LEVERAGE",
      "detail": "Rev growth +671.9% vs OpEx growth +167.2% (leverage: 4.0x)",
      "severity": "MEDIUM"
    }
  ],
  "data_quality": {
    "n_quarters": 20,
    "coverage": {
      "revenue": [
        20,
        20
      ],
      "gross_profit": [
        20,
        20
      ],
      "op_income": [
        20,
        20
      ],
      "fcf": [
        20,
        20
      ]
    },
    "gaps": [],
    "warnings": []
  },
  "market_cap": null,
  "source": "SEC EDGAR",
  "last_updated": "2026-02-02T23:32:54.499941"
}