{
  "ticker": "FORM",
  "name": "FormFactor,\u00a0Inc.",
  "sector": "Technology",
  "industry": "Semiconductor Equipment & Materials",
  "quarters": [
    {
      "date": "2021-03-27T00:00:00",
      "quarter_label": "2021-03 (Q1)",
      "revenue": 186636000,
      "gross_profit": 76706000,
      "operating_income": 22645000,
      "net_income": 19625000,
      "opex": 54061000,
      "cogs": 109930000,
      "rd": 24046000,
      "sga": 30015000,
      "fcf": 18886000,
      "ocf": 32356000,
      "capex": -13470000,
      "gross_margin": 0.4109925201997471,
      "op_margin": 0.1213324331854519,
      "fcf_margin": 0.10119162433828414
    },
    {
      "date": "2021-06-26T00:00:00",
      "quarter_label": "2021-06 (Q2)",
      "revenue": 188076000,
      "gross_profit": 76283000,
      "operating_income": 20350000,
      "net_income": 17905000,
      "opex": 55933000,
      "cogs": 111793000,
      "rd": 25454000,
      "sga": 30479000,
      "fcf": 15947000,
      "ocf": 33799000,
      "capex": -17852000,
      "gross_margin": 0.40559667368510605,
      "op_margin": 0.10820094004551352,
      "fcf_margin": 0.08479019119930241,
      "fcf_margin_change": -0.016401433138981736
    },
    {
      "date": "2021-09-25T00:00:00",
      "quarter_label": "2021-09 (Q3)",
      "revenue": 189964000,
      "gross_profit": 80219000,
      "operating_income": 23253000,
      "net_income": 20497000,
      "opex": 56966000,
      "cogs": 109745000,
      "rd": 26026000,
      "sga": 30940000,
      "fcf": 14251000,
      "ocf": 34282000,
      "capex": -20031000,
      "gross_margin": 0.42228527510475666,
      "op_margin": 0.1224074035080331,
      "fcf_margin": 0.07501947737466046,
      "op_leverage_ratio": 0.5435461230508718,
      "fcf_margin_change": -0.009770713824641952
    },
    {
      "date": "2021-12-25T00:00:00",
      "quarter_label": "2021-12 (Q4)",
      "revenue": 204998000,
      "gross_profit": 89559000,
      "operating_income": 31790000,
      "net_income": 25897000,
      "opex": 57769000,
      "cogs": 115439000,
      "rd": 25411000,
      "sga": 32358000,
      "fcf": 23784000,
      "ocf": 38927000,
      "capex": -15143000,
      "gross_margin": 0.43687743295056536,
      "op_margin": 0.1550746836554503,
      "fcf_margin": 0.11602064410384491,
      "op_leverage_ratio": 5.614400898611635,
      "fcf_margin_change": 0.041001166729184454
    },
    {
      "date": "2022-03-26T00:00:00",
      "quarter_label": "2022-03 (Q1)",
      "revenue": 197174000,
      "gross_profit": 94224000,
      "operating_income": 34184000,
      "net_income": 29872000,
      "opex": 60040000,
      "cogs": 102950000,
      "rd": 27134000,
      "sga": 32906000,
      "fcf": 28549000,
      "ocf": 44155000,
      "capex": -15606000,
      "gross_margin": 0.4778723361092233,
      "op_margin": 0.17336971405966303,
      "fcf_margin": 0.14479089535131406,
      "incr_op_margin_yoy": 1.0949895615866387,
      "rev_growth_yoy": 0.05646284746779828,
      "fcf_margin_change": 0.028770251247469153
    },
    {
      "date": "2022-06-25T00:00:00",
      "quarter_label": "2022-06 (Q2)",
      "revenue": 203907000,
      "gross_profit": 94369000,
      "operating_income": 32646000,
      "net_income": 30242000,
      "opex": 61723000,
      "cogs": 109538000,
      "rd": 28317000,
      "sga": 33406000,
      "fcf": 28136000,
      "ocf": 42646000,
      "capex": -14510000,
      "gross_margin": 0.4628041214867562,
      "op_margin": 0.1601023996233577,
      "fcf_margin": 0.13798447331381464,
      "incr_op_margin_yoy": 0.7767039353167835,
      "rev_growth_yoy": 0.08417341925604543,
      "rev_growth_yoy_accel": 0.02771057178824715,
      "op_leverage_ratio": 1.218191416672424,
      "fcf_margin_change": -0.006806422037499427
    },
    {
      "date": "2022-09-24T00:00:00",
      "quarter_label": "2022-09 (Q3)",
      "revenue": 180869000,
      "gross_profit": 62213000,
      "operating_income": 4027000,
      "net_income": 4351000,
      "opex": 58186000,
      "cogs": 118656000,
      "rd": 26549000,
      "sga": 31637000,
      "fcf": 15339000,
      "ocf": 24247000,
      "capex": -8908000,
      "gross_margin": 0.34396718066667037,
      "op_margin": 0.02226473303882921,
      "fcf_margin": 0.0848072361764592,
      "incr_op_margin_yoy": 2.11390874106652,
      "rev_growth_yoy": -0.04787749257754101,
      "rev_growth_yoy_accel": -0.13205091183358644,
      "fcf_margin_change": -0.053177237137355435
    },
    {
      "date": "2022-12-31T00:00:00",
      "quarter_label": "2022-12 (Q4)",
      "revenue": 165987000,
      "gross_profit": 45203000,
      "operating_income": -15945000,
      "net_income": -13727000,
      "opex": 61148000,
      "cogs": 120784000,
      "rd": 27222000,
      "sga": 33926000,
      "fcf": -5492000,
      "ocf": 20738000,
      "capex": -26230000,
      "gross_margin": 0.2723285558507594,
      "op_margin": -0.09606173977480165,
      "fcf_margin": -0.03308692849440016,
      "incr_op_margin_yoy": 1.2236292327804978,
      "rev_growth_yoy": -0.19029941755529323,
      "rev_growth_yoy_accel": -0.14242192497775222,
      "fcf_margin_change": -0.11789416467085936
    },
    {
      "date": "2023-04-01T00:00:00",
      "quarter_label": "2023-04 (Q2)",
      "revenue": 167448000,
      "gross_profit": 61078000,
      "operating_income": 91000,
      "net_income": 1342000,
      "opex": 60987000,
      "cogs": 106370000,
      "rd": 28245000,
      "sga": 32742000,
      "fcf": -7392000,
      "ocf": 12309000,
      "capex": -19701000,
      "gross_margin": 0.36475801442835987,
      "op_margin": 0.0005434522956380488,
      "fcf_margin": -0.04414504801490612,
      "incr_op_margin_yoy": 1.1469084303303505,
      "rev_growth_yoy": -0.15076024222260542,
      "rev_growth_yoy_accel": 0.039539175332687804,
      "fcf_margin_change": -0.011058119520505956
    },
    {
      "date": "2023-07-01T00:00:00",
      "quarter_label": "2023-07 (Q3)",
      "revenue": 155916000,
      "gross_profit": 60283000,
      "operating_income": -1312000,
      "net_income": 828000,
      "opex": 61595000,
      "cogs": 95633000,
      "rd": 28340000,
      "sga": 33255000,
      "fcf": 1996000,
      "ocf": 22472000,
      "capex": -20476000,
      "gross_margin": 0.38663767669770904,
      "op_margin": -0.008414787449652376,
      "fcf_margin": 0.012801765052977244,
      "incr_op_margin_yoy": 0.7075910066470796,
      "rev_growth_yoy": -0.23535729523753476,
      "rev_growth_yoy_accel": -0.08459705301492934,
      "fcf_margin_change": 0.056946813067883365
    },
    {
      "date": "2023-09-30T00:00:00",
      "quarter_label": "2023-09 (Q3)",
      "revenue": 171575000,
      "gross_profit": 69285000,
      "operating_income": 2707000,
      "net_income": 4371000,
      "opex": 66578000,
      "cogs": 102290000,
      "rd": 31014000,
      "sga": 35564000,
      "fcf": 14654000,
      "ocf": 20571000,
      "capex": -5917000,
      "gross_margin": 0.40381757249016464,
      "op_margin": 0.01577735684103162,
      "fcf_margin": 0.08540871339064549,
      "incr_op_margin_yoy": 0.14202711426726922,
      "rev_growth_yoy": -0.05138525673277344,
      "rev_growth_yoy_accel": 0.18397203850476132,
      "op_leverage_ratio": 1.2414462243795972,
      "fcf_margin_change": 0.07260694833766825
    },
    {
      "date": "2023-12-30T00:00:00",
      "quarter_label": "2023-12 (Q4)",
      "revenue": 168163000,
      "gross_profit": 67934000,
      "operating_income": 81270000,
      "net_income": 75846000,
      "opex": 59617000,
      "cogs": 100229000,
      "rd": 28166000,
      "sga": 31451000,
      "fcf": -683000,
      "ocf": 9250000,
      "capex": -9933000,
      "gross_margin": 0.40397709365318174,
      "op_margin": 0.48328110226387494,
      "fcf_margin": -0.004061535533975964,
      "incr_op_margin_yoy": 44.67601102941177,
      "rev_growth_yoy": 0.013109460379427305,
      "rev_growth_yoy_accel": 0.06449471711220076,
      "fcf_margin_change": -0.08947024892462145
    },
    {
      "date": "2024-03-30T00:00:00",
      "quarter_label": "2024-03 (Q1)",
      "revenue": 168725000,
      "gross_profit": 62738000,
      "operating_income": 21303000,
      "net_income": 21781000,
      "opex": 61706000,
      "cogs": 105987000,
      "rd": 28627000,
      "sga": 33079000,
      "fcf": 19576000,
      "ocf": 33012000,
      "capex": -13436000,
      "gross_margin": 0.37183582753000444,
      "op_margin": 0.12625870499333233,
      "fcf_margin": 0.11602311453548673,
      "incr_op_margin_yoy": 16.610806577916993,
      "rev_growth_yoy": 0.007626248148678993,
      "rev_growth_yoy_accel": -0.005483212230748312,
      "fcf_margin_change": 0.1200846500694627
    },
    {
      "date": "2024-06-29T00:00:00",
      "quarter_label": "2024-06 (Q2)",
      "revenue": 197474000,
      "gross_profit": 86900000,
      "operating_income": 17772000,
      "net_income": 19392000,
      "opex": 69438000,
      "cogs": 110574000,
      "rd": 31564000,
      "sga": 37874000,
      "fcf": 13480000,
      "ocf": 21878000,
      "capex": -8398000,
      "gross_margin": 0.4400579316770815,
      "op_margin": 0.08999665778786069,
      "fcf_margin": 0.06826215096670954,
      "incr_op_margin_yoy": 0.4592136291448097,
      "rev_growth_yoy": 0.2665409579517176,
      "rev_growth_yoy_accel": 0.2589147098030386,
      "op_leverage_ratio": 1.359811956583478,
      "fcf_margin_change": -0.047760963568777196
    },
    {
      "date": "2024-09-28T00:00:00",
      "quarter_label": "2024-09 (Q3)",
      "revenue": 207917000,
      "gross_profit": 84705000,
      "operating_income": 17855000,
      "net_income": 18736000,
      "opex": 66850000,
      "cogs": 123212000,
      "rd": 31243000,
      "sga": 35607000,
      "fcf": 17792000,
      "ocf": 26731000,
      "capex": -8939000,
      "gross_margin": 0.4073981444518726,
      "op_margin": 0.08587561382667122,
      "fcf_margin": 0.08557260830042758,
      "incr_op_margin_yoy": 0.4168180067139948,
      "rev_growth_yoy": 0.21181407547719655,
      "rev_growth_yoy_accel": -0.054726882474521066,
      "op_leverage_ratio": null,
      "fcf_margin_change": 0.01731045733371804
    },
    {
      "date": "2024-12-28T00:00:00",
      "quarter_label": "2024-12 (Q4)",
      "revenue": 189483000,
      "gross_profit": 73580000,
      "operating_income": 7850000,
      "net_income": 9705000,
      "opex": 65730000,
      "cogs": 115903000,
      "rd": 30504000,
      "sga": 35226000,
      "fcf": 28250000,
      "ocf": 35913000,
      "capex": -7663000,
      "gross_margin": 0.38831979649889437,
      "op_margin": 0.04142851865338843,
      "fcf_margin": 0.14908989196920042,
      "incr_op_margin_yoy": -3.4437148217636024,
      "rev_growth_yoy": 0.12678175341781486,
      "rev_growth_yoy_accel": -0.08503232205938169,
      "fcf_margin_change": 0.06351728366877284
    },
    {
      "date": "2025-03-29T00:00:00",
      "quarter_label": "2025-03 (Q1)",
      "revenue": 171356000,
      "gross_profit": 64523000,
      "operating_income": 3269000,
      "net_income": 6401000,
      "opex": 61254000,
      "cogs": 106833000,
      "rd": 27800000,
      "sga": 33454000,
      "fcf": 4955000,
      "ocf": 23539000,
      "capex": -18584000,
      "gross_margin": 0.37654357011134715,
      "op_margin": 0.019077242699409417,
      "fcf_margin": 0.028916407946030485,
      "incr_op_margin_yoy": -6.854427974154314,
      "rev_growth_yoy": 0.015593421247592236,
      "rev_growth_yoy_accel": -0.11118833217022263,
      "fcf_margin_change": -0.12017348402316994
    },
    {
      "date": "2025-06-28T00:00:00",
      "quarter_label": "2025-06 (Q2)",
      "revenue": 195798000,
      "gross_profit": 72938000,
      "operating_income": 12306000,
      "net_income": 9086000,
      "opex": 60632000,
      "cogs": 122860000,
      "rd": 28793000,
      "sga": 31839000,
      "fcf": -47363000,
      "ocf": 18893000,
      "capex": -66256000,
      "gross_margin": 0.3725165732029949,
      "op_margin": 0.06285048876903748,
      "fcf_margin": -0.24189726146334486,
      "incr_op_margin_yoy": 3.2613365155131264,
      "rev_growth_yoy": -0.008487193250757061,
      "rev_growth_yoy_accel": -0.0240806144983493,
      "op_leverage_ratio": null,
      "fcf_margin_change": -0.27081366940937535
    },
    {
      "date": "2025-09-27T00:00:00",
      "quarter_label": "2025-09 (Q3)",
      "revenue": 202676000,
      "gross_profit": 80626000,
      "operating_income": 18005000,
      "net_income": 15656000,
      "opex": 62621000,
      "cogs": 122050000,
      "rd": 28686000,
      "sga": 32971000,
      "fcf": 19486000,
      "ocf": 26991000,
      "capex": -7505000,
      "gross_margin": 0.3978073378199688,
      "op_margin": 0.08883636937772603,
      "fcf_margin": 0.09614359865006217,
      "incr_op_margin_yoy": -0.028620492272467088,
      "rev_growth_yoy": -0.025207174016554684,
      "rev_growth_yoy_accel": -0.016719980765797622,
      "op_leverage_ratio": 1.0708312361672998,
      "fcf_margin_change": 0.33804086011340706
    },
    {
      "date": "2025-12-27T00:00:00",
      "quarter_label": "2025-12 (Q4)",
      "revenue": 215163000,
      "gross_profit": 90764000,
      "operating_income": 23490000,
      "net_income": 23218000,
      "opex": 67274000,
      "cogs": 124399000,
      "rd": 30403000,
      "sga": 35167000,
      "fcf": 34662000,
      "ocf": 45975000,
      "capex": -11313000,
      "gross_margin": 0.42183832722168774,
      "op_margin": 0.10917304555151211,
      "fcf_margin": 0.16109647104753141,
      "incr_op_margin_yoy": 0.6090342679127726,
      "rev_growth_yoy": 0.135526669938728,
      "rev_growth_yoy_accel": 0.16073384395528267,
      "op_leverage_ratio": 0.8291683823207148,
      "fcf_margin_change": 0.06495287239746925
    }
  ],
  "signals": [
    {
      "quarter": "2025-12 (Q4)",
      "signal": "FCF MARGIN EXPANSION",
      "detail": "FCF margin: +9.6% -> +16.1% (+6.5%)",
      "severity": "MEDIUM"
    },
    {
      "quarter": "2025-12 (Q4)",
      "signal": "YoY REVENUE GROWTH ACCELERATION",
      "detail": "YoY growth: +13.6% vs prior quarter YoY: -2.5% (accel: +16.1%)",
      "severity": "HIGH"
    },
    {
      "quarter": "2025-12 (Q4)",
      "signal": "INCREMENTAL MARGIN (YoY)",
      "detail": "YoY Incr OPM: +60.9% vs year-ago OPM: +4.1%",
      "severity": "HIGH"
    },
    {
      "quarter": "2025-09 (Q3)",
      "signal": "FCF TURNED POSITIVE",
      "detail": "FCF margin: -24.2% -> +9.6%",
      "severity": "HIGH"
    },
    {
      "quarter": "2025-09 (Q3)",
      "signal": "GROSS MARGIN INFLECTION",
      "detail": "GM: +37.7% -> +37.3% -> +39.8% (reversal +2.5%)",
      "severity": "MEDIUM"
    },
    {
      "quarter": "2025-06 (Q2)",
      "signal": "INCREMENTAL MARGIN (YoY)",
      "detail": "YoY Incr OPM: +326.1% vs year-ago OPM: +9.0%",
      "severity": "HIGH"
    },
    {
      "quarter": "2025-03 (Q1)",
      "signal": "YoY REVENUE GROWTH DECELERATION",
      "detail": "YoY growth: +1.6% vs prior quarter YoY: +12.7% (decel: -11.1%)",
      "severity": "WARNING"
    },
    {
      "quarter": "2024-12 (Q4)",
      "signal": "FCF MARGIN EXPANSION",
      "detail": "FCF margin: +8.6% -> +14.9% (+6.4%)",
      "severity": "MEDIUM"
    },
    {
      "quarter": "2024-12 (Q4)",
      "signal": "YoY REVENUE GROWTH DECELERATION",
      "detail": "YoY growth: +12.7% vs prior quarter YoY: +21.2% (decel: -8.5%)",
      "severity": "WARNING"
    },
    {
      "quarter": "2024-09 (Q3)",
      "signal": "YoY REVENUE GROWTH DECELERATION",
      "detail": "YoY growth: +21.2% vs prior quarter YoY: +26.7% (decel: -5.5%)",
      "severity": "WARNING"
    },
    {
      "quarter": "2024-09 (Q3)",
      "signal": "INCREMENTAL MARGIN (YoY)",
      "detail": "YoY Incr OPM: +41.7% vs year-ago OPM: +1.6%",
      "severity": "HIGH"
    },
    {
      "quarter": "2024-06 (Q2)",
      "signal": "GROSS MARGIN INFLECTION",
      "detail": "GM: +40.4% -> +37.2% -> +44.0% (reversal +6.8%)",
      "severity": "HIGH"
    },
    {
      "quarter": "2024-06 (Q2)",
      "signal": "YoY REVENUE GROWTH ACCELERATION",
      "detail": "YoY growth: +26.7% vs prior quarter YoY: +0.8% (accel: +25.9%)",
      "severity": "HIGH"
    },
    {
      "quarter": "2024-06 (Q2)",
      "signal": "OP MARGIN TURNED POSITIVE (YoY)",
      "detail": "Op margin: -0.8% (year-ago) -> +9.0%",
      "severity": "HIGH"
    },
    {
      "quarter": "2024-03 (Q1)",
      "signal": "FCF TURNED POSITIVE",
      "detail": "FCF margin: -0.4% -> +11.6%",
      "severity": "HIGH"
    },
    {
      "quarter": "2024-03 (Q1)",
      "signal": "INCREMENTAL MARGIN (YoY)",
      "detail": "YoY Incr OPM: +1661.1% vs year-ago OPM: +0.1%",
      "severity": "HIGH"
    },
    {
      "quarter": "2023-12 (Q4)",
      "signal": "YoY REVENUE GROWTH ACCELERATION",
      "detail": "YoY growth: +1.3% vs prior quarter YoY: -5.1% (accel: +6.4%)",
      "severity": "MEDIUM"
    },
    {
      "quarter": "2023-12 (Q4)",
      "signal": "OP MARGIN TURNED POSITIVE (YoY)",
      "detail": "Op margin: -9.6% (year-ago) -> +48.3%",
      "severity": "HIGH"
    },
    {
      "quarter": "2023-09 (Q3)",
      "signal": "FCF MARGIN EXPANSION",
      "detail": "FCF margin: +1.3% -> +8.5% (+7.3%)",
      "severity": "MEDIUM"
    },
    {
      "quarter": "2023-09 (Q3)",
      "signal": "YoY REVENUE GROWTH ACCELERATION",
      "detail": "YoY growth: -5.1% vs prior quarter YoY: -23.5% (accel: +18.4%)",
      "severity": "HIGH"
    },
    {
      "quarter": "2023-09 (Q3)",
      "signal": "INCREMENTAL MARGIN (YoY)",
      "detail": "YoY Incr OPM: +14.2% vs year-ago OPM: +2.2%",
      "severity": "MEDIUM"
    },
    {
      "quarter": "2023-09 (Q3)",
      "signal": "OP MARGIN TURNED POSITIVE (QoQ)",
      "detail": "Op margin: -0.8% -> +1.6%",
      "severity": "HIGH"
    },
    {
      "quarter": "2023-07 (Q3)",
      "signal": "FCF TURNED POSITIVE",
      "detail": "FCF margin: -4.4% -> +1.3%",
      "severity": "HIGH"
    },
    {
      "quarter": "2023-07 (Q3)",
      "signal": "YoY REVENUE GROWTH DECELERATION",
      "detail": "YoY growth: -23.5% vs prior quarter YoY: -15.1% (decel: -8.5%)",
      "severity": "WARNING"
    },
    {
      "quarter": "2023-04 (Q2)",
      "signal": "GROSS MARGIN INFLECTION",
      "detail": "GM: +34.4% -> +27.2% -> +36.5% (reversal +9.2%)",
      "severity": "HIGH"
    },
    {
      "quarter": "2023-04 (Q2)",
      "signal": "INCREMENTAL MARGIN (YoY)",
      "detail": "YoY Incr OPM: +114.7% vs year-ago OPM: +17.3%",
      "severity": "HIGH"
    },
    {
      "quarter": "2023-04 (Q2)",
      "signal": "OP MARGIN TURNED POSITIVE (QoQ)",
      "detail": "Op margin: -9.6% -> +0.1%",
      "severity": "HIGH"
    },
    {
      "quarter": "2022-12 (Q4)",
      "signal": "YoY REVENUE GROWTH DECELERATION",
      "detail": "YoY growth: -19.0% vs prior quarter YoY: -4.8% (decel: -14.2%)",
      "severity": "WARNING"
    },
    {
      "quarter": "2022-09 (Q3)",
      "signal": "YoY REVENUE GROWTH DECELERATION",
      "detail": "YoY growth: -4.8% vs prior quarter YoY: +8.4% (decel: -13.2%)",
      "severity": "WARNING"
    },
    {
      "quarter": "2022-09 (Q3)",
      "signal": "INCREMENTAL MARGIN (YoY)",
      "detail": "YoY Incr OPM: +211.4% vs year-ago OPM: +12.2%",
      "severity": "HIGH"
    },
    {
      "quarter": "2022-06 (Q2)",
      "signal": "INCREMENTAL MARGIN (YoY)",
      "detail": "YoY Incr OPM: +77.7% vs year-ago OPM: +10.8%",
      "severity": "HIGH"
    },
    {
      "quarter": "2022-03 (Q1)",
      "signal": "INCREMENTAL MARGIN (YoY)",
      "detail": "YoY Incr OPM: +109.5% vs year-ago OPM: +12.1%",
      "severity": "HIGH"
    },
    {
      "quarter": "2021-12 (Q4)",
      "signal": "OPERATING LEVERAGE",
      "detail": "Rev growth +7.9% vs OpEx growth +1.4% (leverage: 5.6x)",
      "severity": "MEDIUM"
    }
  ],
  "data_quality": {
    "n_quarters": 20,
    "coverage": {
      "revenue": [
        20,
        20
      ],
      "gross_profit": [
        20,
        20
      ],
      "op_income": [
        20,
        20
      ],
      "fcf": [
        20,
        20
      ]
    },
    "gaps": [],
    "warnings": []
  },
  "market_cap": null,
  "source": "SEC EDGAR",
  "last_updated": "2026-02-24T10:13:15.698179"
}