{
  "ticker": "FORR",
  "name": "FORRESTER RESEARCH, INC.",
  "quarters": [
    {
      "date": "2020-12-31T00:00:00",
      "quarter_label": "2020-12 (Q4)",
      "revenue": 120521000,
      "gross_profit": 78191000,
      "operating_income": 4049000,
      "net_income": 2426000,
      "opex": 116472000,
      "cogs": 42330000,
      "rd": null,
      "sga": 66642000,
      "fcf": 16929000,
      "ocf": 18555000,
      "capex": -1626000,
      "gross_margin": 0.6487749022991843,
      "op_margin": 0.03359580488047726,
      "fcf_margin": 0.14046514715277836
    },
    {
      "date": "2021-03-31T00:00:00",
      "quarter_label": "2021-03 (Q1)",
      "revenue": 113781000,
      "gross_profit": 70025000,
      "operating_income": 7536000,
      "net_income": 3956000,
      "opex": 106245000,
      "cogs": 43756000,
      "rd": null,
      "sga": 58468000,
      "fcf": 39083000,
      "ocf": 40551000,
      "capex": -1468000,
      "gross_margin": 0.6154366722036192,
      "op_margin": 0.06623249927492288,
      "fcf_margin": 0.3434932018526819,
      "fcf_margin_change": 0.20302805469990354
    },
    {
      "date": "2021-06-30T00:00:00",
      "quarter_label": "2021-06 (Q2)",
      "revenue": 128670000,
      "gross_profit": 83370000,
      "operating_income": -13083000,
      "net_income": 8343000,
      "opex": 115587000,
      "cogs": 45300000,
      "rd": null,
      "sga": 66103000,
      "fcf": 25767000,
      "ocf": 29542000,
      "capex": -3775000,
      "gross_margin": 0.6479365819538354,
      "op_margin": -0.10167871298671019,
      "fcf_margin": 0.2002564700396363,
      "op_leverage_ratio": 1.4882106956000507,
      "fcf_margin_change": -0.1432367318130456
    },
    {
      "date": "2021-09-30T00:00:00",
      "quarter_label": "2021-09 (Q3)",
      "revenue": 118136000,
      "gross_profit": 74452000,
      "operating_income": 6539000,
      "net_income": 4522000,
      "opex": 111597000,
      "cogs": 43684000,
      "rd": null,
      "sga": 64217000,
      "fcf": 10297000,
      "ocf": 14899000,
      "capex": -4602000,
      "gross_margin": 0.630222794067854,
      "op_margin": 0.055351459335003725,
      "fcf_margin": 0.08716225367373197,
      "fcf_margin_change": -0.11309421636590432
    },
    {
      "date": "2021-12-31T00:00:00",
      "quarter_label": "2021-12 (Q4)",
      "revenue": 133728000,
      "gross_profit": 88025000,
      "operating_income": 11484000,
      "net_income": 8023000,
      "opex": 122244000,
      "cogs": 45703000,
      "rd": null,
      "sga": 72979000,
      "fcf": 21175000,
      "ocf": 22075000,
      "capex": -900000,
      "gross_margin": 0.6582391122278057,
      "op_margin": 0.08587580760947595,
      "fcf_margin": 0.15834380234505863,
      "incr_op_margin_yoy": 0.5629590368743848,
      "rev_growth_yoy": 0.10958256237502179,
      "op_leverage_ratio": 1.383390630792582,
      "fcf_margin_change": 0.07118154867132666
    },
    {
      "date": "2022-03-31T00:00:00",
      "quarter_label": "2022-03 (Q1)",
      "revenue": 124971000,
      "gross_profit": 74723000,
      "operating_income": 6471000,
      "net_income": 4148000,
      "opex": 118500000,
      "cogs": 50248000,
      "rd": null,
      "sga": 64890000,
      "fcf": 21404000,
      "ocf": 22666000,
      "capex": -1262000,
      "gross_margin": 0.5979227180705924,
      "op_margin": 0.05178001296300742,
      "fcf_margin": 0.17127173504252988,
      "incr_op_margin_yoy": -0.09517426273458444,
      "rev_growth_yoy": 0.09834682416220634,
      "rev_growth_yoy_accel": -0.011235738212815441,
      "fcf_margin_change": 0.01292793269747125
    },
    {
      "date": "2022-06-30T00:00:00",
      "quarter_label": "2022-06 (Q2)",
      "revenue": 148246000,
      "gross_profit": 90239000,
      "operating_income": 20703000,
      "net_income": 13874000,
      "opex": 127543000,
      "cogs": 58007000,
      "rd": null,
      "sga": 66182000,
      "fcf": 10653000,
      "ocf": 12089000,
      "capex": -1436000,
      "gross_margin": 0.6087111962548737,
      "op_margin": 0.1396530091874317,
      "fcf_margin": 0.07186028628091146,
      "incr_op_margin_yoy": 1.7258888434818145,
      "rev_growth_yoy": 0.15214113623999378,
      "rev_growth_yoy_accel": 0.05379431207778744,
      "op_leverage_ratio": 2.440541877505917,
      "fcf_margin_change": -0.09941144876161842
    },
    {
      "date": "2022-09-30T00:00:00",
      "quarter_label": "2022-09 (Q3)",
      "revenue": 127679000,
      "gross_profit": 76497000,
      "operating_income": 8557000,
      "net_income": 5414000,
      "opex": 119122000,
      "cogs": 51182000,
      "rd": null,
      "sga": 64588000,
      "fcf": 1519000,
      "ocf": 3048000,
      "capex": -1529000,
      "gross_margin": 0.5991353315737122,
      "op_margin": 0.06701963517884695,
      "fcf_margin": 0.01189702300299971,
      "incr_op_margin_yoy": 0.21146390024101436,
      "rev_growth_yoy": 0.080779779237489,
      "rev_growth_yoy_accel": -0.07136135700250479,
      "fcf_margin_change": -0.059963263277911745
    },
    {
      "date": "2022-12-31T00:00:00",
      "quarter_label": "2022-12 (Q4)",
      "revenue": 136891000,
      "gross_profit": 84072000,
      "operating_income": -3077000,
      "net_income": -1630000,
      "opex": 139968000,
      "cogs": 52819000,
      "rd": null,
      "sga": 74721000,
      "fcf": 186000,
      "ocf": 1622000,
      "capex": -1436000,
      "gross_margin": 0.6141528661489798,
      "op_margin": -0.022477737762161134,
      "fcf_margin": 0.0013587452790906633,
      "incr_op_margin_yoy": -4.6035409421435345,
      "rev_growth_yoy": 0.023652488633644414,
      "rev_growth_yoy_accel": -0.05712729060384458,
      "op_leverage_ratio": 0.41229085295656054,
      "fcf_margin_change": -0.010538277723909046
    },
    {
      "date": "2023-03-31T00:00:00",
      "quarter_label": "2023-03 (Q1)",
      "revenue": 113670000,
      "gross_profit": 64179000,
      "operating_income": -5140000,
      "net_income": -4075000,
      "opex": 118810000,
      "cogs": 49491000,
      "rd": null,
      "sga": 64664000,
      "fcf": 10650000,
      "ocf": 12282000,
      "capex": -1632000,
      "gross_margin": 0.5646080760095011,
      "op_margin": -0.0452186152898742,
      "fcf_margin": 0.09369226708894167,
      "incr_op_margin_yoy": 1.027431200778692,
      "rev_growth_yoy": -0.0904289795232494,
      "rev_growth_yoy_accel": -0.11408146815689381,
      "fcf_margin_change": 0.09233352180985101
    },
    {
      "date": "2023-06-30T00:00:00",
      "quarter_label": "2023-06 (Q2)",
      "revenue": 135589000,
      "gross_profit": 81100000,
      "operating_income": 8288000,
      "net_income": 5304000,
      "opex": 127301000,
      "cogs": 54489000,
      "rd": null,
      "sga": 59212000,
      "fcf": 2474000,
      "ocf": 3506000,
      "capex": -1032000,
      "gross_margin": 0.5981311168310114,
      "op_margin": 0.06112590254371667,
      "fcf_margin": 0.018246317916645157,
      "incr_op_margin_yoy": 0.9808801453741013,
      "rev_growth_yoy": -0.08537835759480863,
      "rev_growth_yoy_accel": 0.00505062192844076,
      "op_leverage_ratio": 2.6981682756493646,
      "fcf_margin_change": -0.07544594917229651
    },
    {
      "date": "2023-09-30T00:00:00",
      "quarter_label": "2023-09 (Q3)",
      "revenue": 113431000,
      "gross_profit": 66912000,
      "operating_income": 5056000,
      "net_income": 2484000,
      "opex": 108375000,
      "cogs": 46519000,
      "rd": null,
      "sga": 58796000,
      "fcf": -7236000,
      "ocf": -5997000,
      "capex": -1239000,
      "gross_margin": 0.5898916521938448,
      "op_margin": 0.044573352963475595,
      "fcf_margin": -0.0637920850561134,
      "incr_op_margin_yoy": 0.24571869736103313,
      "rev_growth_yoy": -0.11159235269699794,
      "rev_growth_yoy_accel": -0.026213995102189303,
      "fcf_margin_change": -0.08203840297275856
    },
    {
      "date": "2023-12-31T00:00:00",
      "quarter_label": "2023-12 (Q4)",
      "revenue": 118089000,
      "gross_profit": 70559000,
      "operating_income": -1438000,
      "net_income": -663000,
      "opex": 119527000,
      "cogs": 47530000,
      "rd": null,
      "sga": 68084000,
      "fcf": 10290000,
      "ocf": 11882000,
      "capex": -1592000,
      "gross_margin": 0.5975069650856557,
      "op_margin": -0.012177256137320156,
      "fcf_margin": 0.08713766735259,
      "incr_op_margin_yoy": -0.08717157749175619,
      "rev_growth_yoy": -0.1373501545024874,
      "rev_growth_yoy_accel": -0.02575780180548945,
      "op_leverage_ratio": 0.39906539830488974,
      "fcf_margin_change": 0.1509297524087034
    },
    {
      "date": "2024-03-31T00:00:00",
      "quarter_label": "2024-03 (Q1)",
      "revenue": 100077000,
      "gross_profit": 54980000,
      "operating_income": -9292000,
      "net_income": -6673000,
      "opex": 109369000,
      "cogs": 45097000,
      "rd": null,
      "sga": 55134000,
      "fcf": -815000,
      "ocf": 611000,
      "capex": -1426000,
      "gross_margin": 0.5493769797256113,
      "op_margin": -0.09284850664987959,
      "fcf_margin": -0.008143729328417119,
      "incr_op_margin_yoy": 0.30545133524608253,
      "rev_growth_yoy": -0.11958300343098442,
      "rev_growth_yoy_accel": 0.017767151071502965,
      "fcf_margin_change": -0.09528139668100712
    },
    {
      "date": "2024-06-30T00:00:00",
      "quarter_label": "2024-06 (Q2)",
      "revenue": 121825000,
      "gross_profit": 69832000,
      "operating_income": 11314000,
      "net_income": 6292000,
      "opex": 110511000,
      "cogs": 51993000,
      "rd": null,
      "sga": 55923000,
      "fcf": -3736000,
      "ocf": -2906000,
      "capex": -830000,
      "gross_margin": 0.573215678226965,
      "op_margin": 0.09287092140365279,
      "fcf_margin": -0.030666940283193105,
      "incr_op_margin_yoy": -0.21984888113920373,
      "rev_growth_yoy": -0.10151265958152947,
      "rev_growth_yoy_accel": 0.018070343849454953,
      "op_leverage_ratio": 20.811969634519773,
      "fcf_margin_change": -0.022523210954775986
    },
    {
      "date": "2024-09-30T00:00:00",
      "quarter_label": "2024-09 (Q3)",
      "revenue": 102527000,
      "gross_profit": 62019000,
      "operating_income": -731000,
      "net_income": -5798000,
      "opex": 103258000,
      "cogs": 40508000,
      "rd": null,
      "sga": 57634000,
      "fcf": -223000,
      "ocf": 264000,
      "capex": -487000,
      "gross_margin": 0.6049040740487871,
      "op_margin": -0.0071298292157187864,
      "fcf_margin": -0.002175036819569479,
      "incr_op_margin_yoy": 0.5307226705796038,
      "rev_growth_yoy": -0.09612892419179941,
      "rev_growth_yoy_accel": 0.005383735389730054,
      "fcf_margin_change": 0.028491903463623625
    },
    {
      "date": "2024-12-31T00:00:00",
      "quarter_label": "2024-12 (Q4)",
      "revenue": 108041000,
      "gross_profit": 59811000,
      "operating_income": -551000,
      "net_income": 432000,
      "opex": 108592000,
      "cogs": 48230000,
      "rd": null,
      "sga": 63820000,
      "fcf": -2487000,
      "ocf": -1830000,
      "capex": -657000,
      "gross_margin": 0.5535953943410372,
      "op_margin": -0.005099915772715914,
      "fcf_margin": -0.023019039068501772,
      "incr_op_margin_yoy": -0.08827627388535032,
      "rev_growth_yoy": -0.08508836555479342,
      "rev_growth_yoy_accel": 0.011040558637005995,
      "op_leverage_ratio": 1.0411162126538196,
      "fcf_margin_change": -0.020844002248932292
    },
    {
      "date": "2025-03-31T00:00:00",
      "quarter_label": "2025-03 (Q1)",
      "revenue": 89876000,
      "gross_profit": 50275000,
      "operating_income": -87591000,
      "net_income": -87272000,
      "opex": 177467000,
      "cogs": 39601000,
      "rd": null,
      "sga": 54049000,
      "fcf": 26075000,
      "ocf": 26723000,
      "capex": -648000,
      "gross_margin": 0.5593818149450354,
      "op_margin": -0.974576082602697,
      "fcf_margin": 0.2901219457919801,
      "incr_op_margin_yoy": 7.6756200372512495,
      "rev_growth_yoy": -0.1019315127351939,
      "rev_growth_yoy_accel": -0.016843147180400475,
      "fcf_margin_change": 0.31314098486048186
    },
    {
      "date": "2025-06-30T00:00:00",
      "quarter_label": "2025-06 (Q2)",
      "revenue": 111659000,
      "gross_profit": 62005000,
      "operating_income": 6956000,
      "net_income": 3913000,
      "opex": 104703000,
      "cogs": 49654000,
      "rd": null,
      "sga": 55718000,
      "fcf": -4229000,
      "ocf": -3627000,
      "capex": -602000,
      "gross_margin": 0.5553067822566923,
      "op_margin": 0.0622968144081534,
      "fcf_margin": -0.03787424211214501,
      "incr_op_margin_yoy": 0.42868384812118826,
      "rev_growth_yoy": -0.08344756823312129,
      "rev_growth_yoy_accel": 0.018483944502072608,
      "op_leverage_ratio": Infinity,
      "fcf_margin_change": -0.3279961879041251
    },
    {
      "date": "2025-09-30T00:00:00",
      "quarter_label": "2025-09 (Q3)",
      "revenue": 94295000,
      "gross_profit": 56584000,
      "operating_income": 4457000,
      "net_income": -2126000,
      "opex": 89838000,
      "cogs": 37711000,
      "rd": null,
      "sga": 51292000,
      "fcf": 524000,
      "ocf": 1197000,
      "capex": -673000,
      "gross_margin": 0.6000742351132086,
      "op_margin": 0.04726655708149955,
      "fcf_margin": 0.005557028474468423,
      "incr_op_margin_yoy": -0.63022351797862,
      "rev_growth_yoy": -0.08029104528563208,
      "rev_growth_yoy_accel": 0.003156522947489207,
      "fcf_margin_change": 0.04343127058661343
    }
  ],
  "signals": [
    {
      "quarter": "2025-09 (Q3)",
      "signal": "FCF TURNED POSITIVE",
      "detail": "FCF margin: -3.8% -> +0.6%",
      "severity": "HIGH"
    },
    {
      "quarter": "2025-09 (Q3)",
      "signal": "GROSS MARGIN INFLECTION",
      "detail": "GM: +55.9% -> +55.5% -> +60.0% (reversal +4.5%)",
      "severity": "MEDIUM"
    },
    {
      "quarter": "2025-09 (Q3)",
      "signal": "OP MARGIN TURNED POSITIVE (YoY)",
      "detail": "Op margin: -0.7% (year-ago) -> +4.7%",
      "severity": "HIGH"
    },
    {
      "quarter": "2025-06 (Q2)",
      "signal": "INCREMENTAL MARGIN (YoY)",
      "detail": "YoY Incr OPM: +42.9% vs year-ago OPM: +9.3%",
      "severity": "HIGH"
    },
    {
      "quarter": "2025-06 (Q2)",
      "signal": "OP MARGIN TURNED POSITIVE (QoQ)",
      "detail": "Op margin: -97.5% -> +6.2%",
      "severity": "HIGH"
    },
    {
      "quarter": "2025-03 (Q1)",
      "signal": "FCF TURNED POSITIVE",
      "detail": "FCF margin: -2.3% -> +29.0%",
      "severity": "HIGH"
    },
    {
      "quarter": "2024-06 (Q2)",
      "signal": "OPERATING LEVERAGE",
      "detail": "Rev growth +21.7% vs OpEx growth +1.0% (leverage: 20.8x)",
      "severity": "MEDIUM"
    },
    {
      "quarter": "2024-06 (Q2)",
      "signal": "GROSS MARGIN INFLECTION",
      "detail": "GM: +59.8% -> +54.9% -> +57.3% (reversal +2.4%)",
      "severity": "MEDIUM"
    },
    {
      "quarter": "2024-06 (Q2)",
      "signal": "OP MARGIN TURNED POSITIVE (QoQ)",
      "detail": "Op margin: -9.3% -> +9.3%",
      "severity": "HIGH"
    },
    {
      "quarter": "2023-12 (Q4)",
      "signal": "FCF TURNED POSITIVE",
      "detail": "FCF margin: -6.4% -> +8.7%",
      "severity": "HIGH"
    },
    {
      "quarter": "2023-09 (Q3)",
      "signal": "INCREMENTAL MARGIN (YoY)",
      "detail": "YoY Incr OPM: +24.6% vs year-ago OPM: +6.7%",
      "severity": "MEDIUM"
    },
    {
      "quarter": "2023-06 (Q2)",
      "signal": "OPERATING LEVERAGE",
      "detail": "Rev growth +19.3% vs OpEx growth +7.1% (leverage: 2.7x)",
      "severity": "MEDIUM"
    },
    {
      "quarter": "2023-06 (Q2)",
      "signal": "GROSS MARGIN INFLECTION",
      "detail": "GM: +61.4% -> +56.5% -> +59.8% (reversal +3.4%)",
      "severity": "MEDIUM"
    },
    {
      "quarter": "2023-06 (Q2)",
      "signal": "INCREMENTAL MARGIN (YoY)",
      "detail": "YoY Incr OPM: +98.1% vs year-ago OPM: +14.0%",
      "severity": "HIGH"
    },
    {
      "quarter": "2023-06 (Q2)",
      "signal": "OP MARGIN TURNED POSITIVE (QoQ)",
      "detail": "Op margin: -4.5% -> +6.1%",
      "severity": "HIGH"
    },
    {
      "quarter": "2023-03 (Q1)",
      "signal": "FCF MARGIN EXPANSION",
      "detail": "FCF margin: +0.1% -> +9.4% (+9.2%)",
      "severity": "MEDIUM"
    },
    {
      "quarter": "2023-03 (Q1)",
      "signal": "YoY REVENUE GROWTH DECELERATION",
      "detail": "YoY growth: -9.0% vs prior quarter YoY: +2.4% (decel: -11.4%)",
      "severity": "WARNING"
    },
    {
      "quarter": "2022-12 (Q4)",
      "signal": "YoY REVENUE GROWTH DECELERATION",
      "detail": "YoY growth: +2.4% vs prior quarter YoY: +8.1% (decel: -5.7%)",
      "severity": "WARNING"
    },
    {
      "quarter": "2022-09 (Q3)",
      "signal": "YoY REVENUE GROWTH DECELERATION",
      "detail": "YoY growth: +8.1% vs prior quarter YoY: +15.2% (decel: -7.1%)",
      "severity": "WARNING"
    },
    {
      "quarter": "2022-09 (Q3)",
      "signal": "INCREMENTAL MARGIN (YoY)",
      "detail": "YoY Incr OPM: +21.1% vs year-ago OPM: +5.5%",
      "severity": "MEDIUM"
    },
    {
      "quarter": "2022-06 (Q2)",
      "signal": "OPERATING LEVERAGE",
      "detail": "Rev growth +18.6% vs OpEx growth +7.6% (leverage: 2.4x)",
      "severity": "MEDIUM"
    },
    {
      "quarter": "2022-06 (Q2)",
      "signal": "YoY REVENUE GROWTH ACCELERATION",
      "detail": "YoY growth: +15.2% vs prior quarter YoY: +9.8% (accel: +5.4%)",
      "severity": "MEDIUM"
    },
    {
      "quarter": "2022-06 (Q2)",
      "signal": "OP MARGIN TURNED POSITIVE (YoY)",
      "detail": "Op margin: -10.2% (year-ago) -> +14.0%",
      "severity": "HIGH"
    },
    {
      "quarter": "2021-12 (Q4)",
      "signal": "FCF MARGIN EXPANSION",
      "detail": "FCF margin: +8.7% -> +15.8% (+7.1%)",
      "severity": "MEDIUM"
    },
    {
      "quarter": "2021-12 (Q4)",
      "signal": "GROSS MARGIN INFLECTION",
      "detail": "GM: +64.8% -> +63.0% -> +65.8% (reversal +2.8%)",
      "severity": "MEDIUM"
    },
    {
      "quarter": "2021-12 (Q4)",
      "signal": "INCREMENTAL MARGIN (YoY)",
      "detail": "YoY Incr OPM: +56.3% vs year-ago OPM: +3.4%",
      "severity": "HIGH"
    },
    {
      "quarter": "2021-09 (Q3)",
      "signal": "OP MARGIN TURNED POSITIVE (QoQ)",
      "detail": "Op margin: -10.2% -> +5.5%",
      "severity": "HIGH"
    },
    {
      "quarter": "2021-06 (Q2)",
      "signal": "GROSS MARGIN INFLECTION",
      "detail": "GM: +64.9% -> +61.5% -> +64.8% (reversal +3.2%)",
      "severity": "MEDIUM"
    },
    {
      "quarter": "2021-03 (Q1)",
      "signal": "FCF MARGIN EXPANSION",
      "detail": "FCF margin: +14.0% -> +34.3% (+20.3%)",
      "severity": "MEDIUM"
    }
  ],
  "data_quality": {
    "n_quarters": 20,
    "coverage": {
      "revenue": [
        20,
        20
      ],
      "gross_profit": [
        20,
        20
      ],
      "op_income": [
        20,
        20
      ],
      "fcf": [
        20,
        20
      ]
    },
    "gaps": [],
    "warnings": []
  },
  "market_cap": null,
  "source": "SEC EDGAR",
  "last_updated": "2026-02-02T23:09:37.013218",
  "sector": "Industrials",
  "industry": "Consulting Services"
}