{
  "ticker": "FOSL",
  "name": "FOSSIL GROUP,\u00a0INC.",
  "quarters": [
    {
      "date": "2021-01-02T00:00:00",
      "quarter_label": "2021-01 (Q1)",
      "revenue": 528125000,
      "gross_profit": 259634000,
      "operating_income": 18316000,
      "net_income": null,
      "opex": 241318000,
      "cogs": 268491000,
      "rd": null,
      "sga": 230430000,
      "fcf": 3738000,
      "ocf": 5379000,
      "capex": -1641000,
      "gross_margin": 0.491614674556213,
      "op_margin": 0.034681183431952665,
      "fcf_margin": 0.007077869822485207
    },
    {
      "date": "2021-04-03T00:00:00",
      "quarter_label": "2021-04 (Q2)",
      "revenue": 363042000,
      "gross_profit": 182589000,
      "operating_income": -16755000,
      "net_income": null,
      "opex": 199344000,
      "cogs": 180453000,
      "rd": null,
      "sga": 187324000,
      "fcf": -39985000,
      "ocf": -37849000,
      "capex": -2136000,
      "gross_margin": 0.5029418083858066,
      "op_margin": -0.04615168492901648,
      "fcf_margin": -0.11013877182254395,
      "fcf_margin_change": -0.11721664164502915
    },
    {
      "date": "2021-07-03T00:00:00",
      "quarter_label": "2021-07 (Q3)",
      "revenue": 410939000,
      "gross_profit": 221839000,
      "operating_income": 14347000,
      "net_income": null,
      "opex": 207492000,
      "cogs": 189100000,
      "rd": null,
      "sga": 200480000,
      "fcf": 26833000,
      "ocf": 28078000,
      "capex": -1245000,
      "gross_margin": 0.5398343793117714,
      "op_margin": 0.03491272427294562,
      "fcf_margin": 0.06529679587481353,
      "op_leverage_ratio": 3.2277774974595093,
      "fcf_margin_change": 0.17543556769735746
    },
    {
      "date": "2021-10-02T00:00:00",
      "quarter_label": "2021-10 (Q4)",
      "revenue": 491827000,
      "gross_profit": 259522000,
      "operating_income": 47806000,
      "net_income": null,
      "opex": 211716000,
      "cogs": 232305000,
      "rd": null,
      "sga": 205718000,
      "fcf": -30583000,
      "ocf": -27225000,
      "capex": -3358000,
      "gross_margin": 0.5276692820849608,
      "op_margin": 0.09720084501257556,
      "fcf_margin": -0.06218243406726349,
      "op_leverage_ratio": 9.669058435790847,
      "fcf_margin_change": -0.12747922994207703
    },
    {
      "date": "2022-01-01T00:00:00",
      "quarter_label": "2022-01 (Q1)",
      "revenue": 604228000,
      "gross_profit": 302423000,
      "operating_income": 47238000,
      "net_income": null,
      "opex": 255185000,
      "cogs": 301805000,
      "rd": null,
      "sga": 249103000,
      "fcf": 83471000,
      "ocf": 87025000,
      "capex": -3554000,
      "gross_margin": 0.5005113963603143,
      "op_margin": 0.07817909795640056,
      "fcf_margin": 0.13814487246536075,
      "incr_op_margin_yoy": 0.38003758064728066,
      "rev_growth_yoy": 0.1441003550295858,
      "op_leverage_ratio": 1.1130939933141588,
      "fcf_margin_change": 0.20032730653262423
    },
    {
      "date": "2022-04-02T00:00:00",
      "quarter_label": "2022-04 (Q2)",
      "revenue": 375853000,
      "gross_profit": 184313000,
      "operating_income": -14282000,
      "net_income": null,
      "opex": 198595000,
      "cogs": 191540000,
      "rd": null,
      "sga": 195758000,
      "fcf": -117571000,
      "ocf": -115045000,
      "capex": -2526000,
      "gross_margin": 0.4903858689434433,
      "op_margin": -0.03799889850553275,
      "fcf_margin": -0.3128111256262422,
      "incr_op_margin_yoy": 0.1930372336273515,
      "rev_growth_yoy": 0.035287928118509705,
      "rev_growth_yoy_accel": -0.1088124269110761,
      "fcf_margin_change": -0.4509559980916029
    },
    {
      "date": "2022-07-02T00:00:00",
      "quarter_label": "2022-07 (Q3)",
      "revenue": 371168000,
      "gross_profit": 191349000,
      "operating_income": -10936000,
      "net_income": null,
      "opex": 202285000,
      "cogs": 179819000,
      "rd": null,
      "sga": 199233000,
      "fcf": -52670000,
      "ocf": -50734000,
      "capex": -1936000,
      "gross_margin": 0.5155320501767394,
      "op_margin": -0.02946374687473058,
      "fcf_margin": -0.14190339684455555,
      "incr_op_margin_yoy": 0.6357144653139222,
      "rev_growth_yoy": -0.09678078741613719,
      "rev_growth_yoy_accel": -0.13206871553464689,
      "fcf_margin_change": 0.17090772878168664
    },
    {
      "date": "2022-10-01T00:00:00",
      "quarter_label": "2022-10 (Q4)",
      "revenue": 436271000,
      "gross_profit": 219620000,
      "operating_income": 22482000,
      "net_income": null,
      "opex": 197138000,
      "cogs": 216651000,
      "rd": null,
      "sga": 196530000,
      "fcf": -53231000,
      "ocf": -49004000,
      "capex": -4227000,
      "gross_margin": 0.5034027015318461,
      "op_margin": 0.05153218985447119,
      "fcf_margin": -0.12201361080612738,
      "incr_op_margin_yoy": 0.455828353373173,
      "rev_growth_yoy": -0.11295841830562373,
      "rev_growth_yoy_accel": -0.01617763088948654,
      "op_leverage_ratio": Infinity,
      "fcf_margin_change": 0.01988978603842817
    },
    {
      "date": "2022-12-31T00:00:00",
      "quarter_label": "2022-12 (Q4)",
      "revenue": 499147000,
      "gross_profit": 235397000,
      "operating_income": 1264000,
      "net_income": null,
      "opex": 234133000,
      "cogs": 263750000,
      "rd": null,
      "sga": 232168000,
      "fcf": 99354000,
      "ocf": 103927000,
      "capex": -4573000,
      "gross_margin": 0.4715985471213891,
      "op_margin": 0.0025323201381556937,
      "fcf_margin": 0.19904757516322846,
      "incr_op_margin_yoy": 0.4375101112475138,
      "rev_growth_yoy": -0.1739095175993168,
      "rev_growth_yoy_accel": -0.06095109929369308,
      "op_leverage_ratio": 0.7679905471611467,
      "fcf_margin_change": 0.32106118596935584
    },
    {
      "date": "2023-04-01T00:00:00",
      "quarter_label": "2023-04 (Q2)",
      "revenue": 325036000,
      "gross_profit": 160717000,
      "operating_income": -37308000,
      "net_income": null,
      "opex": 198025000,
      "cogs": 164319000,
      "rd": null,
      "sga": 190873000,
      "fcf": -88472000,
      "ocf": -85862000,
      "capex": -2610000,
      "gross_margin": 0.49445907530242805,
      "op_margin": -0.11478113193615476,
      "fcf_margin": -0.2721913880308643,
      "incr_op_margin_yoy": 0.4531160832005038,
      "rev_growth_yoy": -0.13520445493317867,
      "rev_growth_yoy_accel": 0.03870506266613813,
      "fcf_margin_change": -0.47123896319409275
    },
    {
      "date": "2023-07-01T00:00:00",
      "quarter_label": "2023-07 (Q3)",
      "revenue": 321966000,
      "gross_profit": 156667000,
      "operating_income": -35313000,
      "net_income": null,
      "opex": 191980000,
      "cogs": 165299000,
      "rd": null,
      "sga": 187187000,
      "fcf": 855000,
      "ocf": 2814000,
      "capex": -1959000,
      "gross_margin": 0.4865948578421324,
      "op_margin": -0.10967928290564842,
      "fcf_margin": 0.0026555599038407783,
      "incr_op_margin_yoy": 0.49544733953904313,
      "rev_growth_yoy": -0.13255991895853092,
      "rev_growth_yoy_accel": 0.002644535974647755,
      "fcf_margin_change": 0.27484694793470504
    },
    {
      "date": "2023-09-30T00:00:00",
      "quarter_label": "2023-09 (Q3)",
      "revenue": 344121000,
      "gross_profit": 161663000,
      "operating_income": -46395000,
      "net_income": null,
      "opex": 208058000,
      "cogs": 182458000,
      "rd": null,
      "sga": 191433000,
      "fcf": -27517000,
      "ocf": -24914000,
      "capex": -2603000,
      "gross_margin": 0.4697853371343219,
      "op_margin": -0.13482176327512707,
      "fcf_margin": -0.07996315249577911,
      "incr_op_margin_yoy": 0.7474443841562669,
      "rev_growth_yoy": -0.2112219239876132,
      "rev_growth_yoy_accel": -0.07866200502908227,
      "op_leverage_ratio": 0.8216478161628987,
      "fcf_margin_change": -0.08261871239961989
    },
    {
      "date": "2023-12-30T00:00:00",
      "quarter_label": "2023-12 (Q4)",
      "revenue": 421261000,
      "gross_profit": 200534000,
      "operating_income": -24008000,
      "net_income": null,
      "opex": 224542000,
      "cogs": 220727000,
      "rd": null,
      "sga": 207674000,
      "fcf": 47147000,
      "ocf": 48503000,
      "capex": -1356000,
      "gross_margin": 0.4760326733307854,
      "op_margin": -0.056990796679493236,
      "fcf_margin": 0.1119187392139315,
      "incr_op_margin_yoy": 0.32447423156921656,
      "rev_growth_yoy": -0.15603820117119807,
      "rev_growth_yoy_accel": 0.05518372281641512,
      "op_leverage_ratio": 2.8293734363980163,
      "fcf_margin_change": 0.1918818917097106
    },
    {
      "date": "2024-03-30T00:00:00",
      "quarter_label": "2024-03 (Q1)",
      "revenue": 254884000,
      "gross_profit": 133492000,
      "operating_income": -29206000,
      "net_income": null,
      "opex": 162698000,
      "cogs": 121392000,
      "rd": null,
      "sga": 152272000,
      "fcf": -1056000,
      "ocf": 622000,
      "capex": -1678000,
      "gross_margin": 0.5237362878799767,
      "op_margin": -0.11458545848307465,
      "fcf_margin": -0.00414306115723231,
      "incr_op_margin_yoy": -0.11549207435283385,
      "rev_growth_yoy": -0.215828400546401,
      "rev_growth_yoy_accel": -0.05979019937520294,
      "fcf_margin_change": -0.11606180037116381
    },
    {
      "date": "2024-06-29T00:00:00",
      "quarter_label": "2024-06 (Q2)",
      "revenue": 259991000,
      "gross_profit": 136851000,
      "operating_income": -34003000,
      "net_income": null,
      "opex": 170854000,
      "cogs": 123140000,
      "rd": null,
      "sga": 153604000,
      "fcf": 36612000,
      "ocf": 38364000,
      "capex": -1752000,
      "gross_margin": 0.5263682204383998,
      "op_margin": -0.13078529641410663,
      "fcf_margin": 0.14082025916281718,
      "incr_op_margin_yoy": -0.021137555465913675,
      "rev_growth_yoy": -0.19248926905325406,
      "rev_growth_yoy_accel": 0.023339131493146953,
      "op_leverage_ratio": 0.39969460013194014,
      "fcf_margin_change": 0.1449633203200495
    },
    {
      "date": "2024-09-28T00:00:00",
      "quarter_label": "2024-09 (Q3)",
      "revenue": 287819000,
      "gross_profit": 142232000,
      "operating_income": -24460000,
      "net_income": null,
      "opex": 166692000,
      "cogs": 145587000,
      "rd": null,
      "sga": 160858000,
      "fcf": -24109000,
      "ocf": -22815000,
      "capex": -1294000,
      "gross_margin": 0.4941716842876947,
      "op_margin": -0.0849839656172803,
      "fcf_margin": -0.08376444918507812,
      "incr_op_margin_yoy": -0.38959539625590567,
      "rev_growth_yoy": -0.1636110554136481,
      "rev_growth_yoy_accel": 0.028878213639605965,
      "op_leverage_ratio": Infinity,
      "fcf_margin_change": -0.2245847083478953
    },
    {
      "date": "2024-12-28T00:00:00",
      "quarter_label": "2024-12 (Q4)",
      "revenue": 342297000,
      "gross_profit": 184577000,
      "operating_income": -16278000,
      "net_income": null,
      "opex": 200855000,
      "cogs": 157720000,
      "rd": null,
      "sga": 172043000,
      "fcf": 28481000,
      "ocf": 30509000,
      "capex": -2028000,
      "gross_margin": 0.5392305512464322,
      "op_margin": -0.047555193297049055,
      "fcf_margin": 0.08320552035220875,
      "incr_op_margin_yoy": -0.09789271060229979,
      "rev_growth_yoy": -0.1874467372958807,
      "rev_growth_yoy_accel": -0.023835681882232618,
      "op_leverage_ratio": 0.9235500832925454,
      "fcf_margin_change": 0.16696996953728688
    },
    {
      "date": "2025-04-05T00:00:00",
      "quarter_label": "2025-04 (Q2)",
      "revenue": 233293000,
      "gross_profit": 142992000,
      "operating_income": -6747000,
      "net_income": null,
      "opex": 149739000,
      "cogs": 90301000,
      "rd": null,
      "sga": 133839000,
      "fcf": -60641000,
      "ocf": -60356000,
      "capex": -285000,
      "gross_margin": 0.612928806265083,
      "op_margin": -0.028920713437608502,
      "fcf_margin": -0.2599349316096068,
      "incr_op_margin_yoy": -1.0402019359918484,
      "rev_growth_yoy": -0.08470912258125265,
      "rev_growth_yoy_accel": 0.10273761471462806,
      "fcf_margin_change": -0.34314045196181553
    },
    {
      "date": "2025-07-05T00:00:00",
      "quarter_label": "2025-07 (Q3)",
      "revenue": 220388000,
      "gross_profit": 126729000,
      "operating_income": 8488000,
      "net_income": null,
      "opex": 118241000,
      "cogs": 93659000,
      "rd": null,
      "sga": 110946000,
      "fcf": 8619000,
      "ocf": 9423000,
      "capex": -804000,
      "gross_margin": 0.5750267709675663,
      "op_margin": 0.038513893678421694,
      "fcf_margin": 0.03910829990743598,
      "incr_op_margin_yoy": -1.0729237684013837,
      "rev_growth_yoy": -0.15232450354050717,
      "rev_growth_yoy_accel": -0.06761538095925451,
      "fcf_margin_change": 0.29904323151704276
    },
    {
      "date": "2025-10-04T00:00:00",
      "quarter_label": "2025-10 (Q4)",
      "revenue": 270201000,
      "gross_profit": 132426000,
      "operating_income": -21680000,
      "net_income": null,
      "opex": 154106000,
      "cogs": 137775000,
      "rd": null,
      "sga": 146830000,
      "fcf": -22507000,
      "ocf": -22165000,
      "capex": -342000,
      "gross_margin": 0.4901018130946962,
      "op_margin": -0.08023656463151506,
      "fcf_margin": -0.08329724908494048,
      "incr_op_margin_yoy": -0.15779316608014532,
      "rev_growth_yoy": -0.06121208120381212,
      "rev_growth_yoy_accel": 0.09111242233669505,
      "op_leverage_ratio": 0.7451642536290021,
      "fcf_margin_change": -0.12240554899237646
    }
  ],
  "signals": [
    {
      "quarter": "2025-10 (Q4)",
      "signal": "YoY REVENUE GROWTH ACCELERATION",
      "detail": "YoY growth: -6.1% vs prior quarter YoY: -15.2% (accel: +9.1%)",
      "severity": "MEDIUM"
    },
    {
      "quarter": "2025-07 (Q3)",
      "signal": "FCF TURNED POSITIVE",
      "detail": "FCF margin: -26.0% -> +3.9%",
      "severity": "HIGH"
    },
    {
      "quarter": "2025-07 (Q3)",
      "signal": "YoY REVENUE GROWTH DECELERATION",
      "detail": "YoY growth: -15.2% vs prior quarter YoY: -8.5% (decel: -6.8%)",
      "severity": "WARNING"
    },
    {
      "quarter": "2025-07 (Q3)",
      "signal": "OP MARGIN TURNED POSITIVE (YoY)",
      "detail": "Op margin: -13.1% (year-ago) -> +3.9%",
      "severity": "HIGH"
    },
    {
      "quarter": "2025-07 (Q3)",
      "signal": "OP MARGIN TURNED POSITIVE (QoQ)",
      "detail": "Op margin: -2.9% -> +3.9%",
      "severity": "HIGH"
    },
    {
      "quarter": "2025-04 (Q2)",
      "signal": "YoY REVENUE GROWTH ACCELERATION",
      "detail": "YoY growth: -8.5% vs prior quarter YoY: -18.7% (accel: +10.3%)",
      "severity": "MEDIUM"
    },
    {
      "quarter": "2024-12 (Q4)",
      "signal": "FCF TURNED POSITIVE",
      "detail": "FCF margin: -8.4% -> +8.3%",
      "severity": "HIGH"
    },
    {
      "quarter": "2024-12 (Q4)",
      "signal": "GROSS MARGIN INFLECTION",
      "detail": "GM: +52.6% -> +49.4% -> +53.9% (reversal +4.5%)",
      "severity": "MEDIUM"
    },
    {
      "quarter": "2024-06 (Q2)",
      "signal": "FCF TURNED POSITIVE",
      "detail": "FCF margin: -0.4% -> +14.1%",
      "severity": "HIGH"
    },
    {
      "quarter": "2024-03 (Q1)",
      "signal": "YoY REVENUE GROWTH DECELERATION",
      "detail": "YoY growth: -21.6% vs prior quarter YoY: -15.6% (decel: -6.0%)",
      "severity": "WARNING"
    },
    {
      "quarter": "2023-12 (Q4)",
      "signal": "FCF TURNED POSITIVE",
      "detail": "FCF margin: -8.0% -> +11.2%",
      "severity": "HIGH"
    },
    {
      "quarter": "2023-12 (Q4)",
      "signal": "OPERATING LEVERAGE",
      "detail": "Rev growth +22.4% vs OpEx growth +7.9% (leverage: 2.8x)",
      "severity": "MEDIUM"
    },
    {
      "quarter": "2023-12 (Q4)",
      "signal": "YoY REVENUE GROWTH ACCELERATION",
      "detail": "YoY growth: -15.6% vs prior quarter YoY: -21.1% (accel: +5.5%)",
      "severity": "MEDIUM"
    },
    {
      "quarter": "2023-09 (Q3)",
      "signal": "YoY REVENUE GROWTH DECELERATION",
      "detail": "YoY growth: -21.1% vs prior quarter YoY: -13.3% (decel: -7.9%)",
      "severity": "WARNING"
    },
    {
      "quarter": "2023-07 (Q3)",
      "signal": "FCF TURNED POSITIVE",
      "detail": "FCF margin: -27.2% -> +0.3%",
      "severity": "HIGH"
    },
    {
      "quarter": "2023-04 (Q2)",
      "signal": "GROSS MARGIN INFLECTION",
      "detail": "GM: +50.3% -> +47.2% -> +49.4% (reversal +2.3%)",
      "severity": "MEDIUM"
    },
    {
      "quarter": "2022-12 (Q4)",
      "signal": "FCF TURNED POSITIVE",
      "detail": "FCF margin: -12.2% -> +19.9%",
      "severity": "HIGH"
    },
    {
      "quarter": "2022-12 (Q4)",
      "signal": "YoY REVENUE GROWTH DECELERATION",
      "detail": "YoY growth: -17.4% vs prior quarter YoY: -11.3% (decel: -6.1%)",
      "severity": "WARNING"
    },
    {
      "quarter": "2022-12 (Q4)",
      "signal": "INCREMENTAL MARGIN (YoY)",
      "detail": "YoY Incr OPM: +43.8% vs year-ago OPM: +7.8%",
      "severity": "HIGH"
    },
    {
      "quarter": "2022-10 (Q4)",
      "signal": "INCREMENTAL MARGIN (YoY)",
      "detail": "YoY Incr OPM: +45.6% vs year-ago OPM: +9.7%",
      "severity": "HIGH"
    },
    {
      "quarter": "2022-10 (Q4)",
      "signal": "OP MARGIN TURNED POSITIVE (QoQ)",
      "detail": "Op margin: -2.9% -> +5.2%",
      "severity": "HIGH"
    },
    {
      "quarter": "2022-07 (Q3)",
      "signal": "FCF MARGIN EXPANSION",
      "detail": "FCF margin: -31.3% -> -14.2% (+17.1%)",
      "severity": "MEDIUM"
    },
    {
      "quarter": "2022-07 (Q3)",
      "signal": "GROSS MARGIN INFLECTION",
      "detail": "GM: +50.1% -> +49.0% -> +51.6% (reversal +2.5%)",
      "severity": "MEDIUM"
    },
    {
      "quarter": "2022-07 (Q3)",
      "signal": "YoY REVENUE GROWTH DECELERATION",
      "detail": "YoY growth: -9.7% vs prior quarter YoY: +3.5% (decel: -13.2%)",
      "severity": "WARNING"
    },
    {
      "quarter": "2022-04 (Q2)",
      "signal": "YoY REVENUE GROWTH DECELERATION",
      "detail": "YoY growth: +3.5% vs prior quarter YoY: +14.4% (decel: -10.9%)",
      "severity": "WARNING"
    },
    {
      "quarter": "2022-01 (Q1)",
      "signal": "FCF TURNED POSITIVE",
      "detail": "FCF margin: -6.2% -> +13.8%",
      "severity": "HIGH"
    },
    {
      "quarter": "2022-01 (Q1)",
      "signal": "INCREMENTAL MARGIN (YoY)",
      "detail": "YoY Incr OPM: +38.0% vs year-ago OPM: +3.5%",
      "severity": "HIGH"
    },
    {
      "quarter": "2021-10 (Q4)",
      "signal": "OPERATING LEVERAGE",
      "detail": "Rev growth +19.7% vs OpEx growth +2.0% (leverage: 9.7x)",
      "severity": "MEDIUM"
    },
    {
      "quarter": "2021-07 (Q3)",
      "signal": "FCF TURNED POSITIVE",
      "detail": "FCF margin: -11.0% -> +6.5%",
      "severity": "HIGH"
    },
    {
      "quarter": "2021-07 (Q3)",
      "signal": "OPERATING LEVERAGE",
      "detail": "Rev growth +13.2% vs OpEx growth +4.1% (leverage: 3.2x)",
      "severity": "MEDIUM"
    },
    {
      "quarter": "2021-07 (Q3)",
      "signal": "OP MARGIN TURNED POSITIVE (QoQ)",
      "detail": "Op margin: -4.6% -> +3.5%",
      "severity": "HIGH"
    }
  ],
  "data_quality": {
    "n_quarters": 20,
    "coverage": {
      "revenue": [
        20,
        20
      ],
      "gross_profit": [
        20,
        20
      ],
      "op_income": [
        20,
        20
      ],
      "fcf": [
        20,
        20
      ]
    },
    "gaps": [],
    "warnings": []
  },
  "market_cap": null,
  "source": "SEC EDGAR",
  "last_updated": "2026-02-02T22:57:18.525369",
  "sector": "Consumer Cyclical",
  "industry": "Footwear & Accessories"
}