{
  "ticker": "FOUR-PA",
  "name": "SHIFT4 PAYMENTS, INC.",
  "quarters": [
    {
      "date": "2020-12-31T00:00:00",
      "quarter_label": "2020-12 (Q4)",
      "revenue": 210900000,
      "gross_profit": 51300000,
      "operating_income": -5500000,
      "net_income": -12400000,
      "opex": 56800000,
      "cogs": 159600000,
      "rd": null,
      "sga": null,
      "fcf": -15200000,
      "ocf": -13000000,
      "capex": -2200000,
      "gross_margin": 0.24324324324324326,
      "op_margin": -0.026078710289236605,
      "fcf_margin": -0.07207207207207207
    },
    {
      "date": "2021-03-31T00:00:00",
      "quarter_label": "2021-03 (Q1)",
      "revenue": 239300000,
      "gross_profit": 51800000,
      "operating_income": -43500000,
      "net_income": -32800000,
      "opex": 95300000,
      "cogs": 187500000,
      "rd": null,
      "sga": null,
      "fcf": -7800000,
      "ocf": -7100000,
      "capex": -700000,
      "gross_margin": 0.21646468867530297,
      "op_margin": -0.18178019222732972,
      "fcf_margin": -0.0325950689511074,
      "op_leverage_ratio": 0.19866866182655654,
      "fcf_margin_change": 0.03947700312096467
    },
    {
      "date": "2021-06-30T00:00:00",
      "quarter_label": "2021-06 (Q2)",
      "revenue": 351000000,
      "gross_profit": 78100000,
      "operating_income": 4900000,
      "net_income": 3200000,
      "opex": 73200000,
      "cogs": 272900000,
      "rd": null,
      "sga": null,
      "fcf": -4900000,
      "ocf": -600000,
      "capex": -4300000,
      "gross_margin": 0.2225071225071225,
      "op_margin": 0.01396011396011396,
      "fcf_margin": -0.01396011396011396,
      "op_leverage_ratio": Infinity,
      "fcf_margin_change": 0.01863495499099344
    },
    {
      "date": "2021-09-30T00:00:00",
      "quarter_label": "2021-09 (Q3)",
      "revenue": 377800000,
      "gross_profit": 64400000,
      "operating_income": -5600000,
      "net_income": -9200000,
      "opex": 70000000,
      "cogs": 313400000,
      "rd": null,
      "sga": null,
      "fcf": 12700000,
      "ocf": 14000000,
      "capex": -1300000,
      "gross_margin": 0.17046056114346214,
      "op_margin": -0.014822657490735839,
      "fcf_margin": 0.033615669666490204,
      "op_leverage_ratio": Infinity,
      "fcf_margin_change": 0.04757578362660417
    },
    {
      "date": "2021-12-31T00:00:00",
      "quarter_label": "2021-12 (Q4)",
      "revenue": 399400000,
      "gross_profit": 84100000,
      "operating_income": -5000000,
      "net_income": -9400000,
      "opex": 89100000,
      "cogs": 315300000,
      "rd": null,
      "sga": null,
      "fcf": -5200000,
      "ocf": -3300000,
      "capex": -1900000,
      "gross_margin": 0.21056584877315973,
      "op_margin": -0.012518778167250876,
      "fcf_margin": -0.013019529293940912,
      "incr_op_margin_yoy": 0.002652519893899204,
      "rev_growth_yoy": 0.8937885253674728,
      "op_leverage_ratio": 0.20953494882192022,
      "fcf_margin_change": -0.04663519896043111
    },
    {
      "date": "2022-03-31T00:00:00",
      "quarter_label": "2022-03 (Q1)",
      "revenue": 401900000,
      "gross_profit": 84600000,
      "operating_income": -11700000,
      "net_income": -7500000,
      "opex": 96300000,
      "cogs": 317300000,
      "rd": null,
      "sga": null,
      "fcf": 29800000,
      "ocf": 30800000,
      "capex": -1000000,
      "gross_margin": 0.21050012440905697,
      "op_margin": -0.029111719333167453,
      "fcf_margin": 0.07414779795969147,
      "incr_op_margin_yoy": 0.19557195571955718,
      "rev_growth_yoy": 0.6794818219807772,
      "rev_growth_yoy_accel": -0.21430670338669555,
      "fcf_margin_change": 0.08716732725363238
    },
    {
      "date": "2022-06-30T00:00:00",
      "quarter_label": "2022-06 (Q2)",
      "revenue": 506700000,
      "gross_profit": 105800000,
      "operating_income": 22900000,
      "net_income": 10300000,
      "opex": 82900000,
      "cogs": 400900000,
      "rd": null,
      "sga": null,
      "fcf": 39200000,
      "ocf": 40000000,
      "capex": -800000,
      "gross_margin": 0.2088020524965463,
      "op_margin": 0.04519439510558516,
      "fcf_margin": 0.07736333135977896,
      "incr_op_margin_yoy": 0.11560693641618497,
      "rev_growth_yoy": 0.44358974358974357,
      "rev_growth_yoy_accel": -0.23589207839103365,
      "op_leverage_ratio": Infinity,
      "fcf_margin_change": 0.0032155334000874974
    },
    {
      "date": "2022-09-30T00:00:00",
      "quarter_label": "2022-09 (Q3)",
      "revenue": 547300000,
      "gross_profit": 135700000,
      "operating_income": 53500000,
      "net_income": 43100000,
      "opex": 82200000,
      "cogs": 411600000,
      "rd": null,
      "sga": null,
      "fcf": 60100000,
      "ocf": 65100000,
      "capex": -5000000,
      "gross_margin": 0.24794445459528594,
      "op_margin": 0.09775260369084597,
      "fcf_margin": 0.10981180339850173,
      "incr_op_margin_yoy": 0.3486725663716814,
      "rev_growth_yoy": 0.4486500794070937,
      "rev_growth_yoy_accel": 0.005060335817350159,
      "op_leverage_ratio": Infinity,
      "fcf_margin_change": 0.03244847203872277
    },
    {
      "date": "2022-12-31T00:00:00",
      "quarter_label": "2022-12 (Q4)",
      "revenue": 537700000,
      "gross_profit": 144100000,
      "operating_income": 30000000,
      "net_income": 29200000,
      "opex": 114100000,
      "cogs": 393600000,
      "rd": null,
      "sga": null,
      "fcf": 138300000,
      "ocf": 139500000,
      "capex": -1200000,
      "gross_margin": 0.2679933048168123,
      "op_margin": 0.055793193230425885,
      "fcf_margin": 0.25720662079226336,
      "incr_op_margin_yoy": 0.2530730296456978,
      "rev_growth_yoy": 0.34626940410615925,
      "rev_growth_yoy_accel": -0.10238067530093448,
      "fcf_margin_change": 0.14739481739376165
    },
    {
      "date": "2023-03-31T00:00:00",
      "quarter_label": "2023-03 (Q1)",
      "revenue": 547000000,
      "gross_profit": 145400000,
      "operating_income": 8800000,
      "net_income": 14800000,
      "opex": 136600000,
      "cogs": 401600000,
      "rd": null,
      "sga": null,
      "fcf": 76700000,
      "ocf": 79400000,
      "capex": -2700000,
      "gross_margin": 0.2658135283363803,
      "op_margin": 0.016087751371115174,
      "fcf_margin": 0.14021937842778792,
      "incr_op_margin_yoy": 0.14128187456926258,
      "rev_growth_yoy": 0.3610350833540682,
      "rev_growth_yoy_accel": 0.014765679247908947,
      "op_leverage_ratio": 0.08770937945570641,
      "fcf_margin_change": -0.11698724236447544
    },
    {
      "date": "2023-06-30T00:00:00",
      "quarter_label": "2023-06 (Q2)",
      "revenue": 637000000,
      "gross_profit": 166900000,
      "operating_income": 33900000,
      "net_income": 25100000,
      "opex": 133000000,
      "cogs": 470100000,
      "rd": null,
      "sga": null,
      "fcf": 88500000,
      "ocf": 91900000,
      "capex": -3400000,
      "gross_margin": 0.26200941915227627,
      "op_margin": 0.053218210361067504,
      "fcf_margin": 0.1389324960753532,
      "incr_op_margin_yoy": 0.0844205679201842,
      "rev_growth_yoy": 0.2571541345964081,
      "rev_growth_yoy_accel": -0.10388094875766007,
      "op_leverage_ratio": Infinity,
      "fcf_margin_change": -0.0012868823524347095
    },
    {
      "date": "2023-09-30T00:00:00",
      "quarter_label": "2023-09 (Q3)",
      "revenue": 675400000,
      "gross_profit": 180300000,
      "operating_income": 44700000,
      "net_income": 32600000,
      "opex": 135600000,
      "cogs": 495100000,
      "rd": null,
      "sga": null,
      "fcf": 106500000,
      "ocf": 111700000,
      "capex": -5200000,
      "gross_margin": 0.26695291679005034,
      "op_margin": 0.06618300266508735,
      "fcf_margin": 0.15768433520876518,
      "incr_op_margin_yoy": -0.06869633099141297,
      "rev_growth_yoy": 0.23405810341677324,
      "rev_growth_yoy_accel": -0.02309603117963488,
      "op_leverage_ratio": 3.0836855452240064,
      "fcf_margin_change": 0.01875183913341197
    },
    {
      "date": "2023-12-31T00:00:00",
      "quarter_label": "2023-12 (Q4)",
      "revenue": 705400000,
      "gross_profit": 195200000,
      "operating_income": 27400000,
      "net_income": 13700000,
      "opex": 167800000,
      "cogs": 510200000,
      "rd": null,
      "sga": null,
      "fcf": 60600000,
      "ocf": 63000000,
      "capex": -2400000,
      "gross_margin": 0.27672242699177774,
      "op_margin": 0.038843209526509784,
      "fcf_margin": 0.08590870428125887,
      "incr_op_margin_yoy": -0.015503875968992248,
      "rev_growth_yoy": 0.31188395015808074,
      "rev_growth_yoy_accel": 0.07782584674130749,
      "op_leverage_ratio": 0.18705271502325746,
      "fcf_margin_change": -0.07177563092750631
    },
    {
      "date": "2024-03-31T00:00:00",
      "quarter_label": "2024-03 (Q1)",
      "revenue": 707400000,
      "gross_profit": 187800000,
      "operating_income": 21400000,
      "net_income": 20600000,
      "opex": 166400000,
      "cogs": 519600000,
      "rd": null,
      "sga": null,
      "fcf": 113700000,
      "ocf": 115000000,
      "capex": -1300000,
      "gross_margin": 0.26547921967769295,
      "op_margin": 0.030251625671473,
      "fcf_margin": 0.16072943172179813,
      "incr_op_margin_yoy": 0.07855361596009976,
      "rev_growth_yoy": 0.293235831809872,
      "rev_growth_yoy_accel": -0.01864811834820873,
      "fcf_margin_change": 0.07482072744053926
    },
    {
      "date": "2024-06-30T00:00:00",
      "quarter_label": "2024-06 (Q2)",
      "revenue": 827000000,
      "gross_profit": 231800000,
      "operating_income": 59200000,
      "net_income": 39200000,
      "opex": 172600000,
      "cogs": 595200000,
      "rd": null,
      "sga": null,
      "fcf": 109600000,
      "ocf": 111800000,
      "capex": -2200000,
      "gross_margin": 0.2802902055622733,
      "op_margin": 0.07158403869407497,
      "fcf_margin": 0.13252720677146312,
      "incr_op_margin_yoy": 0.13315789473684211,
      "rev_growth_yoy": 0.29827315541601257,
      "rev_growth_yoy_accel": 0.005037323606140565,
      "op_leverage_ratio": 4.537616168249017,
      "fcf_margin_change": -0.028202224950335003
    },
    {
      "date": "2024-09-30T00:00:00",
      "quarter_label": "2024-09 (Q3)",
      "revenue": 909200000,
      "gross_profit": 267300000,
      "operating_income": 80400000,
      "net_income": 53800000,
      "opex": 186900000,
      "cogs": 641900000,
      "rd": null,
      "sga": null,
      "fcf": 140500000,
      "ocf": 142500000,
      "capex": -2000000,
      "gross_margin": 0.293994720633524,
      "op_margin": 0.08842938847338319,
      "fcf_margin": 0.15453145622525297,
      "incr_op_margin_yoy": 0.15269461077844312,
      "rev_growth_yoy": 0.34616523541604977,
      "rev_growth_yoy_accel": 0.047892080000037196,
      "op_leverage_ratio": 1.199695588571042,
      "fcf_margin_change": 0.022004249453789843
    },
    {
      "date": "2024-12-31T00:00:00",
      "quarter_label": "2024-12 (Q4)",
      "revenue": 887000000,
      "gross_profit": 286200000,
      "operating_income": 86000000,
      "net_income": 116000000,
      "opex": 200200000,
      "cogs": 600800000,
      "rd": null,
      "sga": null,
      "fcf": 129400000,
      "ocf": 131000000,
      "capex": -1600000,
      "gross_margin": 0.3226606538895152,
      "op_margin": 0.09695603156708005,
      "fcf_margin": 0.1458850056369786,
      "incr_op_margin_yoy": 0.32268722466960353,
      "rev_growth_yoy": 0.25744258576694073,
      "rev_growth_yoy_accel": -0.08872264964910903,
      "fcf_margin_change": -0.008646450588274374
    },
    {
      "date": "2025-03-31T00:00:00",
      "quarter_label": "2025-03 (Q1)",
      "revenue": 848300000,
      "gross_profit": 257000000,
      "operating_income": 25400000,
      "net_income": 16700000,
      "opex": 231600000,
      "cogs": 591300000,
      "rd": null,
      "sga": null,
      "fcf": 95100000,
      "ocf": 96600000,
      "capex": -1500000,
      "gross_margin": 0.3029588588942591,
      "op_margin": 0.029942237416008488,
      "fcf_margin": 0.11210656607332312,
      "incr_op_margin_yoy": 0.028388928317955996,
      "rev_growth_yoy": 0.19918009612666102,
      "rev_growth_yoy_accel": -0.05826248964027972,
      "fcf_margin_change": -0.03377843956365548
    },
    {
      "date": "2025-06-30T00:00:00",
      "quarter_label": "2025-06 (Q2)",
      "revenue": 966200000,
      "gross_profit": 292500000,
      "operating_income": 83100000,
      "net_income": 34000000,
      "opex": 209400000,
      "cogs": 673700000,
      "rd": null,
      "sga": null,
      "fcf": 141000000,
      "ocf": 141900000,
      "capex": -900000,
      "gross_margin": 0.3027323535499897,
      "op_margin": 0.08600703788035603,
      "fcf_margin": 0.1459325191471745,
      "incr_op_margin_yoy": 0.17169540229885058,
      "rev_growth_yoy": 0.16831922611850061,
      "rev_growth_yoy_accel": -0.0308608700081604,
      "op_leverage_ratio": Infinity,
      "fcf_margin_change": 0.03382595307385139
    },
    {
      "date": "2025-09-30T00:00:00",
      "quarter_label": "2025-09 (Q3)",
      "revenue": 1176900000,
      "gross_profit": 429000000,
      "operating_income": 114600000,
      "net_income": 28100000,
      "opex": 314400000,
      "cogs": 747900000,
      "rd": null,
      "sga": null,
      "fcf": 165400000,
      "ocf": 171800000,
      "capex": -6400000,
      "gross_margin": 0.36451695131277084,
      "op_margin": 0.09737445832271222,
      "fcf_margin": 0.14053870337326876,
      "incr_op_margin_yoy": 0.12775494957041464,
      "rev_growth_yoy": 0.2944346678398592,
      "rev_growth_yoy_accel": 0.1261154417213586,
      "op_leverage_ratio": 0.4348954667770648,
      "fcf_margin_change": -0.005393815773905741
    }
  ],
  "signals": [
    {
      "quarter": "2025-09 (Q3)",
      "signal": "GROSS MARGIN INFLECTION",
      "detail": "GM: +30.3% -> +30.3% -> +36.5% (reversal +6.2%)",
      "severity": "HIGH"
    },
    {
      "quarter": "2025-09 (Q3)",
      "signal": "YoY REVENUE GROWTH ACCELERATION",
      "detail": "YoY growth: +29.4% vs prior quarter YoY: +16.8% (accel: +12.6%)",
      "severity": "MEDIUM"
    },
    {
      "quarter": "2025-06 (Q2)",
      "signal": "INCREMENTAL MARGIN (YoY)",
      "detail": "YoY Incr OPM: +17.2% vs year-ago OPM: +7.2%",
      "severity": "MEDIUM"
    },
    {
      "quarter": "2025-03 (Q1)",
      "signal": "YoY REVENUE GROWTH DECELERATION",
      "detail": "YoY growth: +19.9% vs prior quarter YoY: +25.7% (decel: -5.8%)",
      "severity": "WARNING"
    },
    {
      "quarter": "2024-12 (Q4)",
      "signal": "YoY REVENUE GROWTH DECELERATION",
      "detail": "YoY growth: +25.7% vs prior quarter YoY: +34.6% (decel: -8.9%)",
      "severity": "WARNING"
    },
    {
      "quarter": "2024-12 (Q4)",
      "signal": "INCREMENTAL MARGIN (YoY)",
      "detail": "YoY Incr OPM: +32.3% vs year-ago OPM: +3.9%",
      "severity": "HIGH"
    },
    {
      "quarter": "2024-06 (Q2)",
      "signal": "OPERATING LEVERAGE",
      "detail": "Rev growth +16.9% vs OpEx growth +3.7% (leverage: 4.5x)",
      "severity": "MEDIUM"
    },
    {
      "quarter": "2024-03 (Q1)",
      "signal": "FCF MARGIN EXPANSION",
      "detail": "FCF margin: +8.6% -> +16.1% (+7.5%)",
      "severity": "MEDIUM"
    },
    {
      "quarter": "2023-12 (Q4)",
      "signal": "YoY REVENUE GROWTH ACCELERATION",
      "detail": "YoY growth: +31.2% vs prior quarter YoY: +23.4% (accel: +7.8%)",
      "severity": "MEDIUM"
    },
    {
      "quarter": "2023-09 (Q3)",
      "signal": "OPERATING LEVERAGE",
      "detail": "Rev growth +6.0% vs OpEx growth +2.0% (leverage: 3.1x)",
      "severity": "MEDIUM"
    },
    {
      "quarter": "2023-06 (Q2)",
      "signal": "YoY REVENUE GROWTH DECELERATION",
      "detail": "YoY growth: +25.7% vs prior quarter YoY: +36.1% (decel: -10.4%)",
      "severity": "WARNING"
    },
    {
      "quarter": "2023-03 (Q1)",
      "signal": "OP MARGIN TURNED POSITIVE (YoY)",
      "detail": "Op margin: -2.9% (year-ago) -> +1.6%",
      "severity": "HIGH"
    },
    {
      "quarter": "2022-12 (Q4)",
      "signal": "FCF MARGIN EXPANSION",
      "detail": "FCF margin: +11.0% -> +25.7% (+14.7%)",
      "severity": "MEDIUM"
    },
    {
      "quarter": "2022-12 (Q4)",
      "signal": "YoY REVENUE GROWTH DECELERATION",
      "detail": "YoY growth: +34.6% vs prior quarter YoY: +44.9% (decel: -10.2%)",
      "severity": "WARNING"
    },
    {
      "quarter": "2022-12 (Q4)",
      "signal": "OP MARGIN TURNED POSITIVE (YoY)",
      "detail": "Op margin: -1.3% (year-ago) -> +5.6%",
      "severity": "HIGH"
    },
    {
      "quarter": "2022-09 (Q3)",
      "signal": "GROSS MARGIN INFLECTION",
      "detail": "GM: +21.1% -> +20.9% -> +24.8% (reversal +3.9%)",
      "severity": "MEDIUM"
    },
    {
      "quarter": "2022-09 (Q3)",
      "signal": "OP MARGIN TURNED POSITIVE (YoY)",
      "detail": "Op margin: -1.5% (year-ago) -> +9.8%",
      "severity": "HIGH"
    },
    {
      "quarter": "2022-06 (Q2)",
      "signal": "YoY REVENUE GROWTH DECELERATION",
      "detail": "YoY growth: +44.4% vs prior quarter YoY: +67.9% (decel: -23.6%)",
      "severity": "WARNING"
    },
    {
      "quarter": "2022-06 (Q2)",
      "signal": "INCREMENTAL MARGIN (YoY)",
      "detail": "YoY Incr OPM: +11.6% vs year-ago OPM: +1.4%",
      "severity": "MEDIUM"
    },
    {
      "quarter": "2022-06 (Q2)",
      "signal": "OP MARGIN TURNED POSITIVE (QoQ)",
      "detail": "Op margin: -2.9% -> +4.5%",
      "severity": "HIGH"
    },
    {
      "quarter": "2022-03 (Q1)",
      "signal": "FCF TURNED POSITIVE",
      "detail": "FCF margin: -1.3% -> +7.4%",
      "severity": "HIGH"
    },
    {
      "quarter": "2022-03 (Q1)",
      "signal": "YoY REVENUE GROWTH DECELERATION",
      "detail": "YoY growth: +67.9% vs prior quarter YoY: +89.4% (decel: -21.4%)",
      "severity": "WARNING"
    },
    {
      "quarter": "2021-12 (Q4)",
      "signal": "GROSS MARGIN INFLECTION",
      "detail": "GM: +22.3% -> +17.0% -> +21.1% (reversal +4.0%)",
      "severity": "MEDIUM"
    },
    {
      "quarter": "2021-09 (Q3)",
      "signal": "FCF TURNED POSITIVE",
      "detail": "FCF margin: -1.4% -> +3.4%",
      "severity": "HIGH"
    },
    {
      "quarter": "2021-06 (Q2)",
      "signal": "OP MARGIN TURNED POSITIVE (QoQ)",
      "detail": "Op margin: -18.2% -> +1.4%",
      "severity": "HIGH"
    }
  ],
  "data_quality": {
    "n_quarters": 20,
    "coverage": {
      "revenue": [
        20,
        20
      ],
      "gross_profit": [
        20,
        20
      ],
      "op_income": [
        20,
        20
      ],
      "fcf": [
        20,
        20
      ]
    },
    "gaps": [],
    "warnings": []
  },
  "market_cap": null,
  "source": "SEC EDGAR",
  "last_updated": "2026-02-03T01:10:55.968676"
}