{
  "ticker": "FOXF",
  "name": "Fox Factory Holding Corp.",
  "quarters": [
    {
      "date": "2021-01-01T00:00:00",
      "quarter_label": "2021-01 (Q1)",
      "revenue": 262391000,
      "gross_profit": 83472000,
      "operating_income": 37670000,
      "net_income": 31796000,
      "opex": 45801000,
      "cogs": 178919000,
      "rd": 9513000,
      "sga": null,
      "fcf": -28063000,
      "ocf": -17302000,
      "capex": -10761000,
      "gross_margin": 0.3181206672484956,
      "op_margin": 0.14356437530250657,
      "fcf_margin": -0.10695107682809242
    },
    {
      "date": "2021-04-02T00:00:00",
      "quarter_label": "2021-04 (Q2)",
      "revenue": 281136000,
      "gross_profit": 97924000,
      "operating_income": 45856000,
      "net_income": 37986000,
      "opex": 52068000,
      "cogs": 183212000,
      "rd": 9876000,
      "sga": null,
      "fcf": 49143000,
      "ocf": 66028000,
      "capex": -16885000,
      "gross_margin": 0.34831540606681466,
      "op_margin": 0.16310966934152865,
      "fcf_margin": 0.1748015195492573,
      "op_leverage_ratio": 0.522097694804449,
      "fcf_margin_change": 0.28175259637734973
    },
    {
      "date": "2021-07-02T00:00:00",
      "quarter_label": "2021-07 (Q3)",
      "revenue": 328164000,
      "gross_profit": 111088000,
      "operating_income": 52723000,
      "net_income": 44275000,
      "opex": 58365000,
      "cogs": 217076000,
      "rd": 11216000,
      "sga": null,
      "fcf": 4575000,
      "ocf": 15338000,
      "capex": -10763000,
      "gross_margin": 0.3385136699942712,
      "op_margin": 0.16066052339683817,
      "fcf_margin": 0.013941200131641497,
      "op_leverage_ratio": 1.3831753829945608,
      "fcf_margin_change": -0.1608603194176158
    },
    {
      "date": "2021-10-01T00:00:00",
      "quarter_label": "2021-10 (Q4)",
      "revenue": 347435000,
      "gross_profit": 116018000,
      "operating_income": 55249000,
      "net_income": 43823000,
      "opex": 60769000,
      "cogs": 231417000,
      "rd": 12318000,
      "sga": null,
      "fcf": 55282000,
      "ocf": 67617000,
      "capex": -12335000,
      "gross_margin": 0.33392720940607595,
      "op_margin": 0.15901967274454215,
      "fcf_margin": 0.15911465453969809,
      "op_leverage_ratio": 1.425710477570354,
      "fcf_margin_change": 0.1451734544080566
    },
    {
      "date": "2021-12-31T00:00:00",
      "quarter_label": "2021-12 (Q4)",
      "revenue": 342329000,
      "gross_profit": 107302000,
      "operating_income": 43086000,
      "net_income": 37734000,
      "opex": 64216000,
      "cogs": 235027000,
      "rd": 13157000,
      "sga": null,
      "fcf": -100662000,
      "ocf": -85799000,
      "capex": -14863000,
      "gross_margin": 0.31344700565829947,
      "op_margin": 0.12586137896584865,
      "fcf_margin": -0.29405046022977893,
      "incr_op_margin_yoy": 0.06775250819385023,
      "rev_growth_yoy": 0.3046522174922158,
      "fcf_margin_change": -0.453165114769477
    },
    {
      "date": "2022-04-01T00:00:00",
      "quarter_label": "2022-04 (Q2)",
      "revenue": 377977000,
      "gross_profit": 120260000,
      "operating_income": 54155000,
      "net_income": 48050000,
      "opex": 66105000,
      "cogs": 257717000,
      "rd": 12642000,
      "sga": null,
      "fcf": -151316000,
      "ocf": -143125000,
      "capex": -8191000,
      "gross_margin": 0.3181675075467555,
      "op_margin": 0.14327591361379133,
      "fcf_margin": -0.40033123708585444,
      "incr_op_margin_yoy": 0.08569717371774352,
      "rev_growth_yoy": 0.3444631779636902,
      "rev_growth_yoy_accel": 0.039810960471474366,
      "op_leverage_ratio": 3.5399959874708773,
      "fcf_margin_change": -0.10628077685607551
    },
    {
      "date": "2022-07-01T00:00:00",
      "quarter_label": "2022-07 (Q3)",
      "revenue": 406705000,
      "gross_profit": 142944000,
      "operating_income": 70475000,
      "net_income": 53498000,
      "opex": 72469000,
      "cogs": 263761000,
      "rd": 14214000,
      "sga": null,
      "fcf": 46004000,
      "ocf": 57725000,
      "capex": -11721000,
      "gross_margin": 0.35146850911594396,
      "op_margin": 0.1732828462890793,
      "fcf_margin": 0.11311392778549563,
      "incr_op_margin_yoy": 0.22602207764097731,
      "rev_growth_yoy": 0.23933460099218684,
      "rev_growth_yoy_accel": -0.10512857697150335,
      "op_leverage_ratio": 0.7894854981939338,
      "fcf_margin_change": 0.5134451648713501
    },
    {
      "date": "2022-09-30T00:00:00",
      "quarter_label": "2022-09 (Q3)",
      "revenue": 409168000,
      "gross_profit": 137267000,
      "operating_income": 65362000,
      "net_income": 50771000,
      "opex": 71905000,
      "cogs": 271901000,
      "rd": 13955000,
      "sga": null,
      "fcf": 126788000,
      "ocf": 142435000,
      "capex": -15647000,
      "gross_margin": 0.33547833652680564,
      "op_margin": 0.1597436749696946,
      "fcf_margin": 0.30986782935126894,
      "incr_op_margin_yoy": 0.16381837914891548,
      "rev_growth_yoy": 0.17768215637457366,
      "rev_growth_yoy_accel": -0.061652444617613184,
      "fcf_margin_change": 0.19675390156577333
    },
    {
      "date": "2022-12-30T00:00:00",
      "quarter_label": "2022-12 (Q4)",
      "revenue": 408641000,
      "gross_profit": 130872000,
      "operating_income": 56705000,
      "net_income": null,
      "opex": 74167000,
      "cogs": 277769000,
      "rd": 15394000,
      "sga": null,
      "fcf": 121917000,
      "ocf": 130059000,
      "capex": -8142000,
      "gross_margin": 0.3202615498689559,
      "op_margin": 0.13876483270156445,
      "fcf_margin": 0.298347449228051,
      "incr_op_margin_yoy": 0.20537760887923753,
      "rev_growth_yoy": 0.19370839163494766,
      "rev_growth_yoy_accel": 0.016026235260374,
      "fcf_margin_change": -0.011520380123217933
    },
    {
      "date": "2023-03-31T00:00:00",
      "quarter_label": "2023-03 (Q1)",
      "revenue": 399851000,
      "gross_profit": 133298000,
      "operating_income": 54690000,
      "net_income": 41767000,
      "opex": 78608000,
      "cogs": 266553000,
      "rd": 15282000,
      "sga": null,
      "fcf": -77953000,
      "ocf": -66835000,
      "capex": -11118000,
      "gross_margin": 0.3333691800195573,
      "op_margin": 0.13677594904101778,
      "fcf_margin": -0.19495512078249147,
      "incr_op_margin_yoy": 0.02445826094907196,
      "rev_growth_yoy": 0.05787124613402403,
      "rev_growth_yoy_accel": -0.13583714550092363,
      "fcf_margin_change": -0.49330257001054245
    },
    {
      "date": "2023-06-30T00:00:00",
      "quarter_label": "2023-06 (Q2)",
      "revenue": 400715000,
      "gross_profit": 132026000,
      "operating_income": 52784000,
      "net_income": 39735000,
      "opex": 79242000,
      "cogs": 268689000,
      "rd": 15188000,
      "sga": null,
      "fcf": 51418000,
      "ocf": 63527000,
      "capex": -12109000,
      "gross_margin": 0.32947606153999726,
      "op_margin": 0.13172454238049486,
      "fcf_margin": 0.1283156358010057,
      "incr_op_margin_yoy": 2.9534223706176963,
      "rev_growth_yoy": -0.014728119890338206,
      "rev_growth_yoy_accel": -0.07259936602436223,
      "fcf_margin_change": 0.32327075658349713
    },
    {
      "date": "2023-09-29T00:00:00",
      "quarter_label": "2023-09 (Q3)",
      "revenue": 331117000,
      "gross_profit": 107227000,
      "operating_income": 41365000,
      "net_income": 35293000,
      "opex": 65862000,
      "cogs": 223890000,
      "rd": 8904000,
      "sga": null,
      "fcf": 121172000,
      "ocf": 129993000,
      "capex": -8821000,
      "gross_margin": 0.32383417341906334,
      "op_margin": 0.1249256305173096,
      "fcf_margin": 0.3659491962055708,
      "incr_op_margin_yoy": 0.3074528193104509,
      "rev_growth_yoy": -0.19075538654049193,
      "rev_growth_yoy_accel": -0.17602726665015372,
      "fcf_margin_change": 0.23763356040456513
    },
    {
      "date": "2023-12-29T00:00:00",
      "quarter_label": "2023-12 (Q4)",
      "revenue": 332495000,
      "gross_profit": 92261000,
      "operating_income": 11252000,
      "net_income": 4051000,
      "opex": 81009000,
      "cogs": 240234000,
      "rd": 13805000,
      "sga": null,
      "fcf": 37254000,
      "ocf": 52058000,
      "capex": -14804000,
      "gross_margin": 0.27748086437390035,
      "op_margin": 0.033841110392637486,
      "fcf_margin": 0.11204379013218244,
      "incr_op_margin_yoy": 0.5969190765109132,
      "rev_growth_yoy": -0.18633959881656514,
      "rev_growth_yoy_accel": 0.004415787723926784,
      "fcf_margin_change": -0.2539054060733884
    },
    {
      "date": "2024-03-29T00:00:00",
      "quarter_label": "2024-03 (Q1)",
      "revenue": 333472000,
      "gross_profit": 103158000,
      "operating_income": 8875000,
      "net_income": -3496000,
      "opex": 94283000,
      "cogs": 230314000,
      "rd": 14439000,
      "sga": null,
      "fcf": -555000,
      "ocf": 9352000,
      "capex": -9907000,
      "gross_margin": 0.30934531235006235,
      "op_margin": 0.02661392860570003,
      "fcf_margin": -0.0016643076480184244,
      "incr_op_margin_yoy": 0.6902032269241778,
      "rev_growth_yoy": -0.16600933847858326,
      "rev_growth_yoy_accel": 0.02033026033798188,
      "fcf_margin_change": -0.11370809778020086
    },
    {
      "date": "2024-06-28T00:00:00",
      "quarter_label": "2024-06 (Q2)",
      "revenue": 348491000,
      "gross_profit": 110963000,
      "operating_income": 18590000,
      "net_income": 5407000,
      "opex": 92373000,
      "cogs": 237528000,
      "rd": 14789000,
      "sga": null,
      "fcf": 15404000,
      "ocf": 26685000,
      "capex": -11281000,
      "gross_margin": 0.31840994458967375,
      "op_margin": 0.053344275748871565,
      "fcf_margin": 0.04420200234726292,
      "incr_op_margin_yoy": 0.6547564338235294,
      "rev_growth_yoy": -0.13032704041525772,
      "rev_growth_yoy_accel": 0.03568229806332554,
      "op_leverage_ratio": Infinity,
      "fcf_margin_change": 0.045866309995281344
    },
    {
      "date": "2024-09-27T00:00:00",
      "quarter_label": "2024-09 (Q3)",
      "revenue": 359121000,
      "gross_profit": 107479000,
      "operating_income": 18802000,
      "net_income": 4780000,
      "opex": 88677000,
      "cogs": 251642000,
      "rd": 16103000,
      "sga": null,
      "fcf": 3175000,
      "ocf": 14074000,
      "capex": -10899000,
      "gross_margin": 0.2992835283929372,
      "op_margin": 0.052355612732198895,
      "fcf_margin": 0.008841031295858498,
      "incr_op_margin_yoy": -0.8057063276674761,
      "rev_growth_yoy": 0.08457433475176449,
      "rev_growth_yoy_accel": 0.2149013751670222,
      "op_leverage_ratio": Infinity,
      "fcf_margin_change": -0.03536097105140442
    },
    {
      "date": "2025-01-03T00:00:00",
      "quarter_label": "2025-01 (Q1)",
      "revenue": 352837000,
      "gross_profit": 101976000,
      "operating_income": 11403000,
      "net_income": -141000,
      "opex": 90573000,
      "cogs": 250861000,
      "rd": 14983000,
      "sga": null,
      "fcf": 69768000,
      "ocf": 81721000,
      "capex": -11953000,
      "gross_margin": 0.28901730827549266,
      "op_margin": 0.0323180392079062,
      "fcf_margin": 0.19773436459328245,
      "incr_op_margin_yoy": 0.00742306557860584,
      "rev_growth_yoy": 0.06117986736642656,
      "rev_growth_yoy_accel": -0.023394467385337923,
      "fcf_margin_change": 0.18889333329742394
    },
    {
      "date": "2025-04-04T00:00:00",
      "quarter_label": "2025-04 (Q2)",
      "revenue": 355030000,
      "gross_profit": 109679000,
      "operating_income": -250587000,
      "net_income": -259694000,
      "opex": 360266000,
      "cogs": 245351000,
      "rd": 17039000,
      "sga": null,
      "fcf": -6500000,
      "ocf": 680000,
      "capex": -7180000,
      "gross_margin": 0.30892882291637325,
      "op_margin": -0.7058192265442357,
      "fcf_margin": -0.01830831197363603,
      "incr_op_margin_yoy": -12.035532053066147,
      "rev_growth_yoy": 0.06464710680356972,
      "rev_growth_yoy_accel": 0.003467239437143159,
      "fcf_margin_change": -0.21604267656691847
    },
    {
      "date": "2025-07-04T00:00:00",
      "quarter_label": "2025-07 (Q3)",
      "revenue": 374864000,
      "gross_profit": 116991000,
      "operating_income": 18528000,
      "net_income": 2744000,
      "opex": 98463000,
      "cogs": 257873000,
      "rd": 17847000,
      "sga": null,
      "fcf": 24556000,
      "ocf": 36788000,
      "capex": -12232000,
      "gross_margin": 0.3120891843441888,
      "op_margin": 0.049425925135515816,
      "fcf_margin": 0.06550642366298177,
      "incr_op_margin_yoy": -0.0023508891669510486,
      "rev_growth_yoy": 0.07567770760220494,
      "rev_growth_yoy_accel": 0.011030600798635215,
      "op_leverage_ratio": Infinity,
      "fcf_margin_change": 0.0838147356366178
    },
    {
      "date": "2025-10-03T00:00:00",
      "quarter_label": "2025-10 (Q4)",
      "revenue": 376355000,
      "gross_profit": 114452000,
      "operating_income": 15101000,
      "net_income": -634000,
      "opex": 99351000,
      "cogs": 261903000,
      "rd": 18621000,
      "sga": null,
      "fcf": -2459000,
      "ocf": 5298000,
      "capex": -7757000,
      "gross_margin": 0.30410649519735355,
      "op_margin": 0.040124350679544576,
      "fcf_margin": -0.006533724807694863,
      "incr_op_margin_yoy": -0.21474991296274806,
      "rev_growth_yoy": 0.047989396331598544,
      "rev_growth_yoy_accel": -0.02768831127060639,
      "fcf_margin_change": -0.07204014847067663
    }
  ],
  "signals": [
    {
      "quarter": "2025-07 (Q3)",
      "signal": "FCF TURNED POSITIVE",
      "detail": "FCF margin: -1.8% -> +6.6%",
      "severity": "HIGH"
    },
    {
      "quarter": "2025-07 (Q3)",
      "signal": "OP MARGIN TURNED POSITIVE (QoQ)",
      "detail": "Op margin: -70.6% -> +4.9%",
      "severity": "HIGH"
    },
    {
      "quarter": "2025-01 (Q1)",
      "signal": "FCF MARGIN EXPANSION",
      "detail": "FCF margin: +0.9% -> +19.8% (+18.9%)",
      "severity": "MEDIUM"
    },
    {
      "quarter": "2024-09 (Q3)",
      "signal": "YoY REVENUE GROWTH ACCELERATION",
      "detail": "YoY growth: +8.5% vs prior quarter YoY: -13.0% (accel: +21.5%)",
      "severity": "HIGH"
    },
    {
      "quarter": "2024-06 (Q2)",
      "signal": "FCF TURNED POSITIVE",
      "detail": "FCF margin: -0.2% -> +4.4%",
      "severity": "HIGH"
    },
    {
      "quarter": "2024-06 (Q2)",
      "signal": "INCREMENTAL MARGIN (YoY)",
      "detail": "YoY Incr OPM: +65.5% vs year-ago OPM: +13.2%",
      "severity": "HIGH"
    },
    {
      "quarter": "2024-03 (Q1)",
      "signal": "GROSS MARGIN INFLECTION",
      "detail": "GM: +32.4% -> +27.7% -> +30.9% (reversal +3.2%)",
      "severity": "MEDIUM"
    },
    {
      "quarter": "2024-03 (Q1)",
      "signal": "INCREMENTAL MARGIN (YoY)",
      "detail": "YoY Incr OPM: +69.0% vs year-ago OPM: +13.7%",
      "severity": "HIGH"
    },
    {
      "quarter": "2023-12 (Q4)",
      "signal": "INCREMENTAL MARGIN (YoY)",
      "detail": "YoY Incr OPM: +59.7% vs year-ago OPM: +13.9%",
      "severity": "HIGH"
    },
    {
      "quarter": "2023-09 (Q3)",
      "signal": "FCF MARGIN EXPANSION",
      "detail": "FCF margin: +12.8% -> +36.6% (+23.8%)",
      "severity": "MEDIUM"
    },
    {
      "quarter": "2023-09 (Q3)",
      "signal": "YoY REVENUE GROWTH DECELERATION",
      "detail": "YoY growth: -19.1% vs prior quarter YoY: -1.5% (decel: -17.6%)",
      "severity": "WARNING"
    },
    {
      "quarter": "2023-09 (Q3)",
      "signal": "INCREMENTAL MARGIN (YoY)",
      "detail": "YoY Incr OPM: +30.7% vs year-ago OPM: +16.0%",
      "severity": "MEDIUM"
    },
    {
      "quarter": "2023-06 (Q2)",
      "signal": "FCF TURNED POSITIVE",
      "detail": "FCF margin: -19.5% -> +12.8%",
      "severity": "HIGH"
    },
    {
      "quarter": "2023-06 (Q2)",
      "signal": "YoY REVENUE GROWTH DECELERATION",
      "detail": "YoY growth: -1.5% vs prior quarter YoY: +5.8% (decel: -7.3%)",
      "severity": "WARNING"
    },
    {
      "quarter": "2023-06 (Q2)",
      "signal": "INCREMENTAL MARGIN (YoY)",
      "detail": "YoY Incr OPM: +295.3% vs year-ago OPM: +17.3%",
      "severity": "HIGH"
    },
    {
      "quarter": "2023-03 (Q1)",
      "signal": "YoY REVENUE GROWTH DECELERATION",
      "detail": "YoY growth: +5.8% vs prior quarter YoY: +19.4% (decel: -13.6%)",
      "severity": "WARNING"
    },
    {
      "quarter": "2022-09 (Q3)",
      "signal": "FCF MARGIN EXPANSION",
      "detail": "FCF margin: +11.3% -> +31.0% (+19.7%)",
      "severity": "MEDIUM"
    },
    {
      "quarter": "2022-09 (Q3)",
      "signal": "YoY REVENUE GROWTH DECELERATION",
      "detail": "YoY growth: +17.8% vs prior quarter YoY: +23.9% (decel: -6.2%)",
      "severity": "WARNING"
    },
    {
      "quarter": "2022-07 (Q3)",
      "signal": "FCF TURNED POSITIVE",
      "detail": "FCF margin: -40.0% -> +11.3%",
      "severity": "HIGH"
    },
    {
      "quarter": "2022-07 (Q3)",
      "signal": "YoY REVENUE GROWTH DECELERATION",
      "detail": "YoY growth: +23.9% vs prior quarter YoY: +34.4% (decel: -10.5%)",
      "severity": "WARNING"
    },
    {
      "quarter": "2022-04 (Q2)",
      "signal": "OPERATING LEVERAGE",
      "detail": "Rev growth +10.4% vs OpEx growth +2.9% (leverage: 3.5x)",
      "severity": "MEDIUM"
    },
    {
      "quarter": "2021-10 (Q4)",
      "signal": "FCF MARGIN EXPANSION",
      "detail": "FCF margin: +1.4% -> +15.9% (+14.5%)",
      "severity": "MEDIUM"
    },
    {
      "quarter": "2021-04 (Q2)",
      "signal": "FCF TURNED POSITIVE",
      "detail": "FCF margin: -10.7% -> +17.5%",
      "severity": "HIGH"
    }
  ],
  "data_quality": {
    "n_quarters": 20,
    "coverage": {
      "revenue": [
        20,
        20
      ],
      "gross_profit": [
        20,
        20
      ],
      "op_income": [
        20,
        20
      ],
      "fcf": [
        20,
        20
      ]
    },
    "gaps": [],
    "warnings": []
  },
  "market_cap": null,
  "source": "SEC EDGAR",
  "last_updated": "2026-02-02T22:08:53.107308"
}