{
  "ticker": "FOXO",
  "name": "FOXO TECHNOLOGIES INC.",
  "quarters": [
    {
      "date": "2021-09-30T00:00:00",
      "quarter_label": "2021-09 (Q3)",
      "revenue": 31000,
      "gross_profit": 0,
      "operating_income": -362063,
      "net_income": -27241000,
      "opex": 4386000,
      "cogs": 31000,
      "rd": 1665000,
      "sga": 2721000,
      "fcf": -11492616,
      "ocf": -11492616,
      "capex": null,
      "gross_margin": 0.0,
      "op_margin": -11.679451612903225,
      "fcf_margin": -370.72954838709677
    },
    {
      "date": "2021-12-31T00:00:00",
      "quarter_label": "2021-12 (Q4)",
      "revenue": 27000,
      "gross_profit": 0,
      "operating_income": -1302715,
      "net_income": -41994958,
      "opex": 3190000,
      "cogs": 27000,
      "rd": 558000,
      "sga": 2632000,
      "fcf": -3354000,
      "ocf": -3309000,
      "capex": -45000,
      "gross_margin": 0.0,
      "op_margin": -48.248703703703704,
      "fcf_margin": -124.22222222222223,
      "fcf_margin_change": 246.50732616487454
    },
    {
      "date": "2022-03-31T00:00:00",
      "quarter_label": "2022-03 (Q1)",
      "revenue": 40000,
      "gross_profit": 0,
      "operating_income": -2399430,
      "net_income": -12367000,
      "opex": 4603000,
      "cogs": 40000,
      "rd": 601000,
      "sga": 4002000,
      "fcf": -7186000,
      "ocf": -7186000,
      "capex": null,
      "gross_margin": 0.0,
      "op_margin": -59.98575,
      "fcf_margin": -179.65,
      "op_leverage_ratio": 1.0869964090063169,
      "fcf_margin_change": -55.42777777777778
    },
    {
      "date": "2022-06-30T00:00:00",
      "quarter_label": "2022-06 (Q2)",
      "revenue": 39000,
      "gross_profit": 0,
      "operating_income": -1174057,
      "net_income": -132253,
      "opex": 5969000,
      "cogs": 39000,
      "rd": 1001000,
      "sga": 4968000,
      "fcf": -7001000,
      "ocf": -7001000,
      "capex": null,
      "gross_margin": 0.0,
      "op_margin": -30.10402564102564,
      "fcf_margin": -179.51282051282053,
      "fcf_margin_change": 0.13717948717948047
    },
    {
      "date": "2022-09-30T00:00:00",
      "quarter_label": "2022-09 (Q3)",
      "revenue": 14000,
      "gross_profit": 14000,
      "operating_income": -8813000,
      "net_income": -41026000,
      "opex": 8827000,
      "cogs": 14000,
      "rd": 558000,
      "sga": 8269000,
      "fcf": -5045000,
      "ocf": -5045000,
      "capex": null,
      "gross_margin": 1.0,
      "op_margin": -629.5,
      "fcf_margin": -360.35714285714283,
      "rev_growth_yoy": -0.5483870967741935,
      "fcf_margin_change": -180.8443223443223
    },
    {
      "date": "2022-12-31T00:00:00",
      "quarter_label": "2022-12 (Q4)",
      "revenue": 418000,
      "gross_profit": 74000,
      "operating_income": -20861000,
      "net_income": -18323000,
      "opex": 20935000,
      "cogs": 418000,
      "rd": 887000,
      "sga": 9957000,
      "fcf": -4530000,
      "ocf": -4528000,
      "capex": -2000,
      "gross_margin": 0.17703349282296652,
      "op_margin": -49.9066985645933,
      "fcf_margin": -10.83732057416268,
      "rev_growth_yoy": 14.481481481481481,
      "rev_growth_yoy_accel": 15.029868578255675,
      "op_leverage_ratio": 21.037495870498844,
      "fcf_margin_change": 349.51982228298016
    },
    {
      "date": "2023-03-31T00:00:00",
      "quarter_label": "2023-03 (Q1)",
      "revenue": 13000,
      "gross_profit": 0,
      "operating_income": -7392000,
      "net_income": -7639000,
      "opex": 7405000,
      "cogs": 13000,
      "rd": 309000,
      "sga": 6332000,
      "fcf": -3360000,
      "ocf": -3360000,
      "capex": null,
      "gross_margin": 0.0,
      "op_margin": -568.6153846153846,
      "fcf_margin": -258.46153846153845,
      "rev_growth_yoy": -0.675,
      "rev_growth_yoy_accel": -15.156481481481482,
      "fcf_margin_change": -247.62421788737578
    },
    {
      "date": "2023-06-30T00:00:00",
      "quarter_label": "2023-06 (Q2)",
      "revenue": 12000,
      "gross_profit": 0,
      "operating_income": -7605000,
      "net_income": -11293000,
      "opex": 7617000,
      "cogs": 12000,
      "rd": 333000,
      "sga": 4003000,
      "fcf": -1940000,
      "ocf": -1940000,
      "capex": null,
      "gross_margin": 0.0,
      "op_margin": -633.75,
      "fcf_margin": -161.66666666666666,
      "rev_growth_yoy": -0.6923076923076923,
      "rev_growth_yoy_accel": -0.017307692307692246,
      "fcf_margin_change": 96.7948717948718
    },
    {
      "date": "2023-09-30T00:00:00",
      "quarter_label": "2023-09 (Q3)",
      "revenue": 10000,
      "gross_profit": -60000,
      "operating_income": -3507000,
      "net_income": -3660000,
      "opex": 3447000,
      "cogs": 70000,
      "rd": 283000,
      "sga": 4717000,
      "fcf": -865000,
      "ocf": -865000,
      "capex": null,
      "gross_margin": -6.0,
      "op_margin": -350.7,
      "fcf_margin": -86.5,
      "rev_growth_yoy": -0.2857142857142857,
      "rev_growth_yoy_accel": 0.4065934065934066,
      "fcf_margin_change": 75.16666666666666
    },
    {
      "date": "2023-12-31T00:00:00",
      "quarter_label": "2023-12 (Q4)",
      "revenue": 110000,
      "gross_profit": 48000,
      "operating_income": -3684000,
      "net_income": -3859000,
      "opex": 3732000,
      "cogs": 62000,
      "rd": -24000,
      "sga": 4347000,
      "fcf": -480057,
      "ocf": -480057,
      "capex": null,
      "gross_margin": 0.43636363636363634,
      "op_margin": -33.49090909090909,
      "fcf_margin": -4.364154545454546,
      "rev_growth_yoy": -0.7368421052631579,
      "rev_growth_yoy_accel": -0.45112781954887216,
      "op_leverage_ratio": 120.94736842105262,
      "fcf_margin_change": 82.13584545454546
    },
    {
      "date": "2024-03-31T00:00:00",
      "quarter_label": "2024-03 (Q1)",
      "revenue": 7000,
      "gross_profit": null,
      "operating_income": -1179000,
      "net_income": -1504000,
      "opex": 1186000,
      "cogs": null,
      "rd": 165000,
      "sga": 988000,
      "fcf": -406302,
      "ocf": -406302,
      "capex": null,
      "gross_margin": null,
      "op_margin": -168.42857142857142,
      "fcf_margin": -58.043142857142854,
      "rev_growth_yoy": -0.46153846153846156,
      "rev_growth_yoy_accel": 0.2753036437246963,
      "fcf_margin_change": -53.67898831168831
    },
    {
      "date": "2024-06-30T00:00:00",
      "quarter_label": "2024-06 (Q2)",
      "revenue": 28000,
      "gross_profit": null,
      "operating_income": -1589000,
      "net_income": -2163000,
      "opex": 1617000,
      "cogs": null,
      "rd": 104000,
      "sga": 1474000,
      "fcf": -1165460,
      "ocf": -1165460,
      "capex": null,
      "gross_margin": null,
      "op_margin": -56.75,
      "fcf_margin": -41.62357142857143,
      "rev_growth_yoy": 1.3333333333333333,
      "rev_growth_yoy_accel": 1.7948717948717947,
      "op_leverage_ratio": 8.25522041763341,
      "fcf_margin_change": 16.419571428571423
    },
    {
      "date": "2024-09-30T00:00:00",
      "quarter_label": "2024-09 (Q3)",
      "revenue": 1196000,
      "gross_profit": null,
      "operating_income": -1005000,
      "net_income": -1946000,
      "opex": 2201000,
      "cogs": null,
      "rd": 43000,
      "sga": 1733000,
      "fcf": 577184,
      "ocf": 577184,
      "capex": null,
      "gross_margin": null,
      "op_margin": -0.8403010033444817,
      "fcf_margin": 0.4825953177257525,
      "incr_op_margin_yoy": 2.109612141652614,
      "rev_growth_yoy": 118.6,
      "rev_growth_yoy_accel": 117.26666666666667,
      "op_leverage_ratio": 115.5,
      "fcf_margin_change": 42.106166746297184
    },
    {
      "date": "2024-12-31T00:00:00",
      "quarter_label": "2024-12 (Q4)",
      "revenue": 2820601,
      "gross_profit": null,
      "operating_income": -3988914,
      "net_income": -6793389,
      "opex": 6809515,
      "cogs": null,
      "rd": 267,
      "sga": 3030124,
      "fcf": -1846036,
      "ocf": -1846036,
      "capex": null,
      "gross_margin": null,
      "op_margin": -1.414207114015772,
      "fcf_margin": -0.6544832112021516,
      "incr_op_margin_yoy": -0.11248944422288637,
      "rev_growth_yoy": 24.641827272727273,
      "rev_growth_yoy_accel": -93.95817272727272,
      "op_leverage_ratio": 0.6487458216658616,
      "fcf_margin_change": -1.137078528927904
    },
    {
      "date": "2025-03-31T00:00:00",
      "quarter_label": "2025-03 (Q1)",
      "revenue": 3169920,
      "gross_profit": null,
      "operating_income": -1546980,
      "net_income": -616458,
      "opex": 4716900,
      "cogs": null,
      "rd": 30000,
      "sga": 2764086,
      "fcf": -1337591,
      "ocf": -1337591,
      "capex": null,
      "gross_margin": null,
      "op_margin": -0.4880186250757117,
      "fcf_margin": -0.42196364577024026,
      "incr_op_margin_yoy": -0.11634186131802259,
      "rev_growth_yoy": 451.8457142857143,
      "rev_growth_yoy_accel": 427.203887012987,
      "op_leverage_ratio": Infinity,
      "fcf_margin_change": 0.23251956543191132
    },
    {
      "date": "2025-06-30T00:00:00",
      "quarter_label": "2025-06 (Q2)",
      "revenue": 5218373,
      "gross_profit": null,
      "operating_income": 567121,
      "net_income": -522021,
      "opex": 4651252,
      "cogs": null,
      "rd": 40183,
      "sga": 2616866,
      "fcf": -2378712,
      "ocf": -2378712,
      "capex": null,
      "gross_margin": null,
      "op_margin": 0.10867774304366515,
      "fcf_margin": -0.45583403102844505,
      "incr_op_margin_yoy": 0.41540771732590315,
      "rev_growth_yoy": 185.3704642857143,
      "rev_growth_yoy_accel": -266.47524999999996,
      "op_leverage_ratio": Infinity,
      "fcf_margin_change": -0.033870385258204794
    },
    {
      "date": "2025-09-30T00:00:00",
      "quarter_label": "2025-09 (Q3)",
      "revenue": 3548352,
      "gross_profit": null,
      "operating_income": -859821,
      "net_income": -1876066,
      "opex": 4408173,
      "cogs": null,
      "rd": 77096,
      "sga": 2474492,
      "fcf": -44784,
      "ocf": -44784,
      "capex": null,
      "gross_margin": null,
      "op_margin": -0.24231558763053948,
      "fcf_margin": -0.012621070288404307,
      "incr_op_margin_yoy": 0.06171652881881623,
      "rev_growth_yoy": 1.9668494983277591,
      "rev_growth_yoy_accel": -183.40361478738654,
      "fcf_margin_change": 0.44321296074004074
    }
  ],
  "signals": [
    {
      "quarter": "2025-09 (Q3)",
      "signal": "FCF MARGIN EXPANSION",
      "detail": "FCF margin: -45.6% -> -1.3% (+44.3%)",
      "severity": "MEDIUM"
    },
    {
      "quarter": "2025-09 (Q3)",
      "signal": "YoY REVENUE GROWTH DECELERATION",
      "detail": "YoY growth: +196.7% vs prior quarter YoY: +18537.0% (decel: -18340.4%)",
      "severity": "WARNING"
    },
    {
      "quarter": "2025-06 (Q2)",
      "signal": "YoY REVENUE GROWTH DECELERATION",
      "detail": "YoY growth: +18537.0% vs prior quarter YoY: +45184.6% (decel: -26647.5%)",
      "severity": "WARNING"
    },
    {
      "quarter": "2025-06 (Q2)",
      "signal": "OP MARGIN TURNED POSITIVE (YoY)",
      "detail": "Op margin: -5675.0% (year-ago) -> +10.9%",
      "severity": "HIGH"
    },
    {
      "quarter": "2025-06 (Q2)",
      "signal": "OP MARGIN TURNED POSITIVE (QoQ)",
      "detail": "Op margin: -48.8% -> +10.9%",
      "severity": "HIGH"
    },
    {
      "quarter": "2025-03 (Q1)",
      "signal": "FCF MARGIN EXPANSION",
      "detail": "FCF margin: -65.4% -> -42.2% (+23.3%)",
      "severity": "MEDIUM"
    },
    {
      "quarter": "2025-03 (Q1)",
      "signal": "YoY REVENUE GROWTH ACCELERATION",
      "detail": "YoY growth: +45184.6% vs prior quarter YoY: +2464.2% (accel: +42720.4%)",
      "severity": "HIGH"
    },
    {
      "quarter": "2024-12 (Q4)",
      "signal": "YoY REVENUE GROWTH DECELERATION",
      "detail": "YoY growth: +2464.2% vs prior quarter YoY: +11860.0% (decel: -9395.8%)",
      "severity": "WARNING"
    },
    {
      "quarter": "2024-09 (Q3)",
      "signal": "FCF TURNED POSITIVE",
      "detail": "FCF margin: -4162.4% -> +48.3%",
      "severity": "HIGH"
    },
    {
      "quarter": "2024-09 (Q3)",
      "signal": "OPERATING LEVERAGE",
      "detail": "Rev growth +4171.4% vs OpEx growth +36.1% (leverage: 115.5x)",
      "severity": "MEDIUM"
    },
    {
      "quarter": "2024-09 (Q3)",
      "signal": "YoY REVENUE GROWTH ACCELERATION",
      "detail": "YoY growth: +11860.0% vs prior quarter YoY: +133.3% (accel: +11726.7%)",
      "severity": "HIGH"
    },
    {
      "quarter": "2024-06 (Q2)",
      "signal": "FCF MARGIN EXPANSION",
      "detail": "FCF margin: -5804.3% -> -4162.4% (+1642.0%)",
      "severity": "MEDIUM"
    },
    {
      "quarter": "2024-06 (Q2)",
      "signal": "OPERATING LEVERAGE",
      "detail": "Rev growth +300.0% vs OpEx growth +36.3% (leverage: 8.3x)",
      "severity": "MEDIUM"
    },
    {
      "quarter": "2024-06 (Q2)",
      "signal": "YoY REVENUE GROWTH ACCELERATION",
      "detail": "YoY growth: +133.3% vs prior quarter YoY: -46.2% (accel: +179.5%)",
      "severity": "HIGH"
    },
    {
      "quarter": "2024-03 (Q1)",
      "signal": "YoY REVENUE GROWTH ACCELERATION",
      "detail": "YoY growth: -46.2% vs prior quarter YoY: -73.7% (accel: +27.5%)",
      "severity": "HIGH"
    },
    {
      "quarter": "2023-12 (Q4)",
      "signal": "FCF MARGIN EXPANSION",
      "detail": "FCF margin: -8650.0% -> -436.4% (+8213.6%)",
      "severity": "MEDIUM"
    },
    {
      "quarter": "2023-12 (Q4)",
      "signal": "OPERATING LEVERAGE",
      "detail": "Rev growth +1000.0% vs OpEx growth +8.3% (leverage: 120.9x)",
      "severity": "MEDIUM"
    },
    {
      "quarter": "2023-12 (Q4)",
      "signal": "GROSS MARGIN INFLECTION",
      "detail": "GM: +0.0% -> -600.0% -> +43.6% (reversal +643.6%)",
      "severity": "HIGH"
    },
    {
      "quarter": "2023-12 (Q4)",
      "signal": "YoY REVENUE GROWTH DECELERATION",
      "detail": "YoY growth: -73.7% vs prior quarter YoY: -28.6% (decel: -45.1%)",
      "severity": "WARNING"
    },
    {
      "quarter": "2023-09 (Q3)",
      "signal": "FCF MARGIN EXPANSION",
      "detail": "FCF margin: -16166.7% -> -8650.0% (+7516.7%)",
      "severity": "MEDIUM"
    },
    {
      "quarter": "2023-09 (Q3)",
      "signal": "YoY REVENUE GROWTH ACCELERATION",
      "detail": "YoY growth: -28.6% vs prior quarter YoY: -69.2% (accel: +40.7%)",
      "severity": "HIGH"
    },
    {
      "quarter": "2023-06 (Q2)",
      "signal": "FCF MARGIN EXPANSION",
      "detail": "FCF margin: -25846.2% -> -16166.7% (+9679.5%)",
      "severity": "MEDIUM"
    },
    {
      "quarter": "2023-03 (Q1)",
      "signal": "YoY REVENUE GROWTH DECELERATION",
      "detail": "YoY growth: -67.5% vs prior quarter YoY: +1448.1% (decel: -1515.6%)",
      "severity": "WARNING"
    },
    {
      "quarter": "2022-12 (Q4)",
      "signal": "FCF MARGIN EXPANSION",
      "detail": "FCF margin: -36035.7% -> -1083.7% (+34952.0%)",
      "severity": "MEDIUM"
    },
    {
      "quarter": "2022-12 (Q4)",
      "signal": "OPERATING LEVERAGE",
      "detail": "Rev growth +2885.7% vs OpEx growth +137.2% (leverage: 21.0x)",
      "severity": "MEDIUM"
    },
    {
      "quarter": "2022-12 (Q4)",
      "signal": "YoY REVENUE GROWTH ACCELERATION",
      "detail": "YoY growth: +1448.1% vs prior quarter YoY: -54.8% (accel: +1503.0%)",
      "severity": "HIGH"
    },
    {
      "quarter": "2022-06 (Q2)",
      "signal": "FCF MARGIN EXPANSION",
      "detail": "FCF margin: -17965.0% -> -17951.3% (+13.7%)",
      "severity": "MEDIUM"
    },
    {
      "quarter": "2021-12 (Q4)",
      "signal": "FCF MARGIN EXPANSION",
      "detail": "FCF margin: -37073.0% -> -12422.2% (+24650.7%)",
      "severity": "MEDIUM"
    }
  ],
  "data_quality": {
    "n_quarters": 17,
    "coverage": {
      "revenue": [
        17,
        17
      ],
      "gross_profit": [
        10,
        17
      ],
      "op_income": [
        17,
        17
      ],
      "fcf": [
        17,
        17
      ]
    },
    "gaps": [],
    "warnings": [
      "gross_profit: 10/17Q"
    ]
  },
  "market_cap": null,
  "source": "SEC EDGAR",
  "last_updated": "2026-02-03T00:36:33.031447",
  "sector": "Healthcare",
  "industry": "Health Information Services"
}