{
  "ticker": "FRD",
  "name": "FRIEDMAN INDUSTRIES INC",
  "quarters": [
    {
      "date": "2020-12-31T00:00:00",
      "quarter_label": "2020-12 (Q4)",
      "revenue": 28502049,
      "gross_profit": 4495849,
      "operating_income": 2764558,
      "net_income": 2129745,
      "opex": 736000,
      "cogs": 24006200,
      "rd": null,
      "sga": 1725143,
      "fcf": -173209,
      "ocf": 1121347,
      "capex": -1294556,
      "gross_margin": 0.15773774720547284,
      "op_margin": 0.09699506165328675,
      "fcf_margin": -0.006077071862447503
    },
    {
      "date": "2021-03-31T00:00:00",
      "quarter_label": "2021-03 (Q1)",
      "revenue": 49214204,
      "gross_profit": 17741498,
      "operating_income": 14418836,
      "net_income": 10403597,
      "opex": 108189138,
      "cogs": 31472706,
      "rd": null,
      "sga": 3316399,
      "fcf": 3207838,
      "ocf": 3589262,
      "capex": -381424,
      "gross_margin": 0.36049547809408844,
      "op_margin": 0.2929811889266765,
      "fcf_margin": 0.06518114160700435,
      "op_leverage_ratio": 0.004977461580856611,
      "fcf_margin_change": 0.07125821346945185
    },
    {
      "date": "2021-06-30T00:00:00",
      "quarter_label": "2021-06 (Q2)",
      "revenue": 65916439,
      "gross_profit": 17329935,
      "operating_income": 13956615,
      "net_income": 11311797,
      "opex": 1876000,
      "cogs": 48586504,
      "rd": null,
      "sga": 3350110,
      "fcf": -638408,
      "ocf": 2117857,
      "capex": -2756265,
      "gross_margin": 0.26290763370879305,
      "op_margin": 0.2117319323029571,
      "fcf_margin": -0.009685110568548766,
      "op_leverage_ratio": Infinity,
      "fcf_margin_change": -0.07486625217555311
    },
    {
      "date": "2021-09-30T00:00:00",
      "quarter_label": "2021-09 (Q3)",
      "revenue": 92570895,
      "gross_profit": 29694982,
      "operating_income": 24332631,
      "net_income": 13177614,
      "opex": 1866000,
      "cogs": 62875913,
      "rd": null,
      "sga": 5290055,
      "fcf": -26858393,
      "ocf": -26708907,
      "capex": -149486,
      "gross_margin": 0.3207809754891103,
      "op_margin": 0.2628540104316805,
      "fcf_margin": -0.29013863374660037,
      "op_leverage_ratio": Infinity,
      "fcf_margin_change": -0.2804535231780516
    },
    {
      "date": "2021-12-31T00:00:00",
      "quarter_label": "2021-12 (Q4)",
      "revenue": 51655943,
      "gross_profit": -3604021,
      "operating_income": -5656648,
      "net_income": -2961833,
      "opex": 920000,
      "cogs": 55259964,
      "rd": null,
      "sga": 1994242,
      "fcf": -2790589,
      "ocf": 1653741,
      "capex": -4444330,
      "gross_margin": -0.06976972620555974,
      "op_margin": -0.10950623822703227,
      "fcf_margin": -0.054022612654656216,
      "incr_op_margin_yoy": -0.36370581985043204,
      "rev_growth_yoy": 0.8123589290019114,
      "fcf_margin_change": 0.23611602109194416
    },
    {
      "date": "2022-03-31T00:00:00",
      "quarter_label": "2022-03 (Q1)",
      "revenue": 75091475,
      "gross_profit": -2433618,
      "operating_income": -4368006,
      "net_income": -7461256,
      "opex": 252308160,
      "cogs": 77525093,
      "rd": null,
      "sga": 1832959,
      "fcf": 8825390,
      "ocf": 9540309,
      "capex": -714919,
      "gross_margin": -0.03240871217405172,
      "op_margin": -0.0581691330473932,
      "fcf_margin": 0.11752852104716281,
      "incr_op_margin_yoy": -0.7259978071103402,
      "rev_growth_yoy": 0.5258089920544077,
      "rev_growth_yoy_accel": -0.28654993694750375,
      "op_leverage_ratio": 0.0016603419109182253,
      "fcf_margin_change": 0.17155113370181901
    },
    {
      "date": "2022-06-30T00:00:00",
      "quarter_label": "2022-06 (Q2)",
      "revenue": 161803090,
      "gross_profit": 18671928,
      "operating_income": 11889755,
      "net_income": 11184374,
      "opex": 149913335,
      "cogs": 143131162,
      "rd": null,
      "sga": 6352792,
      "fcf": -24157000,
      "ocf": -21345000,
      "capex": -2812000,
      "gross_margin": 0.11539908168626446,
      "op_margin": 0.07348286735438736,
      "fcf_margin": -0.1492987556665327,
      "incr_op_margin_yoy": -0.02155524234546475,
      "rev_growth_yoy": 1.4546697675825602,
      "rev_growth_yoy_accel": 0.9288607755281525,
      "op_leverage_ratio": Infinity,
      "fcf_margin_change": -0.2668272767136955
    },
    {
      "date": "2022-09-30T00:00:00",
      "quarter_label": "2022-09 (Q3)",
      "revenue": 149692409,
      "gross_profit": 4678392,
      "operating_income": -550657,
      "net_income": 2470908,
      "opex": 150243066,
      "cogs": 145014017,
      "rd": null,
      "sga": 4607834,
      "fcf": 71613000,
      "ocf": 75995000,
      "capex": -4382000,
      "gross_margin": 0.031253368365526134,
      "op_margin": -0.0036785900078607193,
      "fcf_margin": 0.47840101230517307,
      "incr_op_margin_yoy": -0.43562024634010926,
      "rev_growth_yoy": 0.6170569486229986,
      "rev_growth_yoy_accel": -0.8376128189595615,
      "fcf_margin_change": 0.6276997679717058
    },
    {
      "date": "2022-12-31T00:00:00",
      "quarter_label": "2022-12 (Q4)",
      "revenue": 111860093,
      "gross_profit": 6129834,
      "operating_income": 1428984,
      "net_income": 1375893,
      "opex": 110431109,
      "cogs": 105730259,
      "rd": null,
      "sga": 4700850,
      "fcf": -11636000,
      "ocf": -10551000,
      "capex": -1085000,
      "gross_margin": 0.05479911410408,
      "op_margin": 0.012774743536106303,
      "fcf_margin": -0.10402279926586508,
      "incr_op_margin_yoy": 0.11769341482273232,
      "rev_growth_yoy": 1.1654835146461269,
      "rev_growth_yoy_accel": 0.5484265660231282,
      "fcf_margin_change": -0.5824238115710382
    },
    {
      "date": "2023-03-31T00:00:00",
      "quarter_label": "2023-03 (Q1)",
      "revenue": 124186408,
      "gross_profit": 13604846,
      "operating_income": 7255322,
      "net_income": 6312825,
      "opex": 116931086,
      "cogs": 110581562,
      "rd": null,
      "sga": 6349524,
      "fcf": 11620000,
      "ocf": 19795000,
      "capex": -8175000,
      "gross_margin": 0.10955181182146762,
      "op_margin": 0.05842283480813778,
      "fcf_margin": 0.09356901602307396,
      "incr_op_margin_yoy": 0.23675209007821643,
      "rev_growth_yoy": 0.6538016865429798,
      "rev_growth_yoy_accel": -0.5116818281031471,
      "op_leverage_ratio": 1.8721373148135354,
      "fcf_margin_change": 0.19759181528893904
    },
    {
      "date": "2023-06-30T00:00:00",
      "quarter_label": "2023-06 (Q2)",
      "revenue": 137298000,
      "gross_profit": 16329000,
      "operating_income": 10357000,
      "net_income": 7690000,
      "opex": 126941000,
      "cogs": 120969000,
      "rd": null,
      "sga": 5972000,
      "fcf": -5033000,
      "ocf": -4583000,
      "capex": -450000,
      "gross_margin": 0.11893108421098632,
      "op_margin": 0.07543445643782139,
      "fcf_margin": -0.03665748954828184,
      "incr_op_margin_yoy": 0.0625484338151788,
      "rev_growth_yoy": -0.15145007428473709,
      "rev_growth_yoy_accel": -0.8052517608277169,
      "op_leverage_ratio": 1.2333348344963102,
      "fcf_margin_change": -0.1302265055713558
    },
    {
      "date": "2023-09-30T00:00:00",
      "quarter_label": "2023-09 (Q3)",
      "revenue": 130748000,
      "gross_profit": 5821000,
      "operating_income": 1055000,
      "net_income": 3513000,
      "opex": 129693000,
      "cogs": 124927000,
      "rd": null,
      "sga": 4766000,
      "fcf": -18086000,
      "ocf": -15653000,
      "capex": -2433000,
      "gross_margin": 0.04452075748768623,
      "op_margin": 0.008068957077737327,
      "fcf_margin": -0.13832716370422493,
      "incr_op_margin_yoy": -0.08475624655274282,
      "rev_growth_yoy": -0.12655557570724912,
      "rev_growth_yoy_accel": 0.02489449857748796,
      "fcf_margin_change": -0.1016696741559431
    },
    {
      "date": "2023-12-31T00:00:00",
      "quarter_label": "2023-12 (Q4)",
      "revenue": 115973000,
      "gross_profit": 10442000,
      "operating_income": 6173000,
      "net_income": 1184000,
      "opex": 109800000,
      "cogs": 105531000,
      "rd": null,
      "sga": 4269000,
      "fcf": 19362000,
      "ocf": 21253000,
      "capex": -1891000,
      "gross_margin": 0.09003819854621334,
      "op_margin": 0.053227906495477394,
      "fcf_margin": 0.1669526527726281,
      "incr_op_margin_yoy": 1.1534459689946794,
      "rev_growth_yoy": 0.036768313789976914,
      "rev_growth_yoy_accel": 0.16332388949722604,
      "fcf_margin_change": 0.30527981647685304
    },
    {
      "date": "2024-03-31T00:00:00",
      "quarter_label": "2024-03 (Q1)",
      "revenue": 132232000,
      "gross_profit": -8074000,
      "operating_income": 6933000,
      "net_income": 4958000,
      "opex": 125299000,
      "cogs": 140306000,
      "rd": null,
      "sga": 6032000,
      "fcf": 2944000,
      "ocf": 3962000,
      "capex": -1018000,
      "gross_margin": -0.06105935023292395,
      "op_margin": 0.05243057656240547,
      "fcf_margin": 0.022263899812450843,
      "incr_op_margin_yoy": -0.04006193702091779,
      "rev_growth_yoy": 0.06478641366291873,
      "rev_growth_yoy_accel": 0.02801809987294182,
      "op_leverage_ratio": 0.9931974623066026,
      "fcf_margin_change": -0.14468875296017727
    },
    {
      "date": "2024-06-30T00:00:00",
      "quarter_label": "2024-06 (Q2)",
      "revenue": 114551000,
      "gross_profit": -1398000,
      "operating_income": -1398000,
      "net_income": 2567000,
      "opex": 115949000,
      "cogs": 115949000,
      "rd": null,
      "sga": 4511000,
      "fcf": -7113000,
      "ocf": -6059000,
      "capex": -1054000,
      "gross_margin": -0.012204171067908618,
      "op_margin": -0.012204171067908618,
      "fcf_margin": -0.06209461287985264,
      "incr_op_margin_yoy": 0.5167714423880072,
      "rev_growth_yoy": -0.1656761205552885,
      "rev_growth_yoy_accel": -0.23046253421820723,
      "fcf_margin_change": -0.08435851269230349
    },
    {
      "date": "2024-09-30T00:00:00",
      "quarter_label": "2024-09 (Q3)",
      "revenue": 106759000,
      "gross_profit": -224000,
      "operating_income": -224000,
      "net_income": -675000,
      "opex": 106983000,
      "cogs": 106983000,
      "rd": null,
      "sga": 3935000,
      "fcf": 9937000,
      "ocf": 10783000,
      "capex": -846000,
      "gross_margin": -0.0020981837596830244,
      "op_margin": -0.0020981837596830244,
      "fcf_margin": 0.09307880366058131,
      "incr_op_margin_yoy": 0.05331610321397307,
      "rev_growth_yoy": -0.18347508183681585,
      "rev_growth_yoy_accel": -0.01779896128152736,
      "fcf_margin_change": 0.15517341654043396
    },
    {
      "date": "2024-12-31T00:00:00",
      "quarter_label": "2024-12 (Q4)",
      "revenue": 94074000,
      "gross_profit": null,
      "operating_income": -1187000,
      "net_income": -1152000,
      "opex": 95636000,
      "cogs": null,
      "rd": null,
      "sga": 3887000,
      "fcf": 1554000,
      "ocf": 2699000,
      "capex": -1145000,
      "gross_margin": null,
      "op_margin": -0.012617726470650764,
      "fcf_margin": 0.016518910644811532,
      "incr_op_margin_yoy": 0.3360884058632814,
      "rev_growth_yoy": -0.18882843420451312,
      "rev_growth_yoy_accel": -0.005353352367697267,
      "fcf_margin_change": -0.07655989301576978
    },
    {
      "date": "2025-03-31T00:00:00",
      "quarter_label": "2025-03 (Q1)",
      "revenue": 129216000,
      "gross_profit": null,
      "operating_income": 5852000,
      "net_income": 5345000,
      "opex": 123469000,
      "cogs": null,
      "rd": null,
      "sga": 3838000,
      "fcf": -12790000,
      "ocf": -11833000,
      "capex": -957000,
      "gross_margin": null,
      "op_margin": 0.045288509162951955,
      "fcf_margin": -0.09898155027241208,
      "incr_op_margin_yoy": 0.35842175066313,
      "rev_growth_yoy": -0.02280839736221187,
      "rev_growth_yoy_accel": 0.16602003684230124,
      "op_leverage_ratio": 1.2835661270354035,
      "fcf_margin_change": -0.11550046091722362
    },
    {
      "date": "2025-06-30T00:00:00",
      "quarter_label": "2025-06 (Q2)",
      "revenue": 134777000,
      "gross_profit": 7043000,
      "operating_income": 7043000,
      "net_income": 5028000,
      "opex": 127734000,
      "cogs": 127734000,
      "rd": null,
      "sga": 5455000,
      "fcf": 13708000,
      "ocf": 15489000,
      "capex": -1781000,
      "gross_margin": 0.05225669068164449,
      "op_margin": 0.05225669068164449,
      "fcf_margin": 0.10170874852534185,
      "incr_op_margin_yoy": 0.4173341243943439,
      "rev_growth_yoy": 0.17656764236017145,
      "rev_growth_yoy_accel": 0.19937603972238332,
      "op_leverage_ratio": 1.245877943606663,
      "fcf_margin_change": 0.20069029879775394
    },
    {
      "date": "2025-09-30T00:00:00",
      "quarter_label": "2025-09 (Q3)",
      "revenue": 152383000,
      "gross_profit": 2879000,
      "operating_income": 2879000,
      "net_income": 2240000,
      "opex": 149504000,
      "cogs": 149504000,
      "rd": null,
      "sga": 6287000,
      "fcf": -2023000,
      "ocf": 434000,
      "capex": -2457000,
      "gross_margin": 0.018893183622845068,
      "op_margin": 0.018893183622845068,
      "fcf_margin": -0.013275759106987,
      "incr_op_margin_yoy": 0.06801244958793617,
      "rev_growth_yoy": 0.4273550707668674,
      "rev_growth_yoy_accel": 0.250787428406696,
      "op_leverage_ratio": 0.7664661784041786,
      "fcf_margin_change": -0.11498450763232886
    }
  ],
  "signals": [
    {
      "quarter": "2025-09 (Q3)",
      "signal": "YoY REVENUE GROWTH ACCELERATION",
      "detail": "YoY growth: +42.7% vs prior quarter YoY: +17.7% (accel: +25.1%)",
      "severity": "HIGH"
    },
    {
      "quarter": "2025-09 (Q3)",
      "signal": "OP MARGIN TURNED POSITIVE (YoY)",
      "detail": "Op margin: -0.2% (year-ago) -> +1.9%",
      "severity": "HIGH"
    },
    {
      "quarter": "2025-06 (Q2)",
      "signal": "FCF TURNED POSITIVE",
      "detail": "FCF margin: -9.9% -> +10.2%",
      "severity": "HIGH"
    },
    {
      "quarter": "2025-06 (Q2)",
      "signal": "YoY REVENUE GROWTH ACCELERATION",
      "detail": "YoY growth: +17.7% vs prior quarter YoY: -2.3% (accel: +19.9%)",
      "severity": "HIGH"
    },
    {
      "quarter": "2025-06 (Q2)",
      "signal": "OP MARGIN TURNED POSITIVE (YoY)",
      "detail": "Op margin: -1.2% (year-ago) -> +5.2%",
      "severity": "HIGH"
    },
    {
      "quarter": "2025-03 (Q1)",
      "signal": "YoY REVENUE GROWTH ACCELERATION",
      "detail": "YoY growth: -2.3% vs prior quarter YoY: -18.9% (accel: +16.6%)",
      "severity": "HIGH"
    },
    {
      "quarter": "2025-03 (Q1)",
      "signal": "INCREMENTAL MARGIN (YoY)",
      "detail": "YoY Incr OPM: +35.8% vs year-ago OPM: +5.2%",
      "severity": "HIGH"
    },
    {
      "quarter": "2025-03 (Q1)",
      "signal": "OP MARGIN TURNED POSITIVE (QoQ)",
      "detail": "Op margin: -1.3% -> +4.5%",
      "severity": "HIGH"
    },
    {
      "quarter": "2024-09 (Q3)",
      "signal": "FCF TURNED POSITIVE",
      "detail": "FCF margin: -6.2% -> +9.3%",
      "severity": "HIGH"
    },
    {
      "quarter": "2024-06 (Q2)",
      "signal": "GROSS MARGIN INFLECTION",
      "detail": "GM: +9.0% -> -6.1% -> -1.2% (reversal +4.9%)",
      "severity": "MEDIUM"
    },
    {
      "quarter": "2024-06 (Q2)",
      "signal": "YoY REVENUE GROWTH DECELERATION",
      "detail": "YoY growth: -16.6% vs prior quarter YoY: +6.5% (decel: -23.0%)",
      "severity": "WARNING"
    },
    {
      "quarter": "2023-12 (Q4)",
      "signal": "FCF TURNED POSITIVE",
      "detail": "FCF margin: -13.8% -> +16.7%",
      "severity": "HIGH"
    },
    {
      "quarter": "2023-12 (Q4)",
      "signal": "GROSS MARGIN INFLECTION",
      "detail": "GM: +11.9% -> +4.5% -> +9.0% (reversal +4.6%)",
      "severity": "MEDIUM"
    },
    {
      "quarter": "2023-12 (Q4)",
      "signal": "YoY REVENUE GROWTH ACCELERATION",
      "detail": "YoY growth: +3.7% vs prior quarter YoY: -12.7% (accel: +16.3%)",
      "severity": "HIGH"
    },
    {
      "quarter": "2023-12 (Q4)",
      "signal": "INCREMENTAL MARGIN (YoY)",
      "detail": "YoY Incr OPM: +115.3% vs year-ago OPM: +1.3%",
      "severity": "HIGH"
    },
    {
      "quarter": "2023-09 (Q3)",
      "signal": "OP MARGIN TURNED POSITIVE (YoY)",
      "detail": "Op margin: -0.4% (year-ago) -> +0.8%",
      "severity": "HIGH"
    },
    {
      "quarter": "2023-06 (Q2)",
      "signal": "YoY REVENUE GROWTH DECELERATION",
      "detail": "YoY growth: -15.1% vs prior quarter YoY: +65.4% (decel: -80.5%)",
      "severity": "WARNING"
    },
    {
      "quarter": "2023-03 (Q1)",
      "signal": "FCF TURNED POSITIVE",
      "detail": "FCF margin: -10.4% -> +9.4%",
      "severity": "HIGH"
    },
    {
      "quarter": "2023-03 (Q1)",
      "signal": "OPERATING LEVERAGE",
      "detail": "Rev growth +11.0% vs OpEx growth +5.9% (leverage: 1.9x)",
      "severity": "MEDIUM"
    },
    {
      "quarter": "2023-03 (Q1)",
      "signal": "YoY REVENUE GROWTH DECELERATION",
      "detail": "YoY growth: +65.4% vs prior quarter YoY: +116.5% (decel: -51.2%)",
      "severity": "WARNING"
    },
    {
      "quarter": "2023-03 (Q1)",
      "signal": "OP MARGIN TURNED POSITIVE (YoY)",
      "detail": "Op margin: -5.8% (year-ago) -> +5.8%",
      "severity": "HIGH"
    },
    {
      "quarter": "2022-12 (Q4)",
      "signal": "GROSS MARGIN INFLECTION",
      "detail": "GM: +11.5% -> +3.1% -> +5.5% (reversal +2.4%)",
      "severity": "MEDIUM"
    },
    {
      "quarter": "2022-12 (Q4)",
      "signal": "YoY REVENUE GROWTH ACCELERATION",
      "detail": "YoY growth: +116.5% vs prior quarter YoY: +61.7% (accel: +54.8%)",
      "severity": "HIGH"
    },
    {
      "quarter": "2022-12 (Q4)",
      "signal": "OP MARGIN TURNED POSITIVE (YoY)",
      "detail": "Op margin: -11.0% (year-ago) -> +1.3%",
      "severity": "HIGH"
    },
    {
      "quarter": "2022-12 (Q4)",
      "signal": "OP MARGIN TURNED POSITIVE (QoQ)",
      "detail": "Op margin: -0.4% -> +1.3%",
      "severity": "HIGH"
    },
    {
      "quarter": "2022-09 (Q3)",
      "signal": "FCF TURNED POSITIVE",
      "detail": "FCF margin: -14.9% -> +47.8%",
      "severity": "HIGH"
    },
    {
      "quarter": "2022-09 (Q3)",
      "signal": "YoY REVENUE GROWTH DECELERATION",
      "detail": "YoY growth: +61.7% vs prior quarter YoY: +145.5% (decel: -83.8%)",
      "severity": "WARNING"
    },
    {
      "quarter": "2022-06 (Q2)",
      "signal": "YoY REVENUE GROWTH ACCELERATION",
      "detail": "YoY growth: +145.5% vs prior quarter YoY: +52.6% (accel: +92.9%)",
      "severity": "HIGH"
    },
    {
      "quarter": "2022-06 (Q2)",
      "signal": "OP MARGIN TURNED POSITIVE (QoQ)",
      "detail": "Op margin: -5.8% -> +7.3%",
      "severity": "HIGH"
    },
    {
      "quarter": "2022-03 (Q1)",
      "signal": "FCF TURNED POSITIVE",
      "detail": "FCF margin: -5.4% -> +11.8%",
      "severity": "HIGH"
    },
    {
      "quarter": "2022-03 (Q1)",
      "signal": "GROSS MARGIN INFLECTION",
      "detail": "GM: +32.1% -> -7.0% -> -3.2% (reversal +3.7%)",
      "severity": "MEDIUM"
    },
    {
      "quarter": "2022-03 (Q1)",
      "signal": "YoY REVENUE GROWTH DECELERATION",
      "detail": "YoY growth: +52.6% vs prior quarter YoY: +81.2% (decel: -28.7%)",
      "severity": "WARNING"
    },
    {
      "quarter": "2021-12 (Q4)",
      "signal": "FCF MARGIN EXPANSION",
      "detail": "FCF margin: -29.0% -> -5.4% (+23.6%)",
      "severity": "MEDIUM"
    },
    {
      "quarter": "2021-09 (Q3)",
      "signal": "GROSS MARGIN INFLECTION",
      "detail": "GM: +36.0% -> +26.3% -> +32.1% (reversal +5.8%)",
      "severity": "HIGH"
    },
    {
      "quarter": "2021-03 (Q1)",
      "signal": "FCF TURNED POSITIVE",
      "detail": "FCF margin: -0.6% -> +6.5%",
      "severity": "HIGH"
    }
  ],
  "data_quality": {
    "n_quarters": 20,
    "coverage": {
      "revenue": [
        20,
        20
      ],
      "gross_profit": [
        18,
        20
      ],
      "op_income": [
        20,
        20
      ],
      "fcf": [
        20,
        20
      ]
    },
    "gaps": [],
    "warnings": []
  },
  "market_cap": null,
  "source": "SEC EDGAR",
  "last_updated": "2026-02-02T23:13:38.028492"
}